@book{Allen2010,
author = {R.~{Allen, T.~M., R.~Trezza, and J.~Kjaersgaard}},
title = {{METRIC. Mapping Evapotranspiration at High Resolution. Applications Manual for Landsat Satellite Imagery}},
publisher = {University of Idaho Kimberly Idaho version 2.0.5 edition January},
year = {2010}
}
@book{Allen2011,
author = {R.~{Allen, A.~Irmak, R.~Trezza, J.~M.~H. Hendrickx, W.~Bastiaanssen, and J.~Kjaersgaard}},
title = {{Satellite-based ET estimation in agriculture using SEBAL and METRIC}},
publisher = {Hydrological Processes 25 (26): ,Dec  ISSN 08856087 doi10.1002/hyp.8408},
pages = {4011--4027},
year = {2011}
}
@book{Allen1996,
author = {R.~G. {Allen}},
title = {{Assessing integrity of weather data for reference evapotranspiration estimation}},
publisher = {Journal of Irrigation and Drainage Engineering 122(2):   ISSN 0733-9437 doi10.1061/(ASCE)0733-9437()122:2(97)},
pages = {97--106},
year = {1996}
}
@book{Allen1998,
author = {R.~G. {Allen, L.~S. Pereira, D.~Raes, and M.~Smith}},
title = {{Crop evapotranspiration - Guidelines for computing crop water requirements, volume~56}},
publisher = {Food & Agriculture Org},
year = {1998},
isbn = {92-5-104219-5}
}
@book{ASCE2005,
author = {R.~G. {Allen, I.~A. Walter, E.~R., T.~Howell, D.~Itenfisu, and M.~Jensen}},
title = {{The ASCE standardized reference evapotranspiration equation}},
publisher = {Technical report},
year = {2005}
}
@book{Allen2007b,
author = {R.~G. {Allen, M.~Tasumi, A.~Morse, R.~Trezza, J.~L. Wright, W.~Bastiaanssen, W.~Kramber, I.~Lorite, and C.~W. Robison}},
title = {{Satellite-based energy balance for mapping evapotranspiration with internalized calibration (METRIC)—applications}},
publisher = {Journal of Irrigation and Drainage Engineering 133(4):  Aug natexlaba ISSN 0733-9437 doi10.1061/(ASCE)0733-9437()133:4(395)},
pages = {395--406},
year = {2007}
}
@book{Allen2007a,
author = {R.~G. {Allen, M.~Tasumi, and R.~Trezza}},
title = {{Satellite-based energy balance for mapping evapotranspiration with internalized calibration (METRIC)—model}},
publisher = {Journal of Irrigation and Drainage Engineering 133:380 natexlabb},
year = {2007}
}
@book{allenautomated2013,
author = {R.~G. {Allen, B.~Burnett, W.~Kramber, J.~Huntington, J.~Kjaersgaard, A.~Kilic, C.~Kelly, and R.~Trezza}},
title = {{Automated calibration of the METRIC-Landsat evapotranspiration process}},
publisher = {JAWRA Journal of the American Water Resources Association,49 (3):  June natexlaba ISSN 1093474X doi10.1111/jawr.12056},
pages = {563--576},
year = {2013}
}
@book{Allen2013,
author = {R.~G. {Allen, R.~Trezza, A.~Kilic, M.~Tasumi, and H.~Li}},
title = {{Sensitivity of landsat-scale energy balance to aerodynamic variability in mountains and complex terrain}},
publisher = {JAWRA Journal of the American Water Resources Association,49 (3):  June natexlabb ISSN 1093474X doi10.1111/jawr.12055},
pages = {592--604},
year = {2013}
}
@book{baruch1991factores,
author = {Z.~{Baruch and M.~Fisher}},
title = {{Factores clim'aticos y de competencia que afectan el desarrollo de la planta en el establecimiento de una pastura}},
publisher = {Establecimiento y renovaci'on de pasturas CIAT Cali,Colombia pages},
pages = {103--142},
year = {1991}
}
@book{Bastiaanssen1998a,
author = {W.~{Bastiaanssen, M.~Menenti, R.~Feddes, and A.~Holtslag}},
title = {{A remote sensing surface energy balance algorithm for land (SEBAL). 1. Formulation}},
publisher = {Journal of Hydrology 212-213:  Dec.natexlaba ISSN 00221694 doi10.1016/S0022-1694(98)00253-4},
pages = {198--212},
year = {1998}
}
@book{Bastiaanssen1998b,
author = {W.~G.~M. {Bastiaanssen, M.~Menenti, R.~a. Feddes, and a.~a.~M. Holtslag}},
title = {{A remote sensing surface energy balance algorithm for land (SEBAL): 2. Validation}},
publisher = {Journal of Hydrology 212-213 (1-4): natexlabb ISSN 00221694 doi10.1016/S0022-1694(98)00253-4},
pages = {198--212},
year = {1998}
}
@book{Carrasco-Benavides2012,
author = {M.~{Carrasco-Benavides, S.~Ortega-Far{\'{\i}}as, L.~O. Lagos, J.~Kleissl, L.~Morales, C.~Poblete-Echeverr{\'{\i}}a, and R.~G. Allen}},
title = {{Crop coefficients and actual evapotranspiration of a drip-irrigated Merlot vineyard using multispectral satellite images}},
publisher = {Irrigation Science 30 (6):  aug ISSN 0342-7188 doi10.1007/s00271-012-0379-4},
pages = {485--497},
year = {2012}
}
@book{Carrasco-Benavides2014,
author = {M.~{Carrasco-Benavides, S.~Ortega-Far\'{\i}as, L.~Lagos, J.~Kleissl, L.~Morales-Salinas, and A.~Kilic}},
title = {{Parameterization of the satellite-based model METRIC for the estimation of instantaneous surface energy balance components over a drip-irrigated vineyard}},
publisher = {Remote Sensing 6 (11):  Nov ISSN 2072-4292 doi10.3390/rs61111342},
pages = {11342--11371},
year = {2014}
}
@book{Choi2009,
author = {M.~{Choi, W.~P. Kustas, M.~C. Anderson, R.~G. Allen, F.~Li, and J.~H. Kjaersgaard}},
title = {{An intercomparison of three remote sensing-based surface energy balance algorithms over a corn and soybean production region (Iowa, U.S.) during SMACEX}},
publisher = {Agricultural and Forest Meteorology 149(12):  Dec  ISSN 01681923 doi10.1016/j.agrformet..07.002},
pages = {2082--2097},
year = {2009}
}
@book{choragudi2011sensitivity,
author = {V.~N. R.~K. {Choragudi}},
title = {{Sensitivity analysis on mapping evapotranspiration at high resolution using internal calibration (METRIC)}},
publisher = {Civil Engineering Theses Dissertations and Student Research.Paper 35},
year = {2011},
url = {http://digitalcommons.unl.edu/civilengdiss/35}
}
@book{Cragoa1996241,
author = {R.~{Cragoa and W.~Brutsaert}},
title = {{Daytime evaporation and the self-preservation of the evaporative fraction and the Bowen ratio}},
publisher = {Journal of Hydrology 178 (1–4): 241 --255  ISSN 0022-1694 doi},
year = {1996},
url = {http://dx.doi.org/10.1016/0022-1694(95)02803-X}
}
@book{ferreyra1985efecto,
author = {R.~{Ferreyra, G.~Sell{\'e}s, and J.~Tosso}},
title = {{Efecto de diferentes alturas de agua sobre el cultivo del pimiento. I. Influencia de los excesos de humedad}},
publisher = {Agricultura T'ecnica 45 (1):},
pages = {47--51},
year = {1985}
}
@book{Gonzalez-Dugo2009,
author = {M.~{Gonzalez-Dugo, C.~Neale, L.~Mateos, W.~Kustas, J.~Prueger, M.~Anderson, and F.~Li}},
title = {{A comparison of operational remote sensing-based models for estimating crop evapotranspiration}},
publisher = {Agricultural and Forest Meteorology 149(11):  nov  ISSN 01681923 doi10.1016/j.agrformet..06.012},
pages = {1843--1853},
year = {2009}
}
@book{gueymard1995,
author = {C.~{Gueymard}},
title = {{SMARTS2: a simple model of the atmospheric radiative transfer of sunshine: algorithms and performance assessment}},
publisher = {Florida Solar Energy Center Cocoa FL},
year = {1995}
}
@book{raster,
author = {R.~J. {Hijmans}},
title = {{raster: Geographic Data Analysis and Modeling, }},
publisher = {R package version 2.4-20},
year = {2015},
url = {http://CRAN.R-project.org/package=raster}
}
@book{Huete1988,
author = {A.~{Huete}},
title = {{A soil-adjusted vegetation index (SAVI)}},
publisher = {Remote Sensing of Environment 25 (3): 295-- 309  ISSN 0034-4257 doi},
year = {1988},
url = {http://dx.doi.org/10.1016/0034-4257(88)90106-X}
}
@book{Jimenez-Munoz2009,
author = {J.~C. {Jimenez-Munoz, J.~Cristobal, J.~A. Sobrino, G.~S??ria, M.~Ninyerola, and X.~Pons}},
title = {{Revision of the single-channel algorithm for land surface temperature retrieval from Landsat thermal-infrared data}},
publisher = {IEEE Transactions on Geoscience and Remote Sensing,47 (1):   ISSN 01962892 doi10.1109/TGRS.2008.2007125},
pages = {339--349},
year = {2009}
}
@book{Jimenez-Munoz2014,
author = {J.~C. {Jimenez-Munoz, J.~A. Sobrino, D.~Skokovic, C.~Mattar, and J.~Cristobal}},
title = {{Land surface temperature retrieval methods from Landsat-8 thermal infrared sensor data}},
publisher = {IEEE Geoscience and Remote Sensing Letters 11(10):   ISSN 1545598X doi10.1109/LGRS..2312032},
pages = {1840--1843},
year = {2014}
}
@book{Johnson2003,
author = {L.~F. {Johnson, D.~E. Roczen, S.~K. Youkhana, R.~R. Nemani, and D.~F. Bosch}},
title = {{Mapping vineyard leaf area with multispectral satellite imagery}},
publisher = {Computers and Electronics in Agriculture 38(1):   ISSN 01681699 doi10.1016/S0168-1699(02)00106-0},
pages = {33--44},
year = {2003}
}
@book{Liang2000,
author = {S.~{Liang}},
title = {{Narrowband to broadband conversions of land surface albedo I Algorithms}},
publisher = {Remote Sens Environ. 76:   ISSN 00344257 doi10.1016/S0034-4257(00)00205-4},
pages = {213--238},
year = {2001}
}
@book{long2013assessing,
author = {D.~{Long and V.~P. Singh}},
title = {{Assessing the impact of end-member selection on the accuracy of satellite-based spatial variability models for actual evapotranspiration estimation}},
publisher = {Water Resources Research 49 (5):},
pages = {2601--2618},
year = {2013}
}
@book{Lopez-Urrea2009a,
author = {R.~{L\'{o}pez-Urrea, a.~Montoro, P.~L\'{o}pez-Fuster, and E.~Fereres}},
title = {{Evapotranspiration and responses to irrigation of broccoli}},
publisher = {Agricultural Water Management 96 (7):  ISSN 03783774 doi10.1016/j.agwat..03.011},
pages = {1155--1161},
year = {2009}
}
@book{millar1993manejo,
author = {A.~{Millar}},
title = {{Manejo de agua y producci'on agr'icola}},
publisher = {IICA},
year = {1993}
}
@book{Mkhwanazi2012,
author = {M.~M. {Mkhwanazi and J.~L. Ch{\'{a}}vez}},
title = {{Using METRIC to estimate surface energy fluxes over an alfalfa field in Eastern Colorado}},
publisher = {In 32nd Annual AGU Hydrology Days volume~1 pages .Colorado State University},
pages = {90--98},
year = {2012}
}
@book{Mkhwanazi2013,
author = {M.~M. {Mkhwanazi and J.~L. Ch{\'{a}}vez}},
title = {{Mapping evapotranspiration with the remote sensing ET algorithms METRIC and SEBAL under advective and non-advective conditions : accuracy determination with weighing lysimeters}},
year = {2013}
}
@book{mortonassessing,
author = {C.~G. {Morton}},
title = {{Assessing Calibration Uncertainty and Automation for Estimating Evapotranspiration from Agricultural Areas Using METRIC}},
publisher = {PhD thesis Department of Geography University of Nevada},
year = {2013}
}
@book{OrtegaFarias1995,
author = {S.~{Ortega-Far{\'{\i}}as, R.~Cuenca, and M.~English}},
title = {{Hourly grass evapotranspiration in modified maritime environment}},
publisher = {Journal of Irrigation and Drainage Engineering 121(6):  nov  ISSN 0733-9437 doi10.1061/(ASCE)0733-9437()121:6(369)},
pages = {369--373},
year = {1995}
}
@book{Parent201245,
author = {A.-C. {Parent and F.~Anctil}},
title = {{Quantifying evapotranspiration of a rainfed potato crop in South-eastern Canada using eddy covariance techniques}},
publisher = {Agricultural Water Management 113: 45 -- 56  ISSN 0378-3774 doi},
year = {2012},
url = {http://dx.doi.org/10.1016/j.agwat.2012.06.014}
}
@book{Payero2008,
author = {J.~O. {Payero and S.~Irmak}},
title = {{Construction, installation, and performance of two repacked weighing lysimeters}},
publisher = {Irrigation Science 26 (2):   ISSN 03427188 doi10.1007/s00271-007-0085-9},
pages = {191--202},
year = {2008}
}
@book{Paco2006305,
author = {T.~{Paço, M.~Ferreira, and N.~Conceição}},
title = {{Peach orchard evapotranspiration in a sandy soil: Comparison between eddy covariance measurements and estimates by the FAO 56 approach}},
publisher = {Agricultural Water Management 85 (3): 305-- 313  ISSN 0378-3774 doi},
year = {2006},
url = {http://dx.doi.org/10.1016/j.agwat.2006.05.014}
}
@book{Poblete-Echeverria2012,
author = {C.~{Poblete-Echeverr{\'{i}}a and S.~Ortega-Farias}},
title = {{Calibration and validation of a remote sensing algorithm to estimate energy balance components and daily actual evapotranspiration over a drip-irrigated Merlot vineyard}},
publisher = {Irrigation Science 30 (6):   ISSN 03427188 doi10.1007/s00271-012-0381-x},
pages = {537--553},
year = {2012}
}
@book{AJGW:AJGW12019,
author = {C.~{Poblete-Echeverría and S.~Ortega-Farias}},
title = {{Evaluation of single and dual crop coefficients over a drip-irrigated Merlot vineyard (Vitis vinifera L.) using combined measurements of sap flow sensors and an eddy covariance system}},
publisher = {Australian Journal of Grape and Wine Research 19(2):   ISSN 1755-0238 doi10.1111/ajgw.12019},
pages = {249--260},
year = {2013},
url = {http://dx.doi.org/10.1111/ajgw.12019}
}
@book{Pocas2014,
author = {I.~{P{\^{o}}{\c{c}}as, T.~a. Pa{\c{c}}o, M.~Cunha, J.~a. Andrade, J.~Silvestre, A.~Sousa, F.~L. Santos, L.~S. Pereira, and R.~G. Allen}},
title = {{Satellite-based evapotranspiration of a super-intensive olive orchard: Application of METRIC algorithms}},
publisher = {Biosystems Engineering 8  ISSN 15375110 doi10.1016/j.biosystemseng..06.019},
year = {2014}
}
@book{Santos2012,
author = {C.~{Santos, I.~J. Lorite, R.~G. Allen, and M.~Tasumi}},
title = {{Aerodynamic parameterization of the satellite-based energy balance (METRIC) model for ET estimation in rainfed olive orchards of Andalusia, Spain}},
publisher = {Water Resources Management 26 (11):  ISSN 09204741 doi10.1007/s11269-012-0071-8},
pages = {3267--3283},
year = {2012}
}
@book{Tasumi2003,
author = {M.~{Tasumi}},
title = {{Progress in operacional estimation of regional evapotranspiration using satellite imagery}},
publisher = {PhD thesis University of Idaho (USA)},
year = {2003}
}
@book{Tasumi2008a,
author = {M.~{Tasumi, R.~G. Allen, and R.~Trezza}},
title = {{At-surface reflectance and albedo from satellite for operational calculation of land surface energy balance}},
publisher = {Journal of Hydrologic Engineering 13 (2):  doi10.1061/(ASCE)1084-0699()13:2(51)},
pages = {51--63},
year = {2008}
}
@book{Turner1999,
author = {D.~P. {Turner, W.~B. Cohen, R.~E. Kennedy, K.~S. Fassnacht, and J.~M. Briggs}},
title = {{Relationships between leaf area index and Landsat TM spectral vegetation indices across three temperate zone sites}},
publisher = {Remote Sensing of Environment 70 (1):  ISSN 00344257 doi10.1016/S0034-4257(99)00057-7},
pages = {52--68},
year = {1999}
}
@book{Twine2000279,
author = {T.~{Twine, W.~Kustas, J.~Norman, D.~Cook, P.~Houser, T.~Meyers, J.~Prueger, P.~Starks, and M.~Wesely}},
title = {{Correcting eddy-covariance flux underestimates over a grassland}},
publisher = {Agricultural and Forest Meteorology 103(3): 279 -- 300  ISSN 0168-1923 doi},
year = {2000},
url = {http://dx.doi.org/10.1016/S0168-1923(00)00123-4}
}
@book{wang2009sensitivity,
author = {J.~{Wang, T.~Sammis, V.~Gutschick, M.~Gebremichael, and D.~Miller}},
title = {{Sensitivity analysis of the surface energy balance algorithm for land (SEBAL)}},
publisher = {Transactions of the ASABE 52 (3):},
pages = {801--811},
year = {2009}
}
@book{Wukelic,
author = {G.~E. {{Wukelic}, D.~E. {Gibbons}, L.~M. {Martucci}, and H.~P. {Foote}}},
title = {{Radiometric calibration of Landsat Thematic Mapper Thermal Band}},
publisher = {Remote Sensing of Environment 28:  June},
pages = {339--347},
year = {1989}
}






