@Article{Biernacki:2000,
  author = {C. Biernacki and G. Celeux and G. Govaert},
  title = {Assessing a Mixture Model for Clustering with the Integrated Completed Likelihood},
  journal = {IEEE Transactions on Pattern Analysis and Machine Intelligence},
  year = {2000},
  volume = {22},
  number = {7},
  pages = {719--725},
  url = {https://doi.org/10.1109/34.865189}
}



@Article{Dempster:77,
  author = {A. ~P. Dempster and N. ~M. Laird and D. B Rubin},
  title = {Maximum Likelihood from Incomplete Data via the {EM} Algorithm (with Discussion)},
  journal = {Journal of the Royal Statistical Society B},
  year = {1977},
  volume = {39},
  pages = {1--38},
  url = {http://www.jstor.org/stable/2984875}
}


@Book{Fruhwirth:06,
  author = {S. Fr\"uhwirth--Schnatter},
  title = {Finite Mixture and Markov Switching Models},
  publisher = {Springer-Verlag},
  year = {2006},
  address = {New York},
  url = {https://doi.org/10.1007/978-0-387-35768-3},
}


@Article{Marin:05,
  author = {J. M Marin and K. Mengersen and C. P Robert},
  title = {{B}ayesian Modelling and Inference on Mixtures of Distributions},
  journal = {Handbook of Statistics},
  year = {2005},
  volume = {25},
  number = {1},
  pages = {577--590},
  url = {https://doi.org/10.1016/s0169-7161(05)25016-2},
}


@Book{McLachlan:00,
  author = {J. G. McLachlan and D. Peel},
  title = {Finite Mixture Models},
  publisher = {John Wiley \& Sons},
  year = {2000},
  address = {New York},
  url = {https://doi.org/10.1002/0471721182},
}

@Book{bishop,
  author = {C. Bishop},
  title = {Pattern Recognition and Machine Learning},
  publisher = {Springer-Verlag},
  year = {2006},
}

@Article{Green:95,
  author = {Peter J Green},
  title = {Reversible Jump {M}arkov Chain {M}onte {C}arlo Computation and {B}ayesian Model Determination},
  journal = {Biometrika},
  year = {1995},
  volume = {82},
  number = {4},
  pages = {711--732},
}



@Article{Papastamoulis:10,
  author = {Panagiotis Papastamoulis and George Iliopoulos},
  title = {An Artificial Allocations Based Solution to the Label Switching Problem in {B}ayesian Analysis of Mixtures of Distributions},
  journal = {Journal of Computational and Graphical Statistics},
  year = {2010},
  volume = {19},
  pages = {313--331},
  url = {https://doi.org/10.1198/jcgs.2010.09008},
}

@Article{Richardson:97,
  author = {Sylvia Richardson and Peter J Green},
  title = {On {B}ayesian Analysis of Mixtures with an Unknown Number of Components.},
  journal = {Journal of the Royal Statistical Society B},
  year = {1997},
  volume = {59},
  number = {4},
  pages = {731--758},
  url = {https://doi.org/10.1111/1467-9868.00095},
}


@Article{Schwarz:78,
  author = {G. Schwarz},
  title = {Estimating the Dimension of a Model},
  journal = {The Annals of Statistics},
  year = {1978},
  volume = {6},
  number = {2},
  pages = {461--464},
  url = {https://doi.org/10.1214/aos/1176344136},
}



@Article{gelfand,
  author = {A. E. Gelfand and A. F. M. Smith},
  title = {Sampling-Based Approaches to Calculating Marginal Densities},
  journal = {Journal of American Statistical Association},
  year = {1990},
  volume = {85},
  pages = {398--409},
  url = {https://doi.org/10.2307/2289776},
}


@Article{papRJ,
  author = {Panagiotis Papastamoulis and George Iliopoulos},
  title = {Reversible Jump {M}{C}{M}{C} in Mixtures of Normal Distributions with the Same Component Means},
  journal = {Computational Statistics \& Data Analysis},
  year = {2009},
  volume = {53},
  number = {4},
  pages = {900-911},
  url = {https://doi.org/10.1016/j.csda.2008.10.022},
}

@Article{jeffreys,
  title = {An Invariant Form for the Prior Probability in Estimation Problems},
  author = {Harrold Jeffreys},
  address = {Frederiksberg, Denmark},
  journal = {Proceedings of the Royal Society of London, Series A, Mathematical and Physical Sciences},
  volume = {186},
  year = {1946},
  pages = {453-461},
  url = {https://doi.org/10.1098/rspa.1946.0056},
}

@Article{liu1994collapsed,
  title = {The Collapsed {G}ibbs Sampler in {B}ayesian Computations with Applications to a Gene Regulation Problem},
  author = {Jun S Liu},
  journal = {Journal of the American Statistical Association},
  volume = {89},
  number = {427},
  pages = {958--966},
  year = {1994},
  publisher = {Taylor \& Francis Group},
  url = {https://doi.org/10.2307/2290921},
}


@Article{stephens2000,
  author = {Matthew Stephens},
  journal = {The Annals of Statistics},
  number = {1},
  pages = {40--74},
  publisher = {The Institute of Mathematical Statistics},
  title = {{B}ayesian Analysis of Mixture Models with an Unknown Number of Components -- An Alternative to Reversible Jump Methods},
  volume = {28},
  year = {2000},
}

@Article{Nobile2007,
  author = {Agostino Nobile and Alastair T. Fearnside},
  title = {{B}ayesian Finite Mixtures with an Unknown Number of Components: The Allocation Sampler},
  journal = {Statistics and Computing},
  year = {2007},
  volume = {17},
  number = {2},
  pages = {147--162},
  url = {https://doi.org/10.1007/s11222-006-9014-7},
}

@Article{Altekar12022004,
  author = {Gautam Altekar and Sandhya Dwarkadas and John P. Huelsenbeck and Fredrik Ronquist},
  title = {Parallel {M}etropolis Coupled {M}arkov Chain {M}onte {C}arlo for {B}ayesian Phylogenetic Inference},
  volume = {20},
  number = {3},
  pages = {407-415},
  year = {2004},
  url = {https://doi.org/10.1093/bioinformatics/btg427 },
  journal = {Bioinformatics},
}

@Book{Gilks96,
  author = {W. R. Gilks and S. Richardson and D. J. Spiegelhalter},
  title = {Markov Chain {M}onte {C}arlo in Practice},
  publisher = {Chapman and Hall},
  address = {London},
  year = {1996},
}

@InProceedings{geyer1991,
  title = {Markov Chain {M}onte {C}arlo Maximum Likelihood},
  author = {Charles J Geyer},
  booktitle = {Proceedings of the 23rd Symposium on the Interface},
  pages = {156--163},
  year = {1991},
  organization = {Interface Foundation, Fairfax Station, Va},
}

@Article{geyer1995,
  author = { Charles J. Geyer and Elizabeth A. Thompson},
  title = {Annealing {M}arkov Chain {M}onte {C}arlo with Applications to Ancestral Inference},
  journal = {Journal of the American Statistical Association},
  volume = {90},
  number = {431},
  pages = {909-920},
  year = {1995},
  url = {https://doi.org/10.1080/01621459.1995.10476590},
}

@Article{redner1984mixture,
  title = {Mixture Densities, Maximum Likelihood and the {EM} Algorithm},
  author = {Richard A Redner and Homer F Walker},
  journal = {SIAM review},
  volume = {26},
  number = {2},
  pages = {195--239},
  year = {1984},
  publisher = {SIAM},
  url = {https://doi.org/10.1137/1026034},
}

@Article{Papastamoulis2013,
  author = {Panagiotis Papastamoulis and George Iliopoulos},
  title = {On the Convergence Rate of Random Permutation Sampler and {ECR} Algorithm in Missing Data Models},
  journal = {Methodology and Computing in Applied Probability},
  year = {2013},
  volume = {15},
  number = {2},
  pages = {293--304},
  issn = {1573-7713},
  url = {https://doi.org/10.1007/s11009-011-9238-7},
}

@Article{papastamoulis2014handling,
  title = {Handling the Label Switching Problem in Latent Class Models via the {ECR} Algorithm},
  author = {Panagiotis Papastamoulis},
  journal = {Communications in Statistics-Simulation and Computation},
  volume = {43},
  number = {4},
  pages = {913--927},
  year = {2014},
  publisher = {Taylor \& Francis Group},
  url = {https://doi.org/10.1080/03610918.2012.718840},
}

@Article{stephens2000dealing,
  title = {Dealing with Label Switching in Mixture Models},
  author = {Matthew Stephens},
  journal = {Journal of the Royal Statistical Society B},
  volume = {62},
  number = {4},
  pages = {795--809},
  year = {2000},
  publisher = {John Wiley \& Sons},
  url = {https://doi.org/10.1111/1467-9868.00265}
}

@Article{papastamoulis2016label,
  title = {Label.switching: An {R} Package for Dealing with the Label Switching Problem in {MCMC} Outputs},
  author = {Panagiotis Papastamoulis},
  journal = {Journal of Statistical Software},
  volume = {69},
  number = {1},
  pages = {1--24},
  year = {2016},
  publisher = {Foundation for Open Access Statistics},
  url = {https://doi.org/10.18637/jss.v069.c01}
}

@Manual{foreach,
  title = {Foreach: Foreach Looping Construct for R},
  author = {{Revolution Analytics} and Steve Weston},
  year = {2014},
  note = {R package version 1.4.2},
  url = {http://CRAN.R-project.org/package=foreach},
}

@Manual{doparallel,
  title = {doParallel: Foreach Parallel Adaptor for the 'parallel' Package},
  author = {{Revolution Analytics} and Steve Weston},
  year = {2015},
  note = {R package version 1.0.10},
  url = {http://CRAN.R-project.org/package=doParallel},
}

@Article{flexmix1,
  title = {{FlexMix}: A General Framework for Finite Mixture Models and Latent Class Regression in {R}},
  author = {Friedrich Leisch},
  journal = {Journal of Statistical Software},
  year = {2004},
  volume = {11},
  number = {8},
  pages = {1--18},
  url = {https://doi.org/10.18637/jss.v011.i08},
}

@Article{flexmix2,
  title = {Fitting Finite Mixtures of Generalized Linear Regressions in {R}},
  author = {Bettina Gr\"un and Friedrich Leisch},
  journal = {Computational Statistics \& Data Analysis},
  year = {2007},
  volume = {51},
  number = {11},
  pages = {5247--5252},
  url = {https://doi.org/10.1016/j.csda.2006.08.014},
}

@Article{flexmix3,
  title = {{FlexMix} Version 2: Finite Mixtures with Concomitant Variables and Varying and Constant Parameters},
  author = {Bettina Gr\"un and Friedrich Leisch},
  journal = {Journal of Statistical Software},
  year = {2008},
  volume = {28},
  number = {4},
  pages = {1--35},
  url = {https://doi.org/10.18637/jss.v028.i04},
}

@InProceedings{li2005general,
  title = {A General Model for Clustering Binary Data},
  author = {Tao Li},
  booktitle = {Proceedings of the Eleventh ACM SIGKDD International Conference on Knowledge Discovery in Data Mining},
  pages = {188--197},
  year = {2005},
  organization = {ACM},
  url = {https://doi.org/10.1145/1081870.1081894},
}

@Article{flexclust,
  author = {Friedrich Leisch},
  title = {A Toolbox for K-Centroids Cluster Analysis},
  journal = {Computational Statistics \& Data Analysis},
  year = {2006},
  volume = {51},
  number = {2},
  pages = {526--544},
  url = {https://doi.org/10.1016/j.csda.2005.10.006},
}

@Article{BIOM:BIOM762,
  author = {Zhuoxin Sun and Ori Rosen and Allan R. Sampson},
  title = {Multivariate {B}ernoulli Mixture Models with Application to Postmortem Tissue Studies in Schizophrenia},
  journal = {Biometrics},
  volume = {63},
  number = {3},
  publisher = {Blackwell Publishing Inc},
  issn = {1541-0420},
  pages = {901--909},
  year = {2007},
  url = {https://doi.org/10.1111/j.1541-0420.2007.00762.x},
}

@Article{juan2002use,
  title = {On the Use of {B}ernoulli Mixture Models for Text Classification},
  author = {Alfons Juan and Enrique Vidal},
  journal = {Pattern Recognition},
  volume = {35},
  number = {12},
  pages = {2705--2710},
  year = {2002},
  publisher = {Elsevier},
  url = {https://doi.org/10.1016/s0031-3203(01)00242-4},
}

@Article{al2003databases,
  title = {Databases for Recognition of Handwritten {A}rabic Cheques},
  author = {Yousef Al-Ohali and Mohamed Cheriet and Ching Suen},
  journal = {Pattern Recognition},
  volume = {36},
  number = {1},
  pages = {111--121},
  year = {2003},
  publisher = {Elsevier},
  url = {https://doi.org/10.1016/s0031-3203(02)00064-x},
}

@Article{ilin2012unsupervised,
  title = {Unsupervised Learning of Categorical Data with Competing Models},
  author = {Roman Ilin},
  journal = {IEEE transactions on neural networks and learning systems},
  volume = {23},
  number = {11},
  pages = {1726--1737},
  year = {2012},
  publisher = {IEEE},
  url = {https://doi.org/10.1109/tnnls.2012.2213266},
}

@Misc{Lichman:2013,
  author = {M. Lichman},
  year = {2013},
  title = {{UCI} Machine Learning Repository},
  url = {http://archive.ics.uci.edu/ml},
  institution = {University of California, Irvine, School of Information and Computer Sciences},
}

@Article{abel1993autologistic,
  title = {An Autologistic Model for the Genetic Analysis of Familial Binary Data.},
  author = {Laurent Abel and Jean-Louis Golmard and Alain Mallet},
  journal = {American journal of human genetics},
  volume = {53},
  number = {4},
  pages = {894},
  year = {1993},
  publisher = {Elsevier},
}

@Article{carreira2000practical,
  title = {Practical Identifiability of Finite Mixtures of Multivariate {B}ernoulli Distributions},
  author = {Miguel {\'A} Carreira-Perpi{\~n}{\'a}n and Steve Renals},
  journal = {Neural Computation},
  volume = {12},
  number = {1},
  pages = {141--152},
  year = {2000},
  publisher = {MIT Press},
  url = {https://doi.org/10.1162/089976600300015925},
}

@Article{papastamoulis2016estimation,
  title = {On the Estimation of Mixtures of {P}oisson Regression Models with Large Number of Components},
  author = {Panagiotis Papastamoulis and Marie-Laure Martin-Magniette and Cathy Maugis-Rabusseau},
  journal = {Computational Statistics \& Data Analysis},
  volume = {93},
  pages = {97--106},
  year = {2016},
  publisher = {North-Holland},
  url = {https://doi.org/10.1016/j.csda.2014.07.005},
}

@Article{rodriguez,
  author = {Carlos E. Rodríguez and Stephen G. Walker},
  title = {Label Switching in {B}ayesian Mixture Models: Deterministic Relabeling Strategies},
  journal = {Journal of Computational and Graphical Statistics},
  volume = {23},
  number = {1},
  pages = {25-45},
  year = {2014},
  url = {https://doi.org/10.1080/10618600.2012.735624},
}

@Article{white2016bayesian,
  title = {{B}ayesian Variable Selection for Latent Class Analysis Using a Collapsed {G}ibbs Sampler},
  author = {Arthur White and Jason Wyse and Thomas Brendan Murphy},
  journal = {Statistics and Computing},
  volume = {26},
  number = {1-2},
  pages = {511--527},
  year = {2016},
  publisher = {Springer-Verlag},
  url = {https://doi.org/10.1007/s11222-014-9542-5},
}

@Book{bohning2000computer,
  title = {Computer-Assisted Analysis of Mixtures and Applications: Meta-Analysis, Disease Mapping and Others},
  author = {Dankmar B{\"o}hning},
  volume = {81},
  year = {2000},
  publisher = {CRC press}
}

@InProceedings{lindsay1995mixture,
  title = {Mixture Models: Theory, Geometry and Applications},
  author = {Bruce G Lindsay},
  booktitle = {NSF-CBMS Regional Conference Series in Probability and Statistics},
  pages = {i--163},
  year = {1995},
  organization = {JSTOR},
}

@Article{allman2009identifiability,
  title = {Identifiability of Parameters in Latent Structure Models with Many Observed Variables},
  author = {Elizabeth S Allman and Catherine Matias and John A Rhodes},
  journal = {The Annals of Statistics},
  pages = {3099--3132},
  year = {2009},
  publisher = {JSTOR},
  url = {https://doi.org/10.1214/09-aos689},
}

@Article{coda,
  title = {{CODA}: Convergence Diagnosis and Output Analysis for {MCMC}},
  author = {Martyn Plummer and Nicky Best and Kate Cowles and Karen Vines},
  journal = {R News},
  year = {2006},
  volume = {6},
  number = {1},
  pages = {7--11},
  url = {https://journal.r-project.org/archive/},
  pdf = {https://www.r-project.org/doc/Rnews/Rnews_2006-1.pdf},
}



@ARTICLE{tanner,
AUTHOR = {Tanner, M. and Wong, W.},
TITLE = {The calculation of posterior distributions by data augmentation},
JOURNAL = {Journal of the American Statistical Association},
YEAR = {1987},
volume = {82},
number = {398},
pages = {528-540},
url = {https://doi.org/10.2307/2289457},
}




