@book{season,
author = {A.~G. {Barnett, P.~Baker, and A.~J. Dobson}},
title = {{season: Seasonal analysis of health data, }},
publisher = {R package version 0.3-1},
year = {2012},
url = {http://CRAN.R-project.org/package=season}
}
@book{Barnett10,
author = {A.~G. {Barnett and A.~J. Dobson}},
title = {{Analysing Seasonal Health Data}},
publisher = {Springer},
year = {2010}
}
@book{Carson06,
author = {C.~{Carson, S.~Hajat, B.~Armstrong, and P.~Wilkinson}},
title = {{Declining vulnerability to temperature-related mortality in London over the 20th Century}},
publisher = {Am J Epidemiol 164 (1):},
pages = {77--84},
year = {2006}
}
@book{Eakin09,
author = {E.~{Eakin, M.~Reeves, S.~Lawler, N.~Graves, B.~Oldenburg, C.~DelMar, K.~Wilke, E.~Winkler, and A.~Barnett}},
title = {{Telephone counseling for physical activity and diet in primary care patients}},
publisher = {Am J of Prev Med 36 (2):},
pages = {142--149},
year = {2009}
}
@book{Janes05,
author = {H.~{Janes, L.~Sheppard, and T.~Lumley}},
title = {{Case-crossover analyses of air pollution exposure data: Referent selection strategies and their implications for bias}},
publisher = {Epidemiology 16 (6):},
pages = {717--726},
year = {2005}
}
@book{Maclure91,
author = {M.~{Maclure}},
title = {{The case-crossover design: a method for studying transient effects on the risk of acute events}},
publisher = {Am J Epidemiol 133 (2):},
pages = {144--153},
year = {1991}
}
@book{Samet00,
author = {J.~{Samet, F.~Dominici, S.~Zeger, J.~Schwartz, and D.~Dockery}},
title = {{The national morbidity, mortality, and air pollution study, part I: Methods and methodologic issues}},
year = {2000}
}
@book{West97,
author = {M.~{West and J.~Harrison}},
title = {{Bayesian Forecasting and Dynamic Models}},
publisher = {Springer Series in Statistics Springer New York; Berlin 2ndedition},
year = {1997}
}

