@Article{AkdenizKaciranlar1995,
  author = {Fikri Akdeniz and Selahattin Kac\c{}iranlar},
  title = {{On the Almost Unbiased Generalized Liu Estimators and Unbiased Estimation of the Bias and MSE}},
  journal = {Communications in Statistics-Theory and Methods},
  year = {1995},
  volume = {24},
  number = {7},
  pages = {1789--1797},
  url = {http://doi.org/10.1080/03610929508831585},
}

@Article{AkdenizKaciranlar2001,
  author = {Fikri Akdeniz and Selahattin Kac\c{}iranlar},
  title = {{More on the New Biased Estimator in Linear Regression}},
  journal = {Sankhy{\={a}}: The Indian Journal of Statistics, Series B (1960-2002)},
  year = {2001},
  volume = {63},
  number = {3},
  pages = {321--325},
  publisher = {Springer-Verlag},
}

@Article{AkdenizOozkale2005,
  author = {Fikri Akdeniz and Revan M Ã–zkale},
  title = {{The Distribution of Stochastic Shrinkage Biasing Parameter of the Liu Type Estimator}},
  journal = {Applied Mathematics and Computation},
  year = {2005},
  volume = {163},
  number = {1},
  pages = {29--38},
  url = {https://doi.org/10.1016/j.amc.2004.03.026},
}

@Article{AkdenizStyanWerner2006,
  author = {Fikri. Akdeniz and G. P. H. Styan and H. J Werner},
  title = {{The General Expression for the Moments of the Stochastics Shrinkage Parameters of the Liu Type Estimator}},
  journal = {Communications in Statistics-Theory and Methods},
  year = {2006},
  volume = {35},
  number = {3},
  pages = {423--437},
  url = {http://doi.org/10.1080/03610920500476572},
}

@Article{ArslanBillor2000,
  author = {O. Arslan and N. Billor},
  title = {{Robust Liu Estimator for Regression Based on an M-Estimator}},
  journal = {Journal of Applied Statistics},
  year = {2000},
  volume = {27},
  number = {1},
  pages = {39--47},
  url = {http://doi.org/10.1080/02664760021817},
}

@Article{Aslam2014,
  author = {Muhammad Aslam},
  title = {{Using Heteroscedasticity-Consistent Standard Errors for the Linear Regression Model with Correlated Regressors}},
  journal = {Communications in Statistics-Simulation and Computation},
  year = {2014},
  volume = {43},
  number = {10},
  pages = {2353--2373},
  url = {http://doi.org/10.1080/03610918.2012.750354},
}

@Book{AsteriouHall2007,
  title = {{Applied Econometrics: A Modern Approach Using Eviews and Microfit}},
  publisher = {Palgrave Macmillan},
  year = {2007},
  author = {D Asteriou and S. G. Hall},
  address = {New York},
}

@Article{Belsley1991,
  author = {D. A. Belsley},
  title = {{A Guide to Using the Collinearity Diagnostics}},
  journal = {Computer Science in Economics and Management},
  year = {1991},
  volume = {4},
  number = {1},
  pages = {33--50},
  url = {https://doi.org/10.1007/BF00426854},
}

@Book{BelsleyKuhWelsch1980,
  title = {{Diagnostics: Identifying Influential Data and Sources of Collinearity}},
  publisher = {John Wiley \& Sons},
  year = {1980},
  author = {D. A. Belsley and E. Kuh and R. E. Welsch},
  address = {New York},
  note = {chap. 3},
}

@Article{Blanchard1967,
  author = {O. J. Blanchard},
  title = {{Commnet}},
  journal = {Journal of Business and Economic Statistics},
  year = {1967},
  volume = {5},
  pages = {449--451},
}

@Manual{Calcagno2013,
  title = {{glmulti: Model Selection and Multimodel Inference Made Easy}},
  author = {Vincent Calcagno},
  year = {2013},
  note = {{R package version 1.0.7}},
  url = {{https://CRAN.R-project.org/package=glmulti}},
}

@Book{ChatterjeeHadi2006,
  title = {{Regression Analysis by Example}},
  publisher = {John Wiley \& Sons},
  year = {2006},
  author = {Samprit Chatterjee and Ali S Hadi},
  edition = {4th},
}

@Book{ChatterjeePrice1977,
  title = {{Regression Analysis by Examples}},
  publisher = {John Wiley \& Sons},
  year = {1977},
  author = {S Chatterjee and B Price},
  address = {New York},
}

@Book{CooleyLohnes1971,
  title = {{Multivariate Data Analysis}},
  publisher = {John Wiley \& Sons},
  year = {1971},
  author = {Paul R Autor {Cooley William W Autor And Lohnes}},
  isbn = {9780471170600},
  lccn = {70127661},
}

@Article{CuleDeIorio2012,
  author = {Erika Cule and M. {De Iorio}},
  title = {{A Semi-Automatic Method to Guide the Choice of Ridge Regression}},
  journal = {Annals of Applied Statistics},
  year = {2012},
  volume = {arxiv:1205.0686v1},
  url = {https://arxiv.org/abs/1205.0686v1},
}

@Article{CurtoPinto2011,
  author = {J. D Curto and J. C Pinto},
  title = {{The Corrected VIF (CVIF)}},
  journal = {Journal of Applied Statistics},
  year = {2011},
  volume = {38},
  number = {7},
  pages = {1499--1507},
  url = {http://doi.org/10.1080/02664763.2010.505956},
}

@Book{DillonGoldstein1984,
  title = {{Multivariate Analysis: Methods and Applications}},
  publisher = {John Wiley \& Sons},
  year = {1984},
  author = {W. R. Dillon and M. Goldstein},
}

@Manual{DissanayakeWijekoonR-Core2013,
  title = {{lrmest: Different Types of Estimators to Deal with Multicollinearity}},
  author = {Ajith Dissanayake and P Wijekoon},
  year = {2016},
  note = {{R package version 3.0}},
  url = {{https://CRAN.R-project.org/package=lrmest}},
}

@Book{DraperSmith1998,
  title = {{Applied Regression Analysis}},
  publisher = {John Wiley \& Sons},
  year = {1998},
  author = {N. R. Draper and H. Smith},
  address = {New York},
  edition = {2nd},
}

@Article{DruilhetMom2008,
  author = {P. Druilhet and A. Mom},
  title = {{Shrinkage Structure in Biased Regression}},
  journal = {Journal of Multivariate Analysis},
  year = {2008},
  volume = {99},
  number = {2},
  pages = {232--244},
  url = {https://doi.org/10.1016/j.jmva.2006.06.011},
}

@Manual{Faraway2016,
  title = {{faraway: Functions and Datasets for Books by Julian Faraway}},
  author = {Julian Faraway},
  year = {2016},
  note = {{https://CRAN.R-project.org/package=faraway}},
  url = {{https://CRAN.R-project.org/package=faraway}},
}

@Article{FarrarGlauber1967,
  author = {D. E. Farrar and R. R. Glauber},
  title = {{Multicollinearity in Regression Analysis: The Problem Revisted}},
  journal = {The Review of Economics and Statistics},
  year = {1967},
  volume = {49},
  number = {1},
  pages = {92--107},
  url = {http://doi.org/10.2307/1937887},
}

@Manual{FortrancodebyAlanMiller2009,
  title = {{leaps: Regression Subset Selection}},
  author = {{Thomas Lumley based on Fortran code by Alan Miller}},
  year = {2017},
  note = {{R package version 3.0}},
  url = {{https://CRAN.R-project.org/package=leaps}},
}

@Book{FoxWeisberg2011,
  title = {{An R Companion to Applied Regression}},
  publisher = {Sage},
  year = {2011},
  author = {John Fox and Sanford Weisberg},
  address = {Thousand Oaks {CA}},
  edition = {2nd},
  url = {http://socserv.socsci.mcmaster.ca/jfox/Books/Companion},
}

@Article{GolubWahbaHeath1979,
  author = {G. H. Golub and G Wahba and C. G Heath},
  title = {{Generalized Cross Validation as a Method for Choosing a Good Ridge Parameter}},
  journal = {Technometrics},
  year = {1979},
  volume = {21},
  number = {2},
  pages = {215--223},
  url = {http://doi.org/10.2307/1268518},
}

@Book{Graybill1980,
  title = {{An Introduction to Linear Statistical Models}},
  publisher = {McGraw Hill},
  year = {1980},
  author = {F Graybill},
  address = {i},
}

@Book{Greene1993,
  title = {{Econometric Analysis}},
  publisher = {Macmillan Publishing Company},
  year = {1993},
  author = {W. H. Greene},
}

@Book{Greene2002,
  title = {{Econometric Analysis}},
  publisher = {Prentice Hall},
  year = {2002},
  author = {W. H Greene},
  address = {New Jersey},
  edition = {5th},
}

@Book{Gruber1998,
  title = {{Improving Efficiency by Shrinkage: The James-Stein and Ridge Regression Estimator}},
  publisher = {Marcel Dekker, Inc.},
  year = {1998},
  author = {M. H. J Gruber},
  address = {New York},
}

@Book{GujaratiPorter2008,
  title = {{Basic Econometrics}},
  publisher = {McGraw Hill},
  year = {2008},
  author = {D. N. Gujarati and D. C. Porter},
  edition = {5},
}

@Article{GunstMason1977,
  author = {R. F. Gunst and R. L. Mason},
  title = {{Advantages of Examining Multicollinearities in Regression Analysis}},
  journal = {Biometrics},
  year = {1977},
  volume = {33},
  number = {1},
  pages = {249--260},
  url = {http://doi.org/10.2307/2529320},
}

@Book{HadiChatterjee1988,
  title = {{Sensitivity Analysis in Linear Regression}},
  publisher = {John Wiley \& Sons},
  year = {1988},
  author = {A Hadi and S Chatterjee},
}

@Book{Hadley2015,
  title = {{R Packages: Organize, Test, Document, and Share Your Code}},
  publisher = {O'Reilly Media},
  year = {2015},
  author = {Hadley Wickham},
}

@Article{HalawaElBassiouni2000,
  author = {A. M. Halawa and M. Y. El-Bassiouni},
  title = {{Tests of Regression Coefficients Under Ridge Regression Models}},
  journal = {Journal of Statistical-Computation and Simulation},
  year = {2000},
  volume = {65},
  number = {1--4},
  pages = {341--356},
  url = {http://doi.org/10.1080/00949650008812006},
}

@Book{Hald1952,
  title = {{Statistical Theory with Engineering Applications}},
  publisher = {John Wiley \& Sons},
  year = {1952},
  author = {A Hald},
  address = {New York},
}

@Manual{HarrellJr2016,
  title = {{rms: Regression Modeling Strategies}},
  author = {{Frank E Harrell Jr}},
  year = {2017},
  note = {{R package version 5.1-1}},
  url = {{https://CRAN.R-project.org/package=rms}},
}

@Book{HastieTibshirani1990,
  title = {{Generalized Additive Models}},
  publisher = {Chapman {\&} Hall},
  year = {1990},
  author = {T. Hastie and R. Tibshirani},
}

@Manual{Heiberger2016,
  title = {{HH: Statistical Analysis and Data Display: Heiberger and Holland}},
  author = {Richard M. Heiberger},
  year = {2017},
  note = {{R package version 3.1-34}},
  url = {{https://CRAN.R-project.org/package=HH}},
}

@Manual{Hendricks,
  title = {{perturb: Tools for Evaluating Collinearity}},
  author = {John Hendrickx},
  year = {2012},
  note = {{R package version 2.05}},
  url = {{https://CRAN.R-project.org/package=perturb}},
}

@Article{HoerlKennard1970,
  author = {A. E. Hoerl and R. W. Kennard},
  title = {{Ridge Regression: Biased Estimation of Nonorthogonal Problems}},
  journal = {Technometrics},
  year = {1970},
  volume = {12},
  number = {1},
  pages = {55--67},
  url = {http://doi.org/10.1080/00401706.1970.10488634},
}

@Article{HoerlKennardBaldwin1975,
  author = {Arthur E Hoerl and R. W. Kennard and K. F. Baldwin},
  title = {{Ridge Regression: Some Simulations}},
  journal = {Communications in Statistics},
  year = {1975},
  volume = {4},
  number = {2},
  pages = {105--123},
  url = {http://doi.org/10.1080/03610927508827232},
}

@Article{HubertWijekoon2006,
  author = {M. H Hubert and P Wijekoon},
  title = {{Improvement of the Liu Estimator in Linear Regression Model}},
  journal = {Journal of Statistical Papers},
  year = {2006},
  volume = {47},
  number = {3},
  pages = {471--479},
  url = {https://doi.org/10.1007/s00362-006-0300-4},
}

@Manual{ImdadullahAslam2016,
  title = {{mctest: Multicollinearity Diagnostic Measures}},
  author = {Muhammad Imdadullah and Muhammad Aslam},
  year = {2016},
  note = {{R package version 1.1}},
  url = {https://CRAN.R-project.org/package=mctest},
}

@Manual{ImdadullahAslam2016a,
  title = {{lmridge: Linear Ridge Regression with Ridge Penalty and Ridge Statistics}},
  author = {Muhammad Imdadullah and Dr. Muhammad Aslam},
  year = {2016},
  note = {{R package version 1.0}},
  url = {{https://CRAN.R-project.org/package=lmridge}},
}

@Manual{ImdadullahAslam2017,
  title = {{liureg: Liu Regression with Liu Biasing Parameters and Statistics}},
  author = {Muhammad Imdadullah and Dr. Muhammad Aslam},
  year = {2017},
  note = {{R package version 1.1.1}},
  url = {{https://CRAN.R-project.org/package=liureg}},
}

@Article{ImdadullahAslamAltaf2016,
  author = {Muhammad Imdadullah and Muhammad Aslam and Saima Altaf},
  title = {{mctest: An R Package for Detection of Collinearity Among Regressors}},
  journal = {The R Journal},
  year = {2016},
  volume = {online published paper},
  url = {https://journal.r-project.org/archive/accepted/imdadullah-aslam-altaf.pdf},
}

@Article{JahuferChen2009,
  author = {Aboobacker Jahufer and Jianbao Chen},
  title = {{Assessing Global Influential Observations in Modified Ridge Regression}},
  journal = {Statistics and Probability Letters},
  year = {2009},
  volume = {79},
  number = {4},
  pages = {513--518},
  url = {https://doi.org/10.1016/j.spl.2008.09.019},
}

@Article{JahuferChen2011,
  author = {Aboobacker Jahufer and Jianbao Chen},
  title = {{Measuring Local Influential Observations in Modified Ridge Regression}},
  journal = {Journal of Data Science},
  year = {2011},
  volume = {9},
  number = {3},
  pages = {359--372},
}

@Article{JahuferChen2012,
  author = {Aboobacker Jahufer and Jianbao Chen},
  title = {{Identifying Local Influential Observations in Liu Estimator}},
  journal = {Journal of Metrika},
  year = {2012},
  volume = {75},
  number = {3},
  pages = {425--438},
  url = {https://doi.org/10.1007/s00184-010-0334-4},
}

@Book{Johnston1963,
  title = {{Econometric Methods}},
  publisher = {McGraw Hill},
  year = {1963},
  author = {J. Johnston},
  address = {New York},
}

@Book{JudgeGriffithsLutkepohlEtAl1985,
  title = {{The Theory and Practice of Econometrics}},
  publisher = {John Wiley \& Sons},
  year = {1985},
  author = {G. Judge and W. Griffiths and H. Lutkepohl and T. Lee},
}

@Article{KacciranlarSakalhoglu2001,
  author = {Selahattin Kac\c{}iranlar and S. SakalhoÄŸlu},
  title = {{Combining the LIU Estimator and the Principal Component Regression Estimator}},
  journal = {Communications in Statistics-Theory and Methods},
  year = {2001},
  volume = {30},
  number = {12},
  pages = {2699--2706},
  url = {http://doi.org/10.1081/STA-100108454},
}

@Article{KacciranlarSakalhogluAkdenizEtAl1999,
  author = {Selahattin Kac\c{}iranlar and S. SakalhoÄŸlu and F. Akdeniz and G. P. H Styan and H. J. Werner},
  title = {{A New Biased Estimator in Linear Regression and a Detailed Analysis of the Widely-Analysed Dataset on Portland Cement}},
  journal = {Sankhy{\={a}}: The Indian Journal of Statistics, Series B},
  year = {1999},
  volume = {61},
  number = {B3},
  pages = {443--459},
}

@Article{KanAlpuYazici2013,
  author = {B. Kan and O. Alpu and B. Yazici},
  title = {{Robust Ridge and Liu Estimator for Regression Based on the LTS Estimator}},
  journal = {Journal of Applied Statistics},
  year = {2013},
  volume = {40},
  number = {3},
  pages = {644--665},
  url = {http://doi.org/10.1080/02664763.2012.750285},
}

@Book{Kendall1957,
  title = {{A Course in Multivariate Analysis}},
  publisher = {Griffin},
  year = {1957},
  author = {M. G. Kendall},
  address = {London},
  note = {pp. 70--75},
}

@Book{Klein1962,
  title = {{An Introduction to Econometrics}},
  publisher = {Prentice-Hall, Englewood},
  year = {1962},
  author = {L. R. Klein},
  address = {Cliffs, N. J.},
  note = {pp. 101},
}

@Book{Kmenta1980,
  title = {{Elements of Econometrics}},
  publisher = {Macmillan Publishing Company},
  year = {1980},
  author = {Jan Kmenta},
  address = {New York},
  edition = {2nd},
  note = {pp. 431},
}

@Book{Koutsoyiannis1977,
  title = {{Theory of Econometrics}},
  publisher = {Macmillan Education Limited},
  year = {1977},
  author = {A Koutsoyiannis},
}

@Article{KovacsPetresToth.2005,
  author = {P. KovÃ¡cs and T. Petres and {TÃ³th.}},
  title = {{A New Measure of Multicollinearity in Linear Regression Models}},
  journal = {International Statistical Review / Revue Internationale de Statistique},
  year = {2005},
  volume = {73},
  number = {3},
  pages = {405--412},
  url = {http://doi.org/10.1111/j.1751-5823.2005.tb00156.x},
}

@Book{KutnerNachtsheimNeter2004,
  title = {{Applied Linear Regression Models}},
  publisher = {McGraw Hill Irwin},
  year = {2004},
  author = {M. H. Kutner and C. J Nachtsheim and J Neter},
  edition = {4th},
}

@Book{Leisch2008,
  title = {{Creating R Packages: A Tutorial}},
  publisher = {Compstat 2008-Proceedings in Computational Statistics},
  year = {2008},
  author = {Friedrich Leisch},
  address = {Physica Verlage, Heidelberg, Germay, 2008},
  url = {ftp://cran.r-project.org/pub/R/doc/contrib/Leisch-CreatingPackages.pdf},
}

@Manual{Lin2012,
  title = {{VIF: VIF Regression: A Fast Regression Algorithm For Large Data}},
  author = {Dongyu Lin},
  year = {2012},
  note = {{R package version 1.0}},
  url = {{https://CRAN.R-project.org/package=VIF}},
}

@Article{Liu1993,
  author = {K. Liu},
  title = {{A New Class of Biased Estimate in Linear Regression}},
  journal = {Communications in Statistics-Theory and Methods},
  year = {1993},
  volume = {22},
  number = {2},
  pages = {393--402},
  url = {http://doi.org/10.1080/03610929308831027},
}

@Article{Liu2011,
  author = {Xu-Qing Liu},
  title = {{Improved Liu Estimator in a Linear Regression Model}},
  journal = {Journal of Statistical Planning and Inference},
  year = {2011},
  volume = {141},
  number = {1},
  pages = {189--196},
  url = {https://doi.org/10.1016/j.jspi.2010.05.030},
}

@Book{Maddala1988,
  title = {{Introduction to Econometrics}},
  publisher = {Macmillan},
  year = {1988},
  author = {G. S. Maddala},
  address = {New York},
}

@Book{Malinvaud1968,
  title = {{Statistical Methods of Econometrics}},
  publisher = {Amsterdam},
  year = {1968},
  author = {E Malinvaud},
  address = {North Holland},
  note = {pp. 187--192},
}

@Article{Mallows1973,
  author = {C. L. Mallows},
  title = {{Some Comments on Cp}},
  journal = {Technometrics},
  year = {1973},
  volume = {15},
  number = {4},
  pages = {661--675},
  url = {http://doi.org/10.2307/1267380},
}

@Article{Marquardt1970,
  author = {D. W Marquardt},
  title = {{Generalized Inverses, Ridge Regression, Biased Linear Estimation, and Nonlinear Estimation}},
  journal = {Technometrics},
  year = {1970},
  volume = {12},
  number = {3},
  pages = {591--612},
  url = {http://doi.org/10.2307/1267205},
}

@Manual{McLeodXu2014,
  title = {{bestglm: Best Subset GLM}},
  author = {A. I. McLeod and Changjiang Xu},
  year = {2017},
  note = {{R package version 0.36}},
  url = {{https://CRAN.R-project.org/package=bestglm}},
}

@Misc{Minitab2014,
  author = {{Minitab, Inc.}},
  title = {{Minitab Statistical Software, Release 17 for Windows}},
  year = {2014},
  note = {State College, Pennsylvania},
}

@Book{MontgomeryPeck1982,
  title = {{Introduction to Linear Regression Analysis}},
  publisher = {John Wiley \& Sons},
  year = {1982},
  author = {Douglas C. Montgomery and Elizabeth A. Peck},
  address = {New York},
}

@Book{Myers1986,
  title = {{Classical and Modern Regression with Application}},
  publisher = {PWS-KENT Publishing Company},
  year = {1986},
  author = {R. H Myers},
  edition = {2},
}

@Manual{Naimi2015,
  title = {{usdm: Uncertainty Analysis for Species Distribution Models}},
  author = {Babak Naimi},
  year = {2017},
  note = {{R package version 1.1-18}},
  url = {{https://CRAN.R-project.org/package=usdm}},
}

@Manual{Nakazawa2015,
  title = {{fmsb: Functions for Medical Statistics Book with Some Demographic Data}},
  author = {Minato Nakazawa},
  year = {2017},
  note = {{R package version 0.6.1}},
  url = {{https://CRAN.R-project.org/package=fmsb}},
}

@Misc{ncssSoftware2016,
  author = {{NCSS}},
  title = {{NCSS 11 Statistical Software}},
  year = {2016},
  note = {{NCSS, LLC} Paysville, Utah, USA},
  url = {ncss.com/software/ncss},
}

@Article{OozkaleKacciranlar2007,
  author = {Revan M Ã–zkale and Selahattin Kac\c{}iranlar},
  title = {{A Prediction-Oriented Criterion for Choosing the Biasing Parameter in Liu Estimation}},
  journal = {Communications in Statistics-Theory and Methods},
  year = {2007},
  volume = {36},
  number = {10},
  pages = {1889--1903},
  url = {http://doi.org/10.1080/03610920601126522},
}

@Manual{R-2017-25,
  title = {{R: A Language and Environment for Statistical Computing}},
  author = {{R~Core~Team}},
  organization = {R Foundation for Statistical Computing},
  address = {Vienna, Austria},
  year = {2012},
  note = {{ISBN} 3-900051-07-0},
  url = {http://www.R-project.org/},
}

@Book{Ragnar1934,
  title = {{Statistical Confluence Analysis by Means of Complete Regression Systems}},
  publisher = {Universitetets Ã˜konomiske Instituut},
  year = {1934},
  author = {Frisch Ragnar},
  note = {Publ. No. 5},
}

@Book{Rawlings1998,
  title = {{Applied Regression Analysis: A Research Tool}},
  publisher = {Springer-Verlag},
  year = {1998},
  author = {J. O. Rawlings and S. G. Pantula and D. A. Dickey},
  address = {New York},
  edition = {2nd},
}

@Article{SakalhogluKacciranlarAkdeniz2001,
  author = {S. SakalhoÄŸlu and Selahattin Kac\c{}iranlar and Fikri Akdeniz},
  title = {{Mean Squared Error Comparisons of Some Biased Regression Estimators}},
  journal = {Communications in Statistics-Theory and Methods},
  year = {2001},
  volume = {30},
  number = {2},
  pages = {347--361},
  url = {http://doi.org/10.1081/STA-100002036},
}

@Misc{SAS,
  author = {{SAS 9.3}},
  title = {{SAS Institute Inc.}},
  year = {2011},
  note = {Cary, NC, USA},
}

@Book{SeberLee2003,
  title = {{Linear Regression Analysis}},
  publisher = {John Wiley \& Sons},
  year = {2003},
  author = {G. A. F. Seber and A. J. Lee},
  address = {New Jersey},
  edition = {2},
}

@Misc{StataCorp.2015,
  author = {{StataCorp}},
  title = {Stata Statistical Software: Release 14},
  year = {2015},
  note = {College Station, Texas 77845 USA},
}

@Misc{statgraphicsXVII2014,
  author = {{Statgraphics Centurion XVII}},
  title = {{Statpoint Technologies, Inc.}},
  year = {2015},
  note = {Warrenton, Virginia.},
}

@InProceedings{Stein1956,
  author = {C. Stein},
  title = {{Inadmissibility of Usual Estimator for the Mean of a Multivariate Normal Distribution}},
  booktitle = {Proc. Third Berkeley Symp. Mathemat. Statist, Probab.},
  year = {1956},
  pages = {197--206},
  address = {Berkeley},
  publisher = {University of California Press},
}

@Book{StockWatson2010,
  title = {{Introduction to Econometrics}},
  publisher = {Pearson Addison-Wesley},
  year = {2010},
  author = {James H Stock and Mark W Watson},
  edition = {3rd},
}

@Book{Team2015,
  title = {{Writing R Extensions}},
  publisher = {R Foundation for Statistical Computing},
  year = {2015},
  author = {{R~Core~Team}},
  note = {Version R 3.2.3},
}

@Book{Theil1971,
  title = {{Principles of Econometrics}},
  publisher = {John Wiley \& Sons},
  year = {1971},
  author = {H. Theil},
  address = {New York},
}

@Article{TorigoeUjiie2006,
  author = {N Torigoe and K Ujiie},
  title = {{On the Restricted Liu Estimator in the Gauss-Markov Model}},
  journal = {Communications in Statistics--Theory and Methods},
  year = {2006},
  volume = {35},
  number = {9},
  pages = {1713--1722},
  url = {http://doi.org/10.1080/03610920600683754},
}

@PhdThesis{Tripp1983,
  author = {R. E. Tripp},
  title = {{Non-Stochastic Ridge Regression and Effective Rank of the Regressors Matrix}},
  school = {Department of Statistic},
  year = {1983},
  type = {Ph.D. Thesis},
  address = {Virginia Polytechnic Institute and State University.},
}

@Book{VenablesRipley2002,
  title = {{Modern Applied Statistics with S}},
  publisher = {Springer-Verlag},
  year = {2002},
  author = {W. N. Venables and B. D. Ripley},
  address = {New York},
  edition = {4th},
  note = {ISBN 0-387-95457-0},
  url = {http://www.stats.ox.ac.uk/pub/MASS4},
}

@Article{WalkerBirch1988,
  author = {E Walker and J. B. Birch},
  title = {{Influence Measures in Ridge Regression}},
  journal = {Technometrics},
  year = {1988},
  volume = {30},
  number = {2},
  pages = {221--227},
  url = {http://doi.org/10.2307/1270168},
}

@Manual{Wickham2014,
  title = {{meifly: Interactive Model Exploration Using GGobi}},
  author = {Hadley Wickham},
  year = {2014},
  note = {{R package version 0.3}},
  url = {{https://CRAN.R-project.org/package=meifly}},
}

@Book{Younger1979,
  title = {A Handbook for Linear Regression},
  publisher = {MA: Duxbury Resource Center},
  year = {1979},
  author = {M. S. Younger},
  address = {North Scituate},
}
