@Article{Babanezhad2010,
  title = {Comparison of Causal Effect Estimators under Exposure Misclassification},
  author = {Manoochehr Babanezhad and Stijn Vansteelandt and Els Goetghebeur},
  journal = {Journal of Statistical Planning and Inference},
  volume = {140},
  pages = {1306-1319},
  year = {2010},
  publisher = {Elsevier},
  url = {https://doi.org/10.1016/j.jspi.2009.11.015},
}

@Article{BangRobins2005,
  title = {Doubly Robust Estimation in Missing Data and Causal Inference Models},
  author = {Heejung Bang and James M Robins},
  journal = {Biometrics},
  volume = {61},
  pages = {962-973},
  year = {2005},
  publisher = {John Wiley \& Sons},
  url = {https://doi.org/10.1111/j.1541-0420.2005.00377.x},
}

@Article{Braun2016,
  title = {Using Validation Data to Adjust the Inverse Probability Weighting Estimator for Misclassified Treatment},
  author = {Danielle Braun and Corwin Zigler and Francesca Dominici and Malka Gorfine},
  journal = {Harvard University Biostatistics Working Paper Series. Working Paper 201},
  pages = {1-19},
  year = {2016},
  publisher = {bepress},
}

@Book{Buonaccorsi2010,
  title = {Measurement Error: Models, Methods, and Applications},
  author = {J. P. Buonaccorsi},
  year = {2010},
  publisher = {Chapman \& Hall/CRC, London},
}

@Book{Carroll2006,
  title = {{Measurement Error in Nonlinear Models: A Modern Perspective, 2nd Edition}},
  author = {Raymond J Carroll and David Ruppert and Leonard A Stefanski and Ciprian M Crainiceanu},
  year = {2006},
  publisher = {Chapman \& Hall/CRC, Boca Raton},
}

@Book{Efron1982,
  title = {The Jackknife, the Bootstrap and Other Resampling Plans},
  author = {B Efron},
  volume = {38},
  year = {1982},
  publisher = {SIAM, Philadelphia},
}

@Book{EfronTibshirani1993,
  title = {An Introduction to the Bootstrap},
  author = {B Efron and R Tibshirani},
  year = {1993},
  publisher = {London: Chapman \& Hall/CRC},
}

@Book{Fuller1987,
  title = {Measurement Error Models},
  author = {W. A Fuller},
  year = {1987},
  publisher = {John Wiley \& Sons},
}

@Book{Gustafson2004,
  title = {Measurement Error and Misclassification in Statistics and Epidemiology},
  author = {P Gustafson},
  year = {2003},
  publisher = {Chapman \& Hall/CRC, London},
}

@Book{HernanRobins2016,
  title = {Causal Inference},
  author = {M. A. Hernán and J. M. Robins},
  year = {2019},
  publisher = {Chapman \& Hall/CRC, Boca Raton, forthcoming},
}

@Book{Heyde1997,
  title = {{Quasi-Likelihood and Its Application: A General Approach to Optimal Parameter Estimation}},
  author = {C C Heyde},
  year = {1997},
  publisher = {Springer-Verlag},
}

@Book{ImbensRubin2015,
  title = {Causal Inference in Statistics, Social, and Biomedical Sciences},
  author = {Guido W Imbens and Donald B Rubin},
  year = {2015},
  publisher = {Cambridge University Press, New York},
}

@Manual{ipwErrorY,
  title = {ipw{E}rror{Y}: Inverse Probability Weighted Estimation of Average Treatment Effect with Misclassified Binary Outcome},
  author = {Di Shu and Grace Y Yi},
  year = {2019},
  note = {R~package version~2.1},
  url = {https://CRAN.R-project.org/package=ipwErrorY},
}

@Book{LittleRubin2002,
  title = {Statistical Analysis with Missing Data, 2nd Edition},
  author = {Roderick JA Little and Donald B Rubin},
  year = {2002},
  publisher = {John Wiley \& Sons},
}

@Article{LuncefordDavidian2004,
  title = {Stratification and Weighting via the Propensity Score in Estimation of Causal Treatment Effects: A Comparative Study},
  author = {Jared K Lunceford and Marie Davidian},
  journal = {Statistics in Medicine},
  volume = {23},
  pages = {2937-2960},
  year = {2004},
  publisher = {John Wiley \& Sons},
  url = {https://doi.org/10.1002/sim.1903},
}

@Article{McCaffrey2013,
  title = {Inverse Probability Weighting with Error-Prone Covariates},
  author = {Daniel F McCaffrey and JR Lockwood and Claude M Setodji},
  journal = {Biometrika},
  volume = {100},
  pages = {671-680},
  year = {2013},
  publisher = {Biometrika Trust},
  url = {https://doi.org/10.1093/biomet/ast022},
}

@Article{NeweyMcFadden1994,
  title = {Large Sample Estimation and Hypothesis Testing},
  author = {Whitney K Newey and Daniel McFadden},
  journal = {Handbook of Econometrics},
  volume = {4},
  pages = {2111-2245},
  year = {1994},
  publisher = {Elsevier},
}

@Manual{nleqslv,
  title = {Nleqslv: Solve Systems of Nonlinear Equations},
  author = {Berend Hasselman},
  year = {2016},
  note = {{R}~package version~3.0},
  url = {https://CRAN.R-project.org/package=nleqslv},
}

@Article{Robins1994,
  title = {Estimation of Regression Coefficients When Some Regressors Are Not Always Observed},
  author = {James M Robins and Andrea Rotnitzky and Lue Ping Zhao},
  journal = {Journal of the American Statistical Association},
  volume = {89},
  pages = {846-866},
  year = {1994},
  publisher = {Taylor \& Francis Group},
  url = {https://doi.org/10.2307/2290910},
}

@Article{Robins2000,
  title = {Marginal Structural Models and Causal Inference in Epidemiology},
  author = {James M Robins and Miguel Angel Hernán and Babette Brumback},
  journal = {Epidemiology},
  volume = {11},
  pages = {550-560},
  year = {2000},
  publisher = {JSTOR},
}

@Article{Rosenbaum1987,
  title = {Model-Based Direct Adjustment},
  author = {Paul R Rosenbaum},
  journal = {Journal of the American Statistical Association},
  volume = {82},
  pages = {387-394},
  year = {1987},
  publisher = {Taylor \& Francis},
  url = {https://doi.org/10.2307/2289440},
}

@Article{Rosenbaum1998,
  title = {Propensity Score},
  author = {Paul R Rosenbaum},
  journal = {In Encyclopedia of Biostatistics},
  volume = {5},
  pages = {3551-3555},
  year = {1998},
  publisher = {John Wiley \& Sons},
}

@Article{RosenbaumRubin1983,
  title = {The Central Role of the Propensity Score in Observational Studies for Causal Effects},
  author = {Paul R Rosenbaum and Donald B Rubin},
  journal = {Biometrika},
  volume = {70},
  pages = {41-55},
  year = {1983},
  publisher = {Biometrika Trust},
  url = {https://doi.org/10.1093/biomet/70.1.41},
}

@Book{Rothman2008,
  title = {Modern Epidemiology, 3rd Edition},
  author = {Kenneth J Rothman and Sander Greenland and Timothy L Lash},
  year = {2008},
  publisher = {Lippincott Williams \& Wilkins, Philadelphia},
}

@Article{Scharfstein1999,
  title = {Adjusting for Nonignorable Drop-Out Using Semiparametric Nonresponse Models},
  author = {Daniel O Scharfstein and Andrea Rotnitzky and James M Robins},
  journal = {Journal of the American Statistical Association},
  volume = {94},
  pages = {1096-1120},
  year = {1999},
  publisher = {Taylor \& Francis},
  url = {https://doi.org/10.2307/2669930},
}

@Article{Stefanski2002,
  title = {The Calculus of M-Estimation},
  author = {Leonard A Stefanski and Dennis D Boos},
  journal = {The American Statistician},
  volume = {56},
  pages = {29-38},
  year = {2002},
  publisher = {Taylor \& Francis},
  url = {https://doi.org/10.1198/000313002753631330},
}

@Article{ShuYi2017,
  title = {Causal Inference with Measurement Error in Outcomes: Bias Analysis and Estimation Methods},
  author = {Di Shu and Grace Y Yi},
  journal = {Statistical Methods in Medical Research},
  year = {2017},
  url = {https://doi.org/10.1177/0962280217743777},
}

@Article{White2001,
  title = {Correcting for Measurement Error in Binary and Continuous Variables Using Replicates},
  author = {Ian White and Chris Frost and Shoji Tokunaga},
  journal = {Statistics in Medicine},
  volume = {20},
  pages = {3441-3457},
  year = {2001},
  url = {https://doi.org/10.1002/sim.908},
}

@Book{Yi2016book,
  title = {{Statistical Analysis with Measurement Error or Misclassification: Strategy, Method and Application}},
  author = {Grace Y Yi},
  year = {2017},
  publisher = {Springer-Verlag},
}

@Article{YiHe2017,
  title = {Analysis of Case-Ontrol Data with Interacting Misclassified Covariates},
  author = {Grace Y Yi and Wenqing He},
  journal = {Journal of Statistical Distributions and Applications},
  volume = {4},
  pages = {1-16},
  year = {2017},
  url = {https://doi.org/10.1186/s40488-017-0069-0},
  publisher = {Springer-Verlag},
}
