
%% R-Forge User's Manual !!! Please change URL on R-Forge home page !!!
@Manual{forge:usermanual:2008,
  title = 	 {R-Forge User's Manual},
  author = 	 {{R-Forge Administration and Development Team}},
  url =          {http://download.R-Forge.R-project.org/R-Forge.pdf},
  year = 	 2008}

%% R-Forge build and check tools R package
@Manual{forge:theussl:2008,
  title = {{RForgeTools: R-Forge Build and Check Tools}},
  author = {Stefan Theu\ss{}l},
  year = {2009},
  url = {http://R-Forge.R-project.org/projects/site/},
  note = {R package version 0.3-3},
}


@Book{forge:Cederqvist:2006,
  author	= {Per {Cederqvist et al.}},
  title		= {Version Management with CVS},
  year		= {2006},
  publisher	= {Network Theory Limited},
  address	= {Bristol},
  note		= {Full book available online at \url{http://ximbiot.com/cvs/manual/}},
}

@Manual{forge:copeland_et_al:2006,
  title = 	 {{GForge Manual}},
  author =	 {Tom Copeland and Roland Mas and Ken McCullagh and Tim Perdue and Guillaume Smet and Reinhard Spisser},
  year =	 2006,
  url = {http://gforge.org/gf/download/docmanfileversion/8/1700/gforge_manual.pdf}
}


@Book{forge:Pilato+Collins-Sussman+Fitzpatrick:2004,
  author	= {C. Michael Pilato and Ben Collins-Sussman and Brian W. Fitzpatrick},
  title		= {Version Control with Subversion},
  year		= {2004},
  publisher	= {O'Reilly},
  note		= {Full book available online at \url{http://svnbook.red-bean.com/}},
}

@article{forge:Raymond:1999,
  title={{The Cathedral and the Bazaar}},
  author={Eric S. Raymond},
  journal={Knowledge, Technology, and Policy},
  volume={12},
  number={3},
  pages={23--49},
  year={1999},
  publisher={Springer}
}
