@Manual{lbfgsb3c,
  title = {Lbfgsb3c: Limited Memory {BFGS} Minimizer with Bounds on Parameters with Optim() {'C'} Interface},
  author = {Matthew L Fidler and John C Nash and Ciyou Zhu and Richard Byrd and Jorge Nocedal and Jose Luis Morales},
  year = {2018},
  note = {R~package version 2018-2.13-1},
  url = {https://CRAN.R-project.org/package=lbfgsb3c},
}

@Manual{lbfgsb3,
  title = {Lbfgsb3: Limited Memory {BFGS} Minimizer with Bounds on Parameters},
  author = {John C Nash and Ciyou Zhu and Richard Byrd and Jorge Nocedal and Jose Luis Morales},
  year = {2015},
  note = {R~package version 2015-2.13},
  url = {https://CRAN.R-project.org/package=lbfgsb3},
}

@Article{Byrd:etal:96,
  title = {A Limited-Memory Algorithm for Bound-Constrained Optimization},
  author = {R. H. Byrd and L. Peihuang and J. Nocedal},
  url = {https://doi.org/10.2172/204262},
  journal = {Technical Report},
  year = {1996},
}

@Manual{optimParallel,
  title = {{optimParallel}: A Parallel Version of the {L-BFGS-B} Method Optim()},
  author = {Florian Gerber},
  year = {2019},
  note = {{R}~package version~0.8},
  url = {https://CRAN.R-project.org/package=optimParallel},
}

@Article{Gerb:Mosi:Furr:16,
  title = {Extending {R}~packages to Support {64-Bit} Compiled Code: An Illustration with {spam64} and {GIMMS} {NDVI\textsubscript{3g}} Data},
  author = {Florian Gerber and Kaspar MÃ¶singer and Reinhard Furrer},
  journal = {Computers {\&} Geosciences},
  year = {2017},
  url = {https://doi.org/10.1016/j.cageo.2016.11.015},
  volume = {104},
  pages = {109--119},
}

@Manual{microbenchmark,
  title = {Microbenchmark: Accurate Timing Functions},
  author = {Olaf Mersmann and Claudia Beleites and Rainer Hurling and Ari Friedman and Joshua M. Ulrich},
  year = {2018},
  note = {{R}~package version~1.4-4},
  url = {https://CRAN.R-project.org/package=microbenchmark},
}

@Book{Nash:14,
  title = {Nonlinear Parameter Optimization Using R Tools},
  author = {John C. Nash},
  isbn = {9781118883969},
  url = {https://doi.org/10.1002/9781118884003},
  year = {2014},
  publisher = {John Wiley \& Sons},
}

@Article{jss:optim,
  title = {Special Volume: Numerical Optimization in {R}: Beyond Optim},
  author = {Ravi Varadhan},
  year = {2014},
  volume = {6},
  issn = {1548-7660},
  url = {https://www.jstatsoft.org/issue/view/v060},
  journal = {Journal of Statistical Software},
}

@Article{Hadl:11,
  author = {Hadley Wickham},
  title = {Testthat: Get Started with Testing},
  journal = {The R Journal},
  year = {2011},
  volume = {3},
  pages = {5--10},
  url = {http://journal.R-project.org/archive/2011-1/RJournal_2011-1_Wickham.pdf},
}

@Manual{testthat,
  title = {Testthat: Unit Testing for {R}},
  author = {Hadley Wickham},
  year = {2017},
  note = {R~package version 2.0.0},
  url = {https://CRAN.R-project.org/package=testthat},
}
