

@Manual{n2013,
author={Nadarajah, S},
title={CompLognormal: Functions for Actuarial Scientists},
year={2013},
url={http://cran.r-project.org/web/packages/CompLognormal/index.html},
}


@phdthesis{b2012,
author={Bakar, SAA},
title={Some Contributions to Actuarial Parametric Modeling},
year={2012},
school={University of Manchester, UK},
}



@Manual{g2013,
author={Gillespie, C},
title={Fitting Heavy Tailed Distributions: The poweRlaw Package},
year={2013},
url={http://cran.r-project.org/web/packages/poweRlaw/index.html},
}

@Book{r2002,
  title = {Modern Applied Statistics with S},
  author = {W. N. Venables and B. D. Ripley},
  publisher = {Springer},
  edition = {Fourth},
  address = {New York},
  year = {2002},
  note = {ISBN 0-387-95457-0},
  url = {http://www.stats.ox.ac.uk/pub/MASS4},
}

@Manual{detal2013,
author={Delignette-Muller, ML and Pouillot, R and Denis, J-B and Dutang, C},
title={fitdistrplus: Help to Fit of a Parametric Distribution to Non-Censored or Censored Data},
year={2013},
url={http://cran.r-project.org/web/packages/fitdistrplus/fitdistrplus.pdf},
}

@Manual{rc2012,
author={{R Core Team}},
title={stats4: Statistical Functions using S4 Classes},
year={2012},
url={http://stat.ethz.ch/R-manual/R-devel/library/stats4/html/stats4-package.html},
}


@Manual{kr2013,
author={Kohl, M and Ruckdeschel, P},
title={distrMod: Object Oriented Implementation of Probability Models},
year={2013},
url={http://cran.r-project.org/web/packages/distrMod/index.html},
}




@inproceedings{bgn2010,
author={Bolanc\'{e}, C and Guill\'{e}n, M and  Nielsen, JP},
title={Transformation Kernel Estimation of Insurance Claim Cost Distributions},
booktitle={Mathematical and Statistical Methods for Actuarial Sciences and Finance},
year={2010},
pages={43-51},
}




@ARTICLE{bc1998,
author={Barford, P and Crovella, M},
title={Generating Representative Web Workloads for Network and Server Performance Evaluation},
journal={ACM SIGMETRICS Performance Evaluation Review},
year={1998},
volume={26},
pages={151-160},
}



@ARTICLE{ca2005,
author={Cooray, K and Ananda, MMA},
title={Modeling Actuarial Data with a Composite Lognormal-{P}areto Model},
journal={Scandinavian Actuarial Journal},
year={2005},
pages={321-334},
}



@Manual{d2012,
author={Davison, AC},
title={SMPracticals: Practicals for Use with Davison (2003) Statistical Models},
year={2012},
note={R package version 1.4-1},
url={http://CRAN.R-project.org/package=SMPracticals},
}



@book{jetal1994a,
author={Johnson, NL and Kotz, S and Balakrishnan, N},
title={Continuous Univariate Distributions},
publisher={John Wiley and Sons},
year={1994},
volume={1}
}

@book{jetal1994b,
author={Johnson, NL and Kotz, S and Balakrishnan, N},
title={Continuous Univariate Distributions},
publisher={John Wiley and Sons},
year={1994},
volume={2}
}



@book{ketal2004,
author={Klugman, SA and Panjer, HH and Willmot, G},
title={Loss Models: From Data to Decisions},
publisher={John Wiley and Sons},
year={2004},
edition={third}
}


@ARTICLE{ec2012,
author={Eliazar, II and Cohen, MH},
title={A {L}angevin Approach to the Log-{G}auss-{P}areto Composite Statistical Structure},
journal={Physica A: Statistical Mechanics and Its Applications},
year={2012},
volume={391},
pages={5598-5610},
}


@misc{f2010,
author={Fackler, M},
title={Inflation and Excess Insurance},
note={ASTIN / AFIR Colloquium, Madrid},
year={2010},
}





@Manual{getal2012,
author={Goulet, V and Auclair, S and Dutang, C and Milhaud, X and Ouellet, T and Pouliot, L-P and Pigeon, M},
title={actuar: Actuarial Functions},
year={2012},
note={R package version 1.1-5},
url={http://CRAN.r-project.org/web/packages/actuar/index.html},
}



@mastersthesis{l2011,
author={Lindblad, K-S},
title={How Big is Large?
{A} Study of the Limit for Large Insurance Claims in Case Reserves},
year={2011},
school={KTH/Matematisk statistik},
}



@ARTICLE{nb2012,
author={Nadarajah, S and Bakar, SAA},
title={New Composite Models for the {D}anish Fire Insurance Data},
journal={Scandinavian Actuarial Journal},
year={2012},
note={DOI: 10.1080/03461238.2012.695748},
}





@ARTICLE{pd2011,
author={Pigeon, M and Denuit, M},
title={Composite Lognormal-{P}areto Model with Random Threshold},
journal={Scandinavian Actuarial Journal},
year={2011},
pages={177-192},
}




@ARTICLE{dubetal2013,
author={Dubey, SK and Ponnu, B and Arkatkar, SS},
title={Time Gap Modeling using Mixture Distributions under Mixed Traffic Conditions},
journal={Journal of Transportation Systems Engineering and Information Technology},
year={2013},
volume={13},
pages={91-98},
}




@ARTICLE{s2007,
author={Scollnik, DPM},
title={On Composite Lognormal-{P}areto Models},
journal={Scandinavian Actuarial Journal},
year={2007},
pages={20-33},
}


@ARTICLE{gm1973,
author={Gibbons, JF and Mylroie, S},
title={Estimation of Impurity Profiles in Ionimplanted Amorphous Targets using Joined Half-{G}aussian Distributions},
journal={Applied Physics Letters},
year={1973},
volume={22},
pages={568-569},
}


