@ARTICLE{balakrishna2014inverse,
  title={Inverse {G}aussian Distribution for Modeling Conditional Durations in Finance},
  author={Balakrishna, N and Rahul, T},
  journal={Communications in Statistics-Simulation and Computation},
  volume={43},
  number={3},
  pages={476--486},
  year={2014},
  publisher={Taylor \& Francis}
}

@ARTICLE{bardsley1980inversegauss,
  title={Note on the use of the inverse {G}aussian distribution for wind energy applications},
  author={Bardsley, WE},
  journal={Journal of Applied Meteorology},
  volume={19},
  number={9},
  pages={1126--1130},
  year={1980}
}

@ARTICLE{blough1999modeling,
  title={Modeling risk using generalized linear models},
  author={Blough, David K and Madden, Carolyn W and Hornbrook, Mark C},
  journal={Journal of Health Economics},
  volume={18},
  number={2},
  pages={153--171},
  year={1999},
  publisher={Elsevier}
}

@ARTICLE{chhikara1974estimation,
  title={Estimation of the inverse {G}aussian distribution function},
  author={Chhikara, Raj S and Folks, J Leroy},
  journal={Journal of the American Statistical Association},
  volume={69},
  number={345},
  pages={250--254},
  year={1974},
  publisher={Taylor \& Francis}
}

@ARTICLE{chhikara1977invgausslifetime,
  title={The Inverse {G}aussian Distribution as a Lifetime Model},
  author={Chhikara, RS and Folks, JL},
  journal={Technometrics},
  volume={19},
  number={4},
  pages={461--468},
  year={1977},
  publisher={Taylor \& Francis}
}
@BOOK{chhikara1989inversegauss,
  title={The Inverse {G}aussian Distribution},
  author={Chhikara, Raj S},
  publisher = {Marcel Dekker},
  year={1989},
  address = {New York}
}

@book{dejong2008glms,
  title={Generalized linear models for insurance data},
  author={De Jong, Piet and Heller, Gillian Z},
  year={2008},
  publisher={Cambridge University Press},
  address={Cambridge}
}

@BOOK{johnson1970continuous,
    title = {Continuous Univariate Distributions, Vol. 1 },
    author = {N. L. Johnson and S Kotz},
    year= {1970},
    publisher = {Wiley-Interscience},
    address = {New York}
}

@ARTICLE{kallioras2014percentile,
  title={Percentile estimation in inverse {G}aussian distributions},
  author={Kallioras, Athanasios G and Koutrouvelis, Ioannis A},
  journal={Communications in Statistics-Simulation and Computation},
  volume={43},
  number={2},
  pages={269--284},
  year={2014},
  publisher={Taylor \& Francis}
}

@BOOK{mccullagh1989glms,
  title = {Generalized Linear Models},
  publisher = {Chapman \& Hall/CRC},
  year = {1989},
  author = {P. McCullagh and John A. Nelder},
  address = {Boca Raton, Florida},
  edition = {2nd},
}

@ARTICLE{michael1976generating,
  title={Generating random variates using transformations with multiple roots},
  author={Michael, John R and Schucany, William R and Haas, Roy W},
  journal={The American Statistician},
  volume={30},
  number={2},
  pages={88--90},
  year={1976},
  publisher={Taylor \& Francis}
}

@BOOK{press1992numericalrecipes,
  author = {W. H. Press and S. A. Teukolsky and W. T. Vetterling and B. P. Flannery},
  year = {1992},
  title = {Numerical recipes in Fortran},
  publisher = {Cambridge University Press},
  address = {Cambridge}
}

@Manual{rmutil,
  title = {{rmutil}: Utilities for Nonlinear Regression and Repeated Measurements Models},
  author = {Jim Lindsey},
  year = {2010},
  note = {R package version 1.0, last changed 2010-02-15},
  url = {http://www.commanster.eu/rcode.html},
}

@BOOK{seshadri1993inversegauss,
  title={The Inverse {G}aussian Distribution: a Case Study in Exponential Families},
  author={Seshadri, V},
  year={1993},
  publisher={Clarendon Press},
  address = {Oxford}
}

@ARTICLE{shuster1968inverse,
  title={On the inverse {G}aussian distribution function},
  author={Shuster, Jonathan},
  journal={Journal of the American Statistical Association},
  volume={63},
  number={324},
  pages={1514--1516},
  year={1968},
  publisher={Taylor \& Francis Group}
}

@Manual{smyth1998invgauss,
  title = {invgauss: Inverse {G}aussian Distribution},
  author = {Gordon K. Smyth},
  year = {1998},
  note = {Functions for S-Plus},
  url = {http://www.statsci.org/s/invgauss.html},
}

@ARTICLE{smyth1999adjusted,
  author = {Smyth, G.K. and Verbyla, A.P.},
  title = {Adjusted likelihood methods for modelling dispersion in generalized linear models},
  journal = {Environmetrics},
  year = {1999},
  volume = {10},
  pages = {695--709},
  number = {6}
}

@Manual{STAR,
  title = {{STAR}: Spike Train Analysis with R},
  author = {Christophe Pouzat},
  year = {2012},
  note = {R~package version~0.3-7, dated 2012-10-08},
  url = {http://CRAN.R-project.org/package=STAR},
}

@MANUAL{statmod,
  author = {Gordon K. Smyth},
  title = {{statmod}: Statistical Modeling},
  year = {2016},
  note = {R~package version~1.4.23},
  url = {http://CRAN.R-project.org/package=statmod}
}

@Manual{SuppDists,
  title = {{SuppDists}: Supplementary Distributions},
  author = {Wheeler, B},
  year = {2009},
  note = {R~package version~1.1-9.1, dated 2009-12-09},
  url = {http://CRAN.R-project.org/package=SuppDists},
}

@ARTICLE{tweedie1957inversegaussian,
  author = {Tweedie, Maurice CK},
  title = {Statistical Properties of Inverse {G}aussian Distributions {I}.},
  journal = {The Annals of Mathematical Statistics},
  year = {1957},
  volume = {28},
  pages = {362--377},
  number = {2},
  publisher = {JSTOR}
}

@ARTICLE{wang2010inverse,
  title={An inverse {G}aussian process model for degradation data},
  author={Wang, Xiao and Xu, Dihua},
  journal={Technometrics},
  volume={52},
  number={2},
  pages={188--197},
  year={2010},
  publisher={Taylor \& Francis}
}

@ARTICLE{whitmore1975inversegauss,
  title={The inverse {G}aussian distribution as a model of hospital stay.},
  author={Whitmore, G, A},
  journal={Health Services Research},
  volume={10},
  number={3},
  pages={297},
  year={1975},
  publisher={Health Research \& Educational Trust}
}

@article{whitmore1978normalizing,
  title={A normalizing logarithmic transformation for inverse {G}aussian random variables},
  author={Whitmore, GA and Yalovsky, M},
  journal={Technometrics},
  volume={20},
  number={2},
  pages={207--208},
  year={1978},
  publisher={Taylor \& Francis Group}
}

