@Article{pdp,
  title = {Pdp: An R Package for Constructing Partial Dependence Plots},
  author = {Brandon M. Greenwell},
  journal = {The R Journal},
  year = {2017},
  volume = {9},
  number = {1},
  pages = {421--436},
  url = {https://doi.org/10.32614/rj-2017-016},
}

@Article{mlr,
  title = {{mlr}: Machine Learning in R},
  author = {Bernd Bischl and Michel Lang and Lars Kotthoff and Julia Schiffner and Jakob Richter and Erich Studerus and Giuseppe Casalicchio and Zachary M. Jones},
  journal = {Journal of Machine Learning Research},
  year = {2016},
  volume = {17},
  number = {170},
  pages = {1-5},
}

@Article{archivist,
  title = {{archivist: An R Package for Managing, Recording and Restoring Data Analysis Results}},
  author = {Przemyslaw Biecek and Marcin Kosinski},
  journal = {Journal of Statistical Software},
  year = {2017},
  volume = {82},
  number = {11},
  pages = {1--28},
  url = {https://doi.org/10.18637/jss.v082.i11},
}

@Article{friedman2001,
  author = {Jerome H. Friedman},
  fjournal = {The Annals of Statistics},
  journal = {Ann. Statist.},
  number = {5},
  pages = {1189--1232},
  publisher = {The Institute of Mathematical Statistics},
  title = {Greedy Function Approximation: A Gradient Boosting   Machine.},
  url = {https://doi.org/10.1214/aos/1013203451},
  volume = {29},
  year = {2001},
}

@Article{goldstein_peeking_2015,
  title = {Peeking {Inside} the {Black} {Box}: {Visualizing} {Statistical} {Learning} {With} {Plots} of {Individual} {Conditional} {Expectation}},
  volume = {24},
  issn = {1061-8600, 1537-2715},
  shorttitle = {Peeking {Inside} the {Black} {Box}},
  language = {en},
  number = {1},
  journal = {Journal of Computational and Graphical Statistics},
  author = {Alex Goldstein and Adam Kapelner and Justin Bleich and Emil Pitkin},
  year = {2015},
  pages = {44--65},
  url = {https://doi.org/10.1080/10618600.2014.907095},
}

@InProceedings{lime,
  author = {Marco Tulio Ribeiro and Sameer Singh and Carlos Guestrin},
  title = {{"}Why Should I Trust You?{"}: Explaining the Predictions of Any Classifier},
  booktitle = {Proceedings of the 22Nd ACM SIGKDD International Conference on Knowledge Discovery and Data Mining},
  series = {KDD '16},
  year = {2016},
  isbn = {978-1-4503-4232-2},
  location = {San Francisco, California, USA},
  pages = {1135--1144},
  numpages = {10},
  acmid = {2939778},
  publisher = {ACM},
  address = {New York, NY, USA},
  url = {https://doi.org/10.1145/2939672.2939778},
}

@Article{party,
  title = {Conditional Variable Importance for Random Forests},
  author = {Carolin Strobl and Anne-Laure Boulesteix and Thomas Kneib and Thomas Augustin and Achim Zeileis},
  journal = {BMC Bioinformatics},
  year = {2008},
  volume = {9},
  number = {307},
}

@Manual{kaggle,
  title = {Anthony Goldbloom Gives You the Secret to Winning Kaggle Competitions},
  author = {Andrew Fogg},
  year = {2016},
}

@Manual{lime_pkg,
  title = {Lime: Local Interpretable Model-Agnostic Explanations},
  author = {Thomas Lin Pedersen and Michaël Benesty},
  year = {2018},
  note = {R package version 0.4.1},
  url = {https://CRAN.R-project.org/package=lime},
}

@Article{wine_quality,
  author = {Paulo Cortez and António Cerdeira and Fernando Almeida and Telmo Matos and José Reis},
  title = {Modeling Wine Preferences by Data Mining from Physicochemical Properties},
  journal = {Decis. Support Syst.},
  issue_date = {November, 2009},
  volume = {47},
  number = {4},
  year = {2009},
  issn = {0167-9236},
  pages = {547--553},
  numpages = {7},
  acmid = {1628356},
  publisher = {Elsevier Science Publishers B. V.},
  address = {Amsterdam, The Netherlands, The Netherlands},
  url = {https://doi.org/10.1016/j.dss.2009.05.016},
}

@Article{magix,
  author = {N. Puri and P. Gupta and P. Agarwal and S. Verma and B. Krishnamurthy},
  title = {{MAGIX: Model Agnostic Globally Interpretable Explanations}},
  journal = {ArXiv e-prints},
  archiveprefix = {arXiv},
  eprint = {1706.07160},
  primaryclass = {cs.AI},
  year = {2017},
  adsnote = {Provided by the SAO/NASA Astrophysics Data System},
}

@Article{alime,
  author = {M. {Tulio Ribeiro} and S. Singh and C. Guestrin},
  title = {{Nothing Else Matters: Model-Agnostic Explanations By Identifying Prediction Invariance}},
  journal = {ArXiv e-prints},
  archiveprefix = {arXiv},
  eprint = {1611.05817},
  primaryclass = {stat.ML},
  year = {2016},
  adsnote = {Provided by the SAO/NASA Astrophysics Data System},
}

@InProceedings{Strumbelj:2011:GMV:1997005.1997009,
  author = {Erik Štrumbelj and Igor Kononenko},
  title = {A General Method for Visualizing and Explaining Black-Box Regression Models},
  booktitle = {Proceedings of the 10th International Conference on Adaptive and Natural Computing Algorithms - Volume Part II},
  series = {ICANNGA'11},
  year = {2011},
  isbn = {978-3-642-20266-7},
  location = {Ljubljana, Slovenia},
  pages = {21--30},
  numpages = {10},
  acmid = {1997009},
  publisher = {Springer-Verlag},
  address = {Berlin, Heidelberg},
  url = {https://doi.org/10.1007/978-3-642-20267-4_3},
}

@InProceedings{nnet_vis,
  author = {F. Y. Tzeng and K. L. Ma},
  booktitle = {VIS 05. IEEE Visualization, 2005.},
  title = {Opening the Black Box - Data Driven Visualization of Neural Networks},
  year = {2005},
  pages = {383-390},
  url = {https://doi.org/10.1109/visual.2005.1532820},
}

@Article{icebox_art,
  author = {Alex Goldstein and Adam Kapelner and Justin Bleich and Emil Pitkin},
  title = {Peeking Inside the Black Box: Visualizing Statistical Learning With Plots of Individual Conditional Expectation},
  journal = {Journal of Computational and Graphical Statistics},
  volume = {24},
  number = {1},
  pages = {44-65},
  year = {2015},
  publisher = {Taylor & Francis},
  url = {https://doi.org/10.1080/10618600.2014.907095},
}

@InCollection{shapley,
  title = {A Unified Approach to Interpreting Model Predictions},
  author = {Scott M Lundberg and Su-In Lee},
  booktitle = {Advances in Neural Information Processing Systems 30},
  editor = {I. Guyon and U. V. Luxburg and S. Bengio and H. Wallach and R. Fergus and S. Vishwanathan and R. Garnett},
  pages = {4765--4774},
  year = {2017},
  publisher = {Curran Associates, Inc.},
}

@Article{aleplot_art,
  author = {D. ~W. Apley},
  title = {{Visualizing the Effects of Predictor Variables in Black Box Supervised Learning Models}},
  journal = {ArXiv e-prints},
  archiveprefix = {arXiv},
  eprint = {1612.08468},
  primaryclass = {stat.ME},
  year = {2016},
  adsnote = {Provided by the SAO/NASA Astrophysics Data System},
}

@Manual{forestplot,
  title = {Forestmodel: Forest Plots from Regression Models},
  author = {Nick Kennedy},
  year = {2017},
  note = {R package version 0.4.3},
  url = {https://CRAN.R-project.org/package=forestmodel},
}

@Article{lasso_pkg,
  title = {Regularization Paths for Generalized Linear Models via Coordinate Descent},
  author = {Jerome Friedman and Trevor Hastie and Robert Tibshirani},
  journal = {Journal of Statistical Software},
  year = {2010},
  volume = {33},
  number = {1},
  pages = {1--22},
  url = {https://doi.org/10.18637/jss.v033.i01},
}

@Article{lasso_art,
  title = {Regularization Paths for Cox's Proportional Hazards Model via Coordinate Descent},
  author = {Noah Simon and Jerome Friedman and Trevor Hastie and Rob Tibshirani},
  journal = {Journal of Statistical Software},
  year = {2011},
  volume = {39},
  number = {5},
  pages = {1--13},
  url = {https://doi.org/10.18637/jss.v039.i05},
}

@Article{Altmann_Tolosi_Sander_Lengauer_2010,
  title = {Permutation Importance: a Corrected Feature Importance Measure},
  volume = {26},
  issn = {1460-2059, 1367-4803},
  number = {10},
  journal = {Bioinformatics},
  author = {André Altmann and Laura Toloşi and Oliver Sander and Thomas Lengauer},
  year = {2010},
  pages = {1340–1347},
}

@InProceedings{Zeiler_Fergus_2014,
  author = {Matthew D. Zeiler and Rob Fergus},
  title = {Visualizing and Understanding Convolutional Networks},
  booktitle = {Computer Vision -- ECCV 2014},
  year = {2014},
  publisher = {Springer-Verlag},
  pages = {818--833},
  isbn = {978-3-319-10590-1},
  url = {https://doi.org/10.1007/978-3-319-10590-1_53},
}

@Manual{data_table,
  title = {Data.table: Extension of `data.frame`},
  author = {Matt Dowle and Arun Srinivasan},
  year = {2017},
  note = {R package version 1.10.4-3},
  url = {https://CRAN.R-project.org/package=data.table},
}

@Article{4407709,
  author = {M. Robnik-Šikonja and I. Kononenko},
  journal = {IEEE Transactions on Knowledge and Data Engineering},
  title = {Explaining Classifications For Individual Instances},
  year = {2008},
  volume = {20},
  number = {5},
  pages = {589-600},
  issn = {1041-4347},
  url = {https://doi.org/10.1109/tkde.2007.190734},
}

@Manual{caret,
  title = {Caret: Classification and Regression Training},
  author = {Max Kuhn},
  year = {2018},
  note = {R package version 6.0-80},
  url = {https://CRAN.R-project.org/package=caret},
}

@Article{randomForestpkg,
  title = {Classification and Regression by randomForest},
  author = {Andy Liaw and Matthew Wiener},
  journal = {R News},
  year = {2002},
  volume = {2},
  number = {3},
  pages = {18-22},
}

@Manual{e1071,
  title = {E1071: Misc Functions of the Department of Statistics, Probability Theory Group (Formerly: E1071), TU Wien},
  author = {David Meyer and Evgenia Dimitriadou and Kurt Hornik and Andreas Weingessel and Friedrich Leisch},
  year = {2018},
  note = {R package version 1.7-0},
  url = {https://CRAN.R-project.org/package=e1071},
}

@Manual{xgboost,
  title = {Xgboost: Extreme Gradient Boosting},
  author = {Tianqi Chen and Tong He and Michael Benesty and Vadim Khotilovich and Yuan Tang and Hyunsu Cho and Kailong Chen and Rory Mitchell and Ignacio Cano and Tianyi Zhou and Mu Li and Junyuan Xie and Min Lin and Yifeng Geng and Yutian Li},
  year = {2018},
  note = {R package version 0.71.2},
  url = {https://CRAN.R-project.org/package=xgboost},
}

@Article{dalex,
  title = {{DALEX}: Explainers for Complex Predictive Models},
  author = {Przemyslaw Biecek},
  journal = {ArXiv e-prints},
  archiveprefix = {arXiv},
  eprint = {1806.08915},
  primaryclass = {stat.ML},
  year = {2018},
}

@Article{iml,
  author = {Christoph Molnar and Bernd Bischl and Giuseppe Casalicchio},
  title = {Iml: An R Package for Interpretable Machine Learning},
  year = {2018},
  publisher = {Journal of Open Source Software},
  volume = {3},
  number = {26},
  pages = {786},
  journal = {JOSS},
  url = {https://doi.org/10.21105/joss.00786},
}
