@article{algebraicstats,
  title={Algebraic Algorithms for Sampling from Conditional Distributions},
  author={Diaconis, P. and Sturmfels, B.},
  journal={The Annals of Statistics},
  volume={26},
  number={1},
  pages={363--397},
  year={1998},
  publisher={Institute of Mathematical Statistics}
}

@book{lectures,
  title={Lectures on Algebraic Statistics},
  author={Drton, M. and Sturmfels, B. and Sullivant, S.},
  year={2009},
  publisher={Birkh{\" a}user}
}

@manual{rsympy,
  title={rSymPy: {R} Interface to {SymPy} Computer Algebra System},
  author={Grothendieck, G. and Bellosta, C. J. G.},
  year={2010},
  note={R package version 0.2-1.1.},
  url={http://CRAN.R-project.org/package=rSymPy}  
}

@article{multipol2,
  title={Programmers' Niche: Multivariate Polynomials in {R}},
  author={Hankin, R. K. S.},
  journal={R News},
  volume={8},
  number={1},
  pages={41--45},
  year={2008}
}

@manual{multipol,
  title={multipol: Multivariate Polynomials},
  author={Hankin, R. K. S.},
  year={2010},
  note={R package version 1.0-4},
  url={http://CRAN.R-project.org/package=multipol}  
}

@manual{polynom,
  title={polynom: A Collection of Functions to Implement a Class for Univariate Polynomial Manipulations},
  author={Venables, B. and Hornik, K. and Maechler, M.},
  year={2009},
  note={R package version 1.3-6},
  url={http://CRAN.R-project.org/package=polynom}  
}

@manual{polynomF,
  title={PolynomF: Polynomials in {R}},
  author={Venables, B.},
  year={2010},
  note={R package version 0.94},
  url={http://CRAN.R-project.org/package=PolynomF}
}
                  
                  

@book{ggplot2,
  title={ggplot2: Elegant Graphics for Data Analysis},
  author={Wickham, H.},
  year={2009},
  publisher={Springer-Verlag},
  address={New York}
}

@Manual{mpoly,
  title = {mpoly: Symbolic Computation and More with Multivariate Polynomials},
  author = {David Kahle},
  year = {2012},
  note = {R package version 0.0.1},
  url = {http://CRAN.R-project.org/package=mpoly},
}

@Manual{Maple,
  title = 	 {Maple 16},
  author =	 {{Maplesoft}},
  address =	 {Waterloo, Canada},
  year =	 2012,
  url =          {http://www.maplesoft.com/},
}

@Manual{Mathematica,
  title = 	 {Mathematica 9.0},
  author =	 {{Wolfram Research}},
  address =	 {Champaign},
  year =	 2012,
  url =          {http://www.wolfram.com/},
}

@book{PolynomF,
author = {B.~{Venables}},
title = {{PolynomF: Polynomials in R, }},
publisher = {R package version 0.94},
year = {2010},
url = {http://CRAN.R-project.org/package=PolynomF}
}


