% put bibtex entries here!




@article{arellano2005fundamental,
	title={On fundamental skew distributions},
	author={Arellano-Valle, R B and Genton, Marc G},
	journal={Journal of Multivariate Analysis},
	volume={96},
	number={1},
	pages={93--116},
	year={2005},
	publisher={Elsevier}
}

@article{azzalini1996multivariate,
	title={The multivariate skew-normal distribution},
	author={Azzalini, A and Dalla Valle, A},
	journal={Biometrika},
	volume={83},
	number={4},
	pages={715--726},
	year={1996},
	publisher={Oxford University Press}
}



@Manual{Azza22,
	title = {The {R} package \texttt{sn}: The skew-normal and related distributions such as the skew-$t$ and the {SUN} (version 2.1.0).},
	author = {Azzalini, A},
	address = {Universit\`a degli Studi di Padova, Italia},
	year = {2022},
	note = {Home page: \url{http://azzalini.stat.unipd.it/SN/}},
	url = {https://cran.r-project.org/package=sn},
}


@TechReport{brenn2017revisit,
	
	author      = {Brenn, T and Anfinsen, S N},
	institution = {Department of Physics and Technology, University of Troms√∏, The Arctic University of Norway,},
	title       = {A revisit of the {G}ram-{C}harlier and {E}dgeworth series expansions},
	year        = {2017},
	type        = {Artikler, rapporter og annet (fysikk og teknologi)},
	groups      = {LectureNotes2020, NonGaussGraphM},
}


@Article{Chacon2014,
	
	author    = { Chac{\'{o}}n, J E and  Duong, T},
	journal   = {Statistics and Computing},
	title     = {Efficient recursive algorithms for functionals based on higher order derivatives of the multivariate Gaussian density},
	year      = {2015},
	number    = {5},
	pages     = {959--974},
	volume    = {25},
	publisher = {Springer Science and Business Media {LLC}},
	
}



@Manual{dinardo22a,
	title = {kStatistics: Unbiased Estimators for Cumulant Products and Faa Di Bruno's
	Formula},
	author = {Di Nardo, E and Guarino, G},
	year = {2022},
	note = {R package version 2.1.1},
	url = {https://CRAN.R-project.org/package=kStatistics},
}

@ARTICLE{Holmquist96,
	author = {Holmquist, B},
	title = {The D-Variate Vector {H}ermite Polynomial of Order},
	journal = {Linear Alg. and its Appl.},
	year = {1996},
	volume = {237/238},
	pages = {155-190}
}

@article{jamma2021San,
	title={On Multivariate Skewness and Kurtosis},
	author={Jammalamadaka, S Rao and Taufer, E and Terdik, G H},
	journal={Sankhya A},
	volume={83-A},
	pages={607--644},
	year={2021},
	publisher={Springer}
}


@article{jamma2021SJS,
	title={Asymptotic theory for statistics based on cumulant vectors with applications},
	author={Jammalamadaka, S Rao and Taufer, E and Terdik, G H},
	journal={Scandinavian Journal of Statistics},
	volume={48},
	number={2},
	pages={708--728},
	year={2021},
	publisher={Wiley Online Library}
}

@article{jamma2021Sym,
	title={Cumulants of multivariate symmetric and skew symmetric distributions},
	author={Jammalamadaka, S Rao and Taufer, E and Terdik, G H},
	journal={Symmetry},
	volume={13},
	number={8},
	pages={1383},
	year={2021},
	publisher={MDPI}
}


@Article{khale13,
	author = { Kahle, D},
	title = {mpoly: Multivariate Polynomials in {R}},
	journal = {The R Journal},
	year = {2013},
	volume = {5},
	number = {1},
	pages = {162--170},
	url = {https://journal.r-project.org/archive/2013-1/kahle.pdf},
}

@Article{kollo2008multivariate,
	author    = {Kollo, T},
	title     = {Multivariate skewness and kurtosis measures with an application in {ICA}},
	journal   = {Journal of Multivariate Analysis},
	year      = {2008},
	volume    = {99},
	number    = {10},
	pages     = {2328--2338},
	owner     = {GyT},
	publisher = {Elsevier},
}

@article{kolda2009tensor,
	title={Tensor decompositions and applications},
	author={Kolda, Tamara G and Bader, Brett W},
	journal={SIAM review},
	volume={51},
	number={3},
	pages={455--500},
	year={2009},
	publisher={SIAM}
}

@Manual{Komsta22,
	title = {moments: Moments, Cumulants, Skewness, Kurtosis and Related Tests},
	author = {Komsta, Lukasz  and  Novomestky, Frederick},
	year = {2022},
	note = {R package version 0.14.1},
	url = {https://CRAN.R-project.org/package=moments},
}


@Manual{RRR,
	title = {R: A Language and Environment for Statistical Computing},
	author = {{R Core Team}},
	organization = {R Foundation for Statistical Computing},
	address = {Vienna, Austria},
	year = {2023},
	url = {https://www.R-project.org/},
}


@Manual{Lai20,
	title = {arrangements: Fast Generators and Iterators for Permutations, Combinations,
	Integer Partitions and Compositions},
	author = { Lai, Randy},
	year = {2020},
	note = {R package version 1.1.9},
	url = {https://CRAN.R-project.org/package=arrangements},
}

@Manual{LoperfidoMax,
	title = {MaxSkew: Orthogonal Data Projections with Maximal Skewness},
	author = { Franceschini, Cinzia and  Loperfido, Nicola},
	year = {2017},
	note = {R package version 1.1},
	url = {https://CRAN.R-project.org/package=MaxSkew},
}

@Manual{LoperfidoMus,
	title = {MultiSkew: Measures, Tests and Removes Multivariate Skewness},
	author = { Franceschini, Cinzia and  Loperfido, Nicola},
	year = {2017},
	note = {R package version 1.1.1},
	url = {https://CRAN.R-project.org/package=MultiSkew},
}

@ARTICLE{Mardia70,
	author = {Mardia, K V},
	title = {Measures of Multivariate Skewness and Kurtosis with Applications},
	journal = {Biometrika},
	year = {1970},
	volume = {57},
	pages = {519--530}
}


@misc{Mathematica,
	author = {Wolfram Research{,} Inc.},
	title = {Mathematica, {V}ersion 14.0},
	url = {https://www.wolfram.com/mathematica},
	note = {Champaign, IL, 2024}
}

@Article{mori1994multivariate,
	author    = {M{\'o}ri, T F and Rohatgi, V K and Sz{\'e}kely, G J},
	title     = {On multivariate skewness and kurtosis},
	journal   = {Theory of Probability \& Its Applications},
	year      = {1994},
	volume    = {38},
	number    = {3},
	pages     = {547--551},
	owner     = {GyT},
	publisher = {SIAM},
}


@book{mccullagh2018tensor,
	title={Tensor methods in statistics},
	author={McCullagh, Peter},
	year={2018},
	publisher={Chapman and Hall/CRC}
}


@Manual{Novom21,
	title = {matrixcalc: Collection of Functions for Matrix Calculations},
	author = { Novomestky, Frederick},
	year = {2021},
	note = {R package version 1.0-5},
	url = {https://CRAN.R-project.org/package=matrixcalc},
}

@Manual{Novom22,
	title = {orthopolynom: Collection of Functions for Orthogonal and Orthonormal
	Polynomials},
	author = { Novomestky, Frederick},
	year = {2022},
	note = {R package version 1.0-6.1},
	url = {https://CRAN.R-project.org/package=orthopolynom},
}

@article{ould2015concise,
	title={Concise formulae for the cumulant matrices of a random vector},
	author={Ould-Baba, Hanany and Robin, Vincent and Antoni, J{\'e}r{\^o}me},
	journal={Linear Algebra and its Applications},
	volume={485},
	pages={392--416},
	year={2015},
	publisher={Elsevier}
}

@article{qi2006rank,
	title={Rank and eigenvalues of a supersymmetric tensor, the multivariate homogeneous polynomial and the algebraic hypersurface it defines},
	author={Qi, Liqun},
	journal={Journal of Symbolic Computation},
	volume={41},
	number={12},
	pages={1309--1327},
	year={2006},
	publisher={Elsevier}
}

@ARTICLE{TerdikRaosSankhya06,
	author = {Jammalamadaka, S Rao and Subba Rao, T and Terdik, G H},
	title = {Higher Order Cumulants of Random Vectors and Applications to Statistical
	Inference and Time Series},
	journal = {Sankhya (Ser. A, Methodology)},
	year = {2006},
	volume = {68},
	pages = {326--356}
}


@book{terdik2021multivariate,
	title={Multivariate Statistical Methods: Going Beyond the Linear},
	author={Terdik, G H},
	year={2021},
	publisher={Springer Nature}
}


@Manual{Taufer22,
	title = {MultiStatM: Multivariate Statistical Methods},
	author = { Terdik, Gyorgy H and Taufer, Emanuele },
	year = {2024},
	note = {R package version 2.0.0},
	url = {https://CRAN.R-project.org/package=MultiStatM},
}


@Book{Mass02,
	title = {Modern Applied Statistics with S},
	author = { Venables, W N and  Ripley, B D},
	publisher = {Springer},
	edition = {Fourth},
	address = {New York},
	year = {2002},
	note = {ISBN 0-387-95457-0},
	url = {https://www.stats.ox.ac.uk/pub/MASS4/},
}

@Manual{Matrix24,
	title = {Matrix: Sparse and Dense Matrix Classes and Methods},
	author = { Bates, Douglas and  Maechler, Martin and  Jagan, Mikael},
	year = {2024},
	note = {R package version 1.6-5},
	url = {https://CRAN.R-project.org/package=Matrix},
}

 @Book{MVT09,
	title = {Computation of Multivariate Normal and t Probabilities},
	author = { Genz, Alan and Bretz, Frank },
	series = {Lecture Notes in Statistics},
	year = {2009},
	publisher = {Springer-Verlag},
	address = {Heidelberg},
	isbn = {978-3-642-01688-2},
}

@article{Loperfido15,
	title = {Singular value decomposition of the third multivariate moment},
	journal = {Linear Algebra and its Applications},
	volume = {473},
	pages = {202-216},
	year = {2015},
	note = {Special issue on Statistics},
	issn = {0024-3795},
	doi = {https://doi.org/10.1016/j.laa.2014.05.043},
	author = { Loperfido, Nicola},
	}

@article{Loperfido17,
	title = {A new kurtosis matrix, with statistical applications},
	journal = {Linear Algebra and its Applications},
	volume = {512},
	pages = {1-17},
	year = {2017},
	issn = {0024-3795},
	doi = {https://doi.org/10.1016/j.laa.2016.09.033},
	author = { Loperfido, Nicola},
}


@article{ARCHIMBAUD18,
	title = {ICS for multivariate outlier detection with application to quality control},
	journal = {Computational Statistics \& Data Analysis},
	volume = {128},
	pages = {184-199},
	year = {2018},
	issn = {0167-9473},
	doi = {https://doi.org/10.1016/j.csda.2018.06.011},
	author = {Archimbaud, Aurore  and  Nordhausen, Klaus and  Ruiz-Gazen, Anne},
}

@article{arevalillo20,
	title={Data projections by skewness maximization under scale mixtures of skew-normal vectors},
	author={Arevalillo, Jorge M and Navarro, Hilario},
	journal={Advances in Data Analysis and Classification},
	volume={14},
	number={2},
	pages={435--461},
	year={2020},
	publisher={Springer}
}

@article{arevalillo21,
	title={Skewness-based projection pursuit as an eigenvector problem in scale mixtures of skew-normal distributions},
	author={Arevalillo, Jorge M and Navarro, Hilario},
	journal={Symmetry},
	volume={13},
	number={6},
	pages={1056},
	year={2021},
	publisher={MDPI}
}

@article{koziol1987,
	title={An alternative formulation of Neyman‚Äôs smooth goodness of fit tests under composite alternatives},
	author={Koziol, J A},
	journal={Metrika},
	volume={34},
	number={1},
	pages={17--24},
	year={1987},
	publisher={Springer}
}

@article{koziol1989,
	title={A note on measures of multivariate kurtosis},
	author={Koziol, James A},
	journal={Biometrical journal},
	volume={31},
	number={5},
	pages={619--624},
	year={1989},
	publisher={Wiley Online Library}
}

@article{malkovich1973,
	title={On tests for multivariate normality},
	author={Malkovich, James Francis and Afifi, A A},
	journal={Journal of the american statistical association},
	volume={68},
	number={341},
	pages={176--179},
	year={1973},
	publisher={Taylor \& Francis}
}

@article{pena2010,
	title={Eigenvectors of a kurtosis matrix as interesting directions to reveal cluster structure},
	author={Pe{\~n}a, Daniel and Prieto, Francisco J and Viladomat, J{\'u}lia},
	journal={Journal of Multivariate Analysis},
	volume={101},
	number={9},
	pages={1995--2007},
	year={2010},
	publisher={Elsevier}
}

@article{tyler2009,
	title={Invariant co-ordinate selection},
	author={Tyler, David E and Critchley, Frank and D{\"u}mbgen, Lutz and Oja, Hannu},
	journal={Journal of the Royal Statistical Society Series B: Statistical Methodology},
	volume={71},
	number={3},
	pages={549--592},
	year={2009},
	publisher={Oxford University Press}
}

 @Article{guidotti22,
	title = {{calculus}: High-Dimensional Numerical and Symbolic Calculus in {R}},
	author = { Guidotti, Emanuele},
	journal = {Journal of Statistical Software},
	year = {2022},
	volume = {104},
	number = {5},
	pages = {1--37},
	doi = {10.18637/jss.v104.i05},
}

@article{dinardo22b,
	author = {Di Nardo, Elvira and Guarino, Giuseppe},
	title = {kStatistics: Unbiased Estimates of Joint Cumulant Products from the Multivariate Fa√† Di Bruno's Formula},
	journal = {The R Journal},
	year = {2022},
	note = {https://doi.org/10.32614/RJ-2022-033},
	doi = {10.32614/RJ-2022-033},
	volume = {14},
	issue = {2},
	issn = {2073-4859},
	pages = {208-228}
}


@article{smith2020tutorial,
  title={A Tutorial on Multivariate $ k $-Statistics and their Computation},
  author={Smith, Kevin D},
  journal={arXiv preprint arXiv:2005.08373},
  year={2020}
}

@Manual{loperfido21,
	title = {Kurt: Performs Kurtosis-Based Statistical Analyses},
	author = { Franceschini, Cinzia and  Loperfido, Nicola},
	year = {2021},
	note = {R package version 1.1},
	url = {https://CRAN.R-project.org/package=Kurt},
}

@Article{terdik2003higher,
	author    = {Terdik, Gy H},
	journal   = {Theory of Probability and Mathematical Statistics},
	title     = {Higher order statistics and multivariate vector {H}ermite polynomials for nonlinear analysis of multidimensional time series},
	year      = {2003},
	number    = {66},
	pages     = {165--186},
	publisher = {Providence, American Mathematical Society, },
}