@misc{un2023,
  author = {{United Nations Inter-agency Group for Child Mortality Estimation}},
  title = {Subnational under-five and neonatal mortality estimates, 2000--2021 estimates developed by the {United Nations Inter-agency Group for Child Mortality Estimation}},
  year = {2023},
  note = {United Nations Children's Fund, New York}
}
@article{wilson2021child,
  title = {Child mortality estimation incorporating summary birth history data},
  author = {Wilson, Katie and Wakefield, Jon},
  journal = {Biometrics},
  volume = {77},
  number = {4},
  pages = {1456--1466},
  year = {2021},
  publisher = {Oxford University Press}
}
@manual{surveyPrev,
  title = {{surveyPrev}: Mapping the prevalence of binary indicators using survey data in small areas},
  author = {Dong, Qianyu and Li, Zehang R. and Wu, Yunhan and Boskovic, Andrea and Wakefield, Jon},
  year = {2024},
  note = {R package version 1.0.0},
  url = {https://CRAN.R-project.org/package=surveyPrev}
}
@manual{survey44,
  author = {Lumley, Thomas},
  year = {2024},
  title = {{survey}: Analysis of complex survey samples},
  note = {R package version 4.4}
}
@article{okonek2022computationally,
  title = {A computationally efficient approach to fully {Bayesian} benchmarking},
  author = {Okonek, Taylor and Wakefield, Jon},
  journal = {arXiv preprint arXiv:2203.12195},
  year = {2022}
}
@article{permatasari2021msae,
  title = {{msae}: An {R} package of multivariate {Fay Herriot} models for small area estimation},
  author = {Permatasari, Novia and Ubaidillah, Azka},
  journal = {The R Journal},
  year = {2021}
}
@manual{BayesSAE,
  title = {{BayesSAE}: {Bayesian} analysis of small area estimation},
  author = {Shi, Chengchun},
  year = {2018},
  note = {R package version 1.0-2}
}
@manual{rsae,
  title = {rsae: Robust small area estimation},
  author = {Schoch, Tobias},
  year = {2014},
  note = {R package version 0.1-5}
}
@manual{hbsae,
  title = {hbsae: Hierarchical {Bayesian} small area estimation},
  author = {Boonstra, Harm Jan},
  year = {2012},
  note = {R package version 1.0}
}
@article{fuglstad2021two,
  title = {The two cultures for prevalence mapping: Small area estimation and spatial statistics},
  author = {Fuglstad, Geir-Arne and Li, Zehang Richard and Wakefield, Jon},
  journal = {arXiv preprint arXiv:2110.09576},
  year = {2021}
}
@techreport{wu2021spatial,
  title = {Spatial modeling for subnational administrative level 2 small-area estimation},
  author = {Wu, Yunhan and Li, Zehang Richard and Mayala, Benjamin K. and Wang, Houjie and Gao, Peter and Paige, Johnny and Fuglstad, Geir-Arne and Moe, Caitlin and Godwin, Jessica and Donohue, Rose E. and Croft, Trevor N. and Wakefield, Jon},
  institution = {ICF},
  series = {DHS Spatial Analysis Reports No. 21},
  address = {Rockville, Maryland, {USA}},
  year = {2021}
}
@article{schluter2021space,
  title = {Space-time smoothing of mortality estimates in children aged 5-14 in {Sub-Saharan Africa}},
  author = {Schl{\"u}ter, Benjamin-Samuel and Masquelier, Bruno},
  journal = {PloS One},
  volume = {16},
  number = {1},
  pages = {e0245596},
  year = {2021},
  publisher = {Public Library of Science San Francisco, CA {USA}}
}
@manual{dplyr,
  title = {dplyr: A grammar of data manipulation},
  author = {Wickham, Hadley and Fran{\c{c}}ois, Romain and Henry, Lionel and M{\"u}ller, Kirill},
  year = {2020},
  note = {R package version 0.8.5},
  url = {https://CRAN.R-project.org/package=dplyr}
}
@manual{patchwork,
  title = {patchwork: The composer of plots},
  author = {Pedersen, Thomas Lin},
  year = {2019},
  note = {R package version 1.0.0},
  url = {https://CRAN.R-project.org/package=patchwork}
}
@book{wickham_ggplot2,
  author = {Wickham, Hadley},
  title = {ggplot2: Elegant graphics for data analysis},
  publisher = {Springer-Verlag New York},
  year = {2016},
  isbn = {978-3-319-24277-4},
  url = {https://ggplot2.tidyverse.org}
}
@manual{rdhs,
  title = {rdhs: {API} client and dataset management for the {Demographic and Health Survey (DHS)} data},
  author = {Watson, OJ and Eaton, Jeff},
  year = {2019},
  note = {R package version 0.6.3},
  url = {https://CRAN.R-project.org/package=rdhs}
}
@article{lumley2004analysis,
  title = {Analysis of complex survey samples},
  author = {Lumley, Thomas},
  journal = {Journal of Statistical Software},
  volume = {9},
  number = {1},
  pages = {1--19},
  year = {2004}
}
@article{sorbye_rue_17,
  title = {Penalised complexity priors for stationary autoregressive processes},
  author = {S{\o}rbye, Sigrunn Holbek and Rue, H{\aa}vard},
  journal = {Journal of Time Series Analysis},
  volume = {38},
  number = {6},
  pages = {923--935},
  year = {2017},
  publisher = {Wiley Online Library}
}
@article{sorbye-rue-2014,
  title = {Scaling intrinsic {Gaussian Markov} random field priors in spatial modelling},
  author = {S{\o}rbye, Sigrunn Holbek and Rue, H{\aa}vard},
  journal = {Spatial Statistics},
  volume = {8},
  pages = {39--51},
  year = {2014},
  publisher = {Elsevier}
}
@article{dong_wakefield_20,
  title = {Modeling and presentation of vaccination coverage estimates using data from household surveys},
  author = {Dong, Tracy Qi and Wakefield, Jon},
  journal = {Vaccine},
  volume = {39},
  number = {18},
  pages = {2584--2594},
  year = {2021},
  publisher = {Elsevier}
}
@article{molina_marhuenda_15,
  title = {sae: An {R} package for small area estimation},
  author = {Molina, Isabel and Marhuenda, Yolanda},
  journal = {The R Journal},
  volume = {7},
  pages = {81--98},
  year = {2015}
}
@article{pedersenandliu_2012,
  title = {Child mortality estimation: Appropriate time periods for child mortality estimates from full birth histories},
  author = {Pedersen, Jon and Liu, Jing},
  journal = {PLoS Med},
  volume = {9},
  number = {8},
  pages = {e1001289},
  year = {2012},
  publisher = {Public Library of Science}
}
@article{wakefield_okonek_pedersen_20,
  title = {Small area estimation of health outcomes},
  author = {Wakefield, Jon and Okonek, Taylor and Pedersen, Jon},
  journal = {International Statistical Review},
  note = {To appear},
  year = {2020}
}
@article{macfeely20,
  title = {Measuring the {Sustainable Development Goal} indicators: An unprecedented statistical challenge},
  author = {MacFeely, Steve},
  journal = {Journal of Official Statistics},
  volume = {36},
  number = {2},
  pages = {361--378},
  year = {2020},
  publisher = {Sciendo}
}
@article{battese_etal_88,
  title = {An error-components model for prediction of county crop areas using survey and satellite data},
  author = {Battese, George E and Harter, Rachel M and Fuller, Wayne A},
  journal = {Journal of the American Statistical Association},
  volume = {83},
  pages = {28--36},
  year = {1988}
}
@article{paige_etal_20,
  author = {Paige, John and Fuglstad, Geir-Arne and Riebler, Andrea and Wakefield, Jon},
  journal = {Journal of Survey Statistics and Methodology},
  title = {Model-based approaches to analysing spatial data from complex surveys},
  note = {To appear},
  year = {2020}
}
@article{hill_etal_15,
  author = {Hill, Kenneth and Brady, Eoghan and Zimmerman, Linnea and Montana, Livia and Silva, Romesh and Amouzou, Agbessi},
  journal = {PloS One},
  pages = {e0137713},
  publisher = {Public Library of Science},
  title = {Monitoring change in child mortality through household surveys},
  volume = {10},
  year = {2015}
}
@manual{manualX_83,
  author = {Hill, K and Zlotnik, H and Trussell, J},
  publisher = {Washington DC National Academy of Sciences},
  title = {Demographic estimation: A manual on indirect techniques. Manual X},
  year = {1983}
}
@article{li_etal_19,
  author = {Li, Zehang R. and Hsiao, Yuan and Godwin, Jessica and Martin, Bryan D. and Wakefield, Jon and Clark, Samuel J.},
  journal = {PLoS One},
  note = {Published January 22, 2019},
  title = {Changes in the spatial distribution of the under five mortality rate: Small-area analysis of 122 {DHS} surveys in 262 subregions of 35 countries in {Africa}},
  year = {2019}
}
@article{alkema_new_14,
  author = {Alkema, Leontine and New, Jin Rou},
  journal = {The Annals of Applied Statistics},
  pages = {2122--2149},
  title = {Global estimation of child mortality using a {Bayesian} {B}-spline bias-reduction model},
  volume = {8},
  year = {2014}
}
@book{rao_molina_15,
  address = {New York},
  author = {Rao, John NK and Molina, Isabel},
  publisher = {John Wiley},
  title = {Small Area Estimation, Second Edition},
  year = {2015}
}
@article{fay_herriot_79,
  author = {Fay, Robert E and Herriot, Roger A},
  journal = {Journal of the American Statistical Association},
  pages = {269--277},
  title = {Estimates of income for small places: An application of {James--Stein} procedure to census data},
  volume = {74},
  year = {1979}
}
@article{horvitz_thompson_52,
  author = {Horvitz, Daniel G and Thompson, Donovan J},
  journal = {Journal of the American Statistical Association},
  pages = {663--685},
  title = {A generalization of sampling without replacement from a finite universe},
  volume = {47},
  year = {1952}
}
@incollection{hajek_71,
  address = {Toronto},
  author = {H{\'a}jek, Jaroslav},
  booktitle = {Foundations of Statistical Inference},
  editor = {Godambe, V.P. and Sprott, D.A.},
  publisher = {Holt, Rinehart and Winston},
  title = {Discussion of, ``{A}n essay on the logical foundations of survey sampling, part {I}'', by {D}. {B}asu},
  year = {1971}
}
@book{rue_knorrheld_05,
  address = {Boca Raton},
  author = {Rue, H{\aa}vard and Held, Leonhard},
  publisher = {Chapman and Hall/CRC Press},
  title = {{G}aussian {M}arkov {R}andom {F}ields: Theory and Application},
  year = {2005}
}
@book{wolter_07,
  author = {Wolter, Kirk},
  publisher = {Springer Science \& Business Media},
  title = {Introduction to Variance Estimation},
  year = {2007}
}
@article{riebler_etal_16,
  author = {Riebler, Andrea and S{\o}rbye, Sigrunn H. and Simpson, Daniel and Rue, H{\aa}vard},
  journal = {Statistical Methods in Medical Research},
  pages = {1145--1165},
  publisher = {SAGE Publications Sage UK: London, England},
  title = {An intuitive {Bayesian} spatial model for disease mapping that accounts for scaling},
  volume = {25},
  year = {2016}
}
@article{besagbayesian,
  author = {Besag, Julian and York, Jeremy and Molli{\'e}, Annie},
  journal = {Annals of the Institute of Statistical Mathematics},
  pages = {1--59},
  title = {{Bayesian} image restoration, with two applications in spatial statistics (with discussion)},
  volume = {43},
  year = {1991}
}
@article{knorrheld_00,
  author = {Knorr-Held, Leonhard},
  journal = {Statistics in Medicine},
  pages = {2555--2567},
  title = {{Bayesian} modelling of inseparable space-time variation in disease risk},
  volume = {19},
  year = {2000}
}
@article{simpson_etal_17,
  author = {Simpson, D and Rue, H and Riebler, A and Martins, T.G. and S{\o}rbye, S.H.},
  journal = {Statistical Science},
  pages = {1--28},
  publisher = {Institute of Mathematical Statistics},
  title = {Penalising model component complexity: A principled, practical approach to constructing priors (with discussion)},
  volume = {32},
  year = {2017}
}
@article{binder_83,
  author = {Binder, David A},
  journal = {International Statistical Review},
  pages = {279--292},
  title = {On the variances of asymptotically normal estimators from complex surveys},
  volume = {51},
  year = {1983}
}
@article{wakefield_etal_19,
  author = {Wakefield, Jon and Fuglstad, Geir-Arne and Riebler, Andrea and Godwin, Jessica and Wilson, Katie and Clark, Samuel},
  journal = {Statistical Methods in Medical Research},
  pages = {2614--2634},
  title = {Estimating under five mortality in space and time in a developing world context},
  volume = {28},
  year = {2019}
}
@article{rue_etal_09,
  author = {Rue, H. and Martino, S. and Chopin, N.},
  journal = {Journal of the Royal Statistical Society, Series B},
  pages = {319--392},
  title = {Approximate {Bayesian} inference for latent {Gaussian} models using integrated nested {Laplace} approximations (with discussion)},
  volume = {71},
  year = {2009}
}
@article{mercer_etal_15,
  author = {Mercer, Laina D and Wakefield, Jon and Pantazis, Athena and Lutambi, Angelina M and Masanja, Honorati and Clark, Samuel},
  journal = {Annals of Applied Statistics},
  pages = {1889--1905},
  title = {Small area estimation of childhood mortality in the absence of vital registration},
  volume = {9},
  year = {2015}
}
@misc{dhsspatial,
  author = {{The DHS Program}},
  title = {Spatial data repository},
  year = {2020},
  url = {https://spatialdata.dhsprogram.com/home/}
}
@article{zhang_bryant_20,
  title = {Fully {Bayesian} benchmarking of small area estimation models},
  author = {Zhang, Junni L and Bryant, John},
  journal = {Journal of Official Statistics},
  volume = {36},
  number = {1},
  pages = {197--223},
  year = {2020},
  publisher = {Sciendo}
}
@misc{areas2012gadm,
  author = {{Global Administrative Areas}},
  title = {GADM database of global administrative areas},
  year = {2012}
}
@article{walker_etal_12,
  author = {Walker, Neff and Hill, Kenneth and Zhao, Fengmin},
  journal = {PLoS Med},
  pages = {e1001298},
  publisher = {Public Library of Science},
  title = {Child mortality estimation: Methods used to adjust for bias due to {AIDS} in estimating trends in under-five mortality},
  volume = {9},
  year = {2012}
}
