@Article{2016-98-ihaka:1996,
  author = {Ross Ihaka and Robert Gentleman},
  title = {R: A Language for Data Analysis and Graphics},
  journal = {Journal of Computational and Graphical Statistics},
  year = {1996},
  volume = {5},
  number = {3},
  pages = {299--314},
  url = {https://doi.org/10.2307/1390807},
}

@Article{iha,
  author = {Ross Ihaka and Robert Gentleman},
  title = {R: A Language for Data Analysis and Graphics},
  journal = {Journal of Computational and Graphical Statistics},
  year = {1996},
  volume = {5},
  number = {3},
  pages = {299--314},
  url = {https://doi.org/10.2307/1390807},
}

@Article{R1,
  author = {Ross Ihaka and Robert Gentleman},
  title = {R: A Language for Data Analysis and Graphics},
  journal = {Journal of Computational and Graphical Statistics},
  year = {1996},
  volume = {5},
  number = {3},
  pages = {299--314},
  url = {https://doi.org/10.2307/1390807},
}

@InProceedings{martinez2008lbf,
  author = {Francisco Mart{\'\i}nez-{\'A}lvarez and Alicia Troncoso and Jos{\'e} C Riquelme and Jes\'us S Aguilar-Ruiz},
  title = {{LBF: A Labeled-Based Forecasting Algorithm and Its Application to Electricity Price Time Series}},
  booktitle = {Data Mining, 2008. ICDM'08. Eighth IEEE International Conference on},
  year = {2008},
  pages = {453--461},
  organization = {IEEE},
  url = {https://doi.org/10.1109/icdm.2008.129},
}

@Article{martinez2011energy,
  author = {Francisco Mart\'inez-\'Alvarez and Alicia Troncoso and Jos{\'e} C Riquelme and Jes\'us S Aguilar-Ruiz},
  title = {Energy Time Series Forecasting Based on Pattern Sequence Similarity},
  journal = {Knowledge and Data Engineering, IEEE Transactions on},
  year = {2011},
  volume = {23},
  number = {8},
  pages = {1230--1243},
  publisher = {IEEE},
  url = {https://doi.org/10.1109/tkde.2010.227},
}

@Article{jin2014improved,
  author = {Cheng Hao Jin and Gouchol Pok and Hyun-Woo Park and Keun Ho Ryu},
  title = {Improved Pattern Sequence-Based Forecasting Method for Electricity Load},
  journal = {IEEJ Transactions on Electrical and Electronic Engineering},
  year = {2014},
  volume = {9},
  number = {6},
  pages = {670--674},
  publisher = {John Wiley \& Sons},
  url = {https://doi.org/10.1002/tee.22024},
}

@InProceedings{koprinska2013combining,
  author = {Irena Koprinska and MM Rana and Alicia Troncoso and Francisco Mart{\'\i}nez-{\'A}lvarez},
  title = {Combining Pattern Sequence Similarity with Neural Networks for Forecasting Electricity Demand Time Series},
  booktitle = {Neural Networks (IJCNN), The 2013 International Joint Conference on},
  year = {2013},
  pages = {940--947},
  organization = {IEEE},
  url = {https://doi.org/10.1109/ijcnn.2013.6706838},
}

@InProceedings{fujimoto2012pattern,
  author = {Yasutaka Fujimoto and Yasuhiro Hayashi},
  title = {Pattern Sequence-Based Energy Demand Forecast Using Photovoltaic Energy Records},
  booktitle = {Renewable Energy Research and Applications (ICRERA), 2012 International Conference on},
  year = {2012},
  pages = {1--6},
  organization = {IEEE},
  url = {https://doi.org/10.1109/icrera.2012.6477299},
}

@InProceedings{majidpour2014modified,
  author = {Mostafa Majidpour and Charlie Qiu and Peter Chu and Rajit Gadh and Hemanshu R Pota},
  title = {Modified Pattern Sequence-Based Forecasting for Electric Vehicle Charging Stations},
  booktitle = {Smart Grid Communications (SmartGridComm), 2014 IEEE International Conference on},
  year = {2014},
  pages = {710--715},
  organization = {IEEE},
  url = {https://doi.org/10.1109/smartgridcomm.2014.7007731},
}

@Book{kaufman2009finding,
  title = {Finding Groups in Data: An Introduction to Cluster Analysis},
  publisher = {John Wiley \& Sons},
  year = {2008},
  author = {Leonard Kaufman and Peter J Rousseeuw},
  url = {https://doi.org/10.2307/2290430},
}

@Article{davies1979cluster,
  author = {David L Davies and Donald W Bouldin},
  title = {A Cluster Separation Measure},
  journal = {Pattern Analysis and Machine Intelligence, IEEE Transactions on},
  year = {1979},
  volume = {2},
  pages = {224--227},
  publisher = {IEEE},
  url = {https://doi.org/10.1109/tpami.1979.4766909},
}

@Article{dunn1974well,
  author = {Joseph C Dunn},
  title = {Well-Separated Clusters and Optimal Fuzzy Partitions},
  journal = {Journal of Cybernetics},
  year = {1974},
  volume = {4},
  number = {1},
  pages = {95--104},
  publisher = {Taylor \& Francis},
  url = {https://doi.org/10.1080/01969727408546059},
}

@Article{catalao2007short,
  author = {JPSa Catal{\~a}o and SJPS Mariano and VMF Mendes and LAFM Ferreira},
  title = {Short-Term Electricity Prices Forecasting in a Competitive Market: a Neural Network Approach},
  journal = {Electric Power Systems Research},
  year = {2007},
  volume = {77},
  number = {10},
  pages = {1297--1304},
  publisher = {Elsevier},
  url = {https://doi.org/10.1016/j.epsr.2006.09.022},
}

@Article{conejo2005day,
  author = {Antonio J Conejo and Miguel A Plazas and Rosa Esp\'inola and Ana B Molina},
  title = {{Day-Ahead Electricity Price Forecasting Using the Wavelet Transform and ARIMA Models}},
  journal = {Power Systems, IEEE Transactions on},
  year = {2005},
  volume = {20},
  number = {2},
  pages = {1035--1042},
  publisher = {IEEE},
  url = {https://doi.org/10.1109/tpwrs.2005.846054},
}

@Article{garcia2007mixed,
  author = {Carolina Garc{\'\i}a-Martos and Julio Rodr{\'\i}guez and Mar{\'\i}a Jes{\'u}s S{\'a}nchez},
  title = {Mixed Models for Short-Run Forecasting of Electricity Prices: Application for the Spanish Market},
  journal = {Power Systems, IEEE Transactions on},
  year = {2007},
  volume = {22},
  number = {2},
  pages = {544--552},
  publisher = {IEEE},
  url = {https://doi.org/10.1109/tpwrs.2007.894857},
}

@Article{lora2007electricity,
  author = {Alicia Troncoso and Jes{\'u}s M Riquelme Santos and Antonio G Exp\'osito and Jos{\'e} L Mart{\'l}nez Ramos and Jos{\'e} C Riquelme Santos},
  title = {Electricity Market Price Forecasting Based on Weighted Nearest Neighbors Techniques},
  journal = {Power Systems, IEEE Transactions on},
  year = {2007},
  volume = {22},
  number = {3},
  pages = {1294--1301},
  publisher = {IEEE},
  url = {https://doi.org/10.1109/tpwrs.2007.901670},
}

@Manual{bodke17package,
  title = {PSF: Forecasting of Univariate Time Series Using the Pattern Sequence-Based Forecasting (PSF) Algorithm},
  author = {Neeraj Bokde and Gualberto Asencio-Cortes and Francisco Martinez-Alvarez},
  year = {2017},
  note = {R package version 0.4},
  url = {https://CRAN.R-project.org/package=PSF},
}

@Manual{hyndman2017package,
  title = {Forecast: Forecasting Functions for Time Series and Linear Models},
  author = {Rob Hyndman and Mitchell O'Hara-Wild and Christoph Bergmeir and Slava Razbash and Earo Wang},
  year = {2017},
  note = {R package version 8.0},
  url = {https://CRAN.R-project.org/package=forecast},
}

@Manual{maechler2017package,
  title = {Cluster: {"}Finding Groups in Data{"}: Cluster Analysis Extended Rousseeuw et al.},
  author = {Martin Maechler and Peter Rousseeuw and Anja Struyf and Mia Hubert},
  year = {2017},
  note = {R package version 2.0.6},
  url = {https://CRAN.R-project.org/package=cluster},
}

@InProceedings{shen2013ensemble,
  author = {W. Shen and V. Babushkin and Z. Aung and W. L. Woon},
  title = {An Ensemble Model for Day-Ahead Electricity Demand Time Series Forecasting},
  booktitle = {Future Energy Systems, 2013 ACM International Conference on},
  year = {2013},
  pages = {51-62},
  url = {https://doi.org/10.1145/2487166.2487173},
}

@Article{Bontempi2013ahead,
  author = {G. Bontempi and S. B. Taieb and Y. Le-Borgne},
  title = {Machine Learning Strategies for Time Series Forecasting},
  journal = {Lecture Notes in Business Information Processing},
  year = {2013},
  volume = {138},
  pages = {62--77},
  publisher = {Springer-Verlag},
  url = {https://doi.org/10.1007/978-3-642-36318-4_3},
}

@Article{martinez2011outliers,
  author = {Francisco Mart\'inez-\'Alvarez and Alicia Troncoso and Jos{\'e} C Riquelme and Jes\'us S Aguilar-Ruiz},
  title = {Discovery of Motifs to Forecast Outlier Occurrence in Time Series},
  journal = {Pattern Recognition Letters},
  year = {2011},
  volume = {32},
  pages = {1652--1665},
  publisher = {Elsevier},
  url = {https://doi.org/10.1016/j.patrec.2011.05.002},
}

@Book{dodge2003scaling,
  title = {{The Oxford Dictionary of Statistical Terms}},
  publisher = {The International Statistical Institute},
  year = {2003},
  author = {Y. Dodge},
  url = {https://doi.org/10.1002/bimj.200410024},
}
