@misc{R,
    title = {R: A Language and Environment for Statistical Computing},
    author = {{R Core Team}},
    organization = {R Foundation for Statistical Computing},
    address = {Vienna, Austria},
    year = {2023},
    url = {https://www.R-project.org/}
}


@misc{quantreg,
  title={quantreg: Quantile Regression. R package version 5.95},
  url = {https://cran.r-project.org/web/packages/quantreg/index.html},
  author={Koenker, Roger},
  year={2023}
}


@book{davidian2017nonlinear,
  title={Nonlinear models for repeated measurement data},
  author={Davidian, Marie},
  year={2017},
  publisher={Routledge}
}

@book{ggplot2Hadley2nd,
  title={ggplot2 : Elegance graphics for Data Analysis},
  author={Wickham, H},
  year={2016},
  publisher={Springer}
}

@misc{nlme,
  title={nlme: Linear and Nonlinear Mixed Effects Models. R package version 3.1-159},
  url = {https://cran.r-project.org/web/packages/nlme/index.html},
  author={Pinheiro, Jos{\'e} and Bates, Douglas and DebRoy, Saikat and Sarkar, Deepayan and Heisterkamp, Siem and Van Willigen, Bert and Maintainer, R},
  year={2022}
}

@misc{nlraa,
  title={nlraa: nonlinear Regression for Agricultural Applications. R package version 1.5},
  url = {https://cran.r-project.org/web/packages/nlraa/index.html},
  author={Miguez, Fernando},
  year={2022}
}


@misc{keizer2018vpc,
  title={vpc: Create Visual Predictive Checks. R package version 1.2.2},
  url = {https://cran.r-project.org/web/packages/vpc/index.html},
  author={Keizer, R},
  year={2021}
}

@article{fidler2019nonlinear,
  doi = {10.1002/psp4.12445},
  url = {https://doi.org/10.1002/psp4.12445},
  title={Nonlinear mixed-effects model development and simulation using nlmixr and related R open-source packages},
  author={Fidler, Matthew and Wilkins, Justin J and Hooijmaijers, Richard and Post, Teun M and Schoemaker, Rik and Trame, Mirjam N and Xiong, Yuan and Wang, Wenping},
  journal={CPT: pharmacometrics \& systems pharmacology},
  volume={8},
  number={9},
  pages={621--633},
  year={2019},
  publisher={Wiley Online Library}
}

@article{jonsson1998xpose,
  doi = {10.1016/s0169-2607(98)00067-4},
  url = {https://doi.org/10.1016/s0169-2607(98)00067-4},
  title={Xpose—an S-PLUS based population pharmacokinetic/pharmacodynamic model building aid for NONMEM},
  author={Jonsson, E Niclas and Karlsson, Mats O},
  journal={Computer methods and programs in biomedicine},
  volume={58},
  number={1},
  pages={51--64},
  year={1998},
  publisher={Elsevier}
}


@article{heus2022model,
  doi = {10.1016/j.ijantimicag.2022.106579},
  url = {https://doi.org/10.1016/j.ijantimicag.2022.106579},
  title={Model-informed precision dosing of vancomycin via continuous infusion: a clinical fit-for-purpose evaluation of published PK models},
  author={Heus, Astrid and Uster, David W and Grootaert, Veerle and Vermeulen, Nele and Somers, Annemie and In't Veld, Diana Huis and Wicha, Sebastian G and De Cock, Pieter A},
  journal={International Journal of Antimicrobial Agents},
  volume={59},
  number={5},
  pages={106579},
  year={2022},
  publisher={Elsevier}
}



@article{nguyen2017model,
  doi = {10.1002/psp4.12161},
  url = {https://doi.org/10.1002/psp4.12161},
  title={Model evaluation of continuous data pharmacometric models: metrics and graphics},
  author={Nguyen, THT and Mouksassi, M-S and Holford, Nicholas and Al-Huniti, N and Freedman, I
  and Hooker, Andrew C and John, J and Karlsson, Mats O and Mould, DR and P{\'e}rez Ruixo, JJ
  and others},
  journal={CPT: pharmacometrics \& systems pharmacology},
  volume={6},
  number={2},
  pages={87--109},
  year={2017},
  publisher={Wiley Online Library}
}

@article{mudde2022predictive,
  doi = {10.1093/infdis/jiab101},
  url = {https://doi.org/10.1093/infdis/jiab101},
  title={Predictive modeling to study the treatment-shortening potential of novel tuberculosis drug regimens, toward bundling of preclinical data},
  author={Mudde, Saskia E and Ayoun Alsoud, Rami and van der Meijden, Aart and Upton, Anna M and Lotlikar, Manisha U and Simonsson, Ulrika SH and Bax, Hannelore I and de Steenwinkel, Jurriaan EM},
  journal={The Journal of Infectious Diseases},
  volume={225},
  number={11},
  pages={1876--1885},
  year={2022},
  publisher={Oxford University Press US}
}

@article{otto2021predictive,
  doi = {10.1007/s00228-021-03104-1},
  url = {https://doi.org/10.1007/s00228-021-03104-1},
  title={Predictive performance of parent-metabolite population pharmacokinetic models of (S)-ketamine in healthy volunteers},
  author={Otto, ME and Bergmann, KR and Jacobs, G and van Esdonk, Michiel J},
  journal={European journal of clinical pharmacology},
  volume={77},
  number={8},
  pages={1181--1192},
  year={2021},
  publisher={Springer}
}

@book{pinheiro2006mixed,
  doi = {10.1007/978-1-4419-0318-1},
  url = {https://doi.org/10.1007/978-1-4419-0318-1},
  year = {2000},
  publisher = {Springer New York},
  author = {Jos{\'{e}} C. Pinheiro and Douglas M. Bates},
  title = {Mixed-Effects Models in S and S-{PLUS}}
}

@article{karlsson2007diagnosing,
  doi = {10.1038/sj.clpt.6100241},
  url = {https://doi.org/10.1038/sj.clpt.6100241},
  title={Diagnosing model diagnostics},
  author={Karlsson, MO and Savic, RM},
  journal={Clinical Pharmacology \& Therapeutics},
  volume={82},
  number={1},
  pages={17--20},
  year={2007},
  publisher={Nature Publishing Group}
}

@inproceedings{karlsson2008tutorial,
  title={A tutorial on visual predictive checks},
  author={Karlsson, MATS O and Holford, NICK},
  url = {https://www.page-meeting.org/?abstract=1434},
  booktitle={17th meeting of the Population Approach Group in Europe, Marseille, France, page
  Abstr},
  volume={1434},
  year={2008}
}


@article{lindbom2004perl,
  doi = {10.1016/j.cmpb.2003.11.003},
  url = {https://doi.org/10.1016/j.cmpb.2003.11.003},
  title={Perl-speaks-NONMEM (PsN)—a Perl module for NONMEM related programming},
  author={Lindbom, Lars and Ribbing, Jakob and Jonsson, E Niclas},
  journal={Computer methods and programs in biomedicine},
  volume={75},
  number={2},
  pages={85--94},
  year={2004},
  publisher={Elsevier}
}

@article{bauer2011nonmem,
  title={NONMEM users guide introduction to NONMEM 7.2.0},
  url = {https://www.iconplc.com/innovation/nonmem/},
  author={Bauer, Robert J},
  journal={ICON Development Solutions Ellicott City, MD},
  year={2011}
}

@article{wickham2015visualizing,
  doi = {10.1002/sam.11271},
  url = {https://doi.org/10.1002/sam.11271},
  title={Visualizing statistical models: Removing the blindfold},
  author={Wickham, Hadley and Cook, Dianne and Hofmann, Heike},
  journal={Statistical Analysis and Data Mining: The ASA Data Science Journal},
  volume={8},
  number={4},
  pages={203--225},
  year={2015},
  publisher={Wiley Online Library}
}

@article{jamsen2018regression,
  doi = {10.1002/psp4.12319},
  url = {https://doi.org/10.1002/psp4.12319},
  title={A regression approach to visual predictive checks for population pharmacometric
  models},
  author={Jamsen, Kris M and Patel, Kashyap and Nieforth, Keith and Kirkpatrick, Carl MJ},
  journal={CPT: pharmacometrics \& systems pharmacology},
  volume={7},
  number={10},
  pages={678--686},
  year={2018},
  publisher={Wiley Online Library}
}

@article{post2008extensions,
  doi = {10.1007/s10928-007-9081-1},
  url = {https://doi.org/10.1007/s10928-007-9081-1},
  title={Extensions to the visual predictive check to facilitate model performance evaluation},
  author={Post, Teun M and Freijer, Jan I and Ploeger, Bart A and Danhof, Meindert},
  journal={Journal of pharmacokinetics and pharmacodynamics},
  volume={35},
  number={2},
  pages={185--202},
  year={2008},
  publisher={Springer}
}

@article{lavielle2011automatic,
  doi = {10.1007/s10928-011-9223-3},
  url = {https://doi.org/10.1007/s10928-011-9223-3},
  title={Automatic data binning for improved visual diagnosis of pharmacometric models},
  author={Lavielle, Marc and Bleakley, Kevin},
  journal={Journal of pharmacokinetics and pharmacodynamics},
  volume={38},
  number={6},
  pages={861--871},
  year={2011},
  publisher={Springer}
}

@article{scott1985ash,
  doi = {10.1214/aos/1176349654},
  url = {https://doi.org/10.1214/aos/1176349654},
  title={Average shifted histograms: Effective nonparametric density estimations in several
  dimensions},
  author={Scott, David W},
  journal={Annals of Statistics},
  volume={13},
  number={3},
  pages={1024--1040},
  year={1985}
}

@article{wang2012standardized,
  doi = {10.1177/0091270010390040},
  url = {https://doi.org/10.1177/0091270010390040},
  title={Standardized visual predictive check versus visual predictive check for model
  evaluation},
  author={Wang, Diane D and Zhang, Shuzhong},
  journal={The Journal of Clinical Pharmacology},
  volume={52},
  number={1},
  pages={39--54},
  year={2012},
  publisher={Wiley Online Library}
}

@article{maharaj2019pitfalls,
  doi = {10.1007/s10928-019-09636-5},
  url = {https://doi.org/10.1007/s10928-019-09636-5},
  title={Pitfalls of using numerical predictive checks for population physiologically-based
  pharmacokinetic model evaluation},
  author={Maharaj, Anil R and Wu, Huali and Hornik, Christoph P and Cohen-Wolkowiez, Michael},
  journal={Journal of pharmacokinetics and pharmacodynamics},
  volume={46},
  number={3},
  pages={263--272},
  year={2019},
  publisher={Springer}
}


@article{keizer2013modeling,
  doi = {10.1038/psp.2013.24},
  url = {https://doi.org/10.1038/psp.2013.24},
  title={Modeling and simulation workbench for NONMEM: tutorial on Pirana, PsN, and Xpose},
  author={Keizer, Ron J and Karlsson, MO and Hooker, A},
  journal={CPT: pharmacometrics \& systems pharmacology},
  volume={2},
  number={6},
  pages={1--9},
  year={2013},
  publisher={Wiley Online Library}
}
