@article{blackwellFrameworkDynamicCausal2013,
  title = {A Framework for Dynamic Causal Inference in Political Science},
  author = {Blackwell, Matthew},
  year = {2013},
  volume = {57},
  pages = {504--520},
  publisher = {{Blackwell Publishing Inc}},
  address = {{Malden, USA}},
  issn = {0092-5853},
  doi = {10.1111/j.1540-5907.2012.00626.x},
  journal = {American Journal of Political Science},
  language = {eng},
  number = {2}
}

@article{coleConstructingInverseProbability2008a,
  title = {Constructing Inverse Probability Weights for Marginal Structural Models},
  author = {Cole, Stephen R. and Hern{\'a}n, Miguel A.},
  year = {2008},
  volume = {168},
  pages = {656--664},
  publisher = {{Oxford University Press}},
  address = {{CARY}},
  issn = {0002-9262},
  doi = {10.1093/aje/kwn164},
  file = {/Users/debaum/Zotero/storage/CKJ6XEA9/Cole and Hern√°n - 2008 - Constructing Inverse Probability Weights for Margi.pdf},
  journal = {American Journal of Epidemiology},
  language = {eng},
  number = {6}
}

@article{fongCovariateBalancingPropensity2018,
  title = {Covariate Balancing Propensity Score for a Continuous Treatment: {{Application}} to the Efficacy of Political Advertisements},
  shorttitle = {Covariate Balancing Propensity Score for a Continuous Treatment},
  author = {Fong, Christian and Hazlett, Chad and Imai, Kosuke},
  year = {2018},
  volume = {12},
  issn = {1932-6157},
  doi = {10.1214/17-AOAS1101},
  file = {/Users/debaum/Zotero/storage/3KISA5U3/Fong et al. - 2018 - Covariate balancing propensity score for a continu.pdf},
  journal = {The Annals of Applied Statistics},
  language = {eng},
  number = {1}
}

@Manual{R-CBPS,
  title = {CBPS: Covariate Balancing Propensity Score},
  author = {Christian Fong and Marc Ratkovic and Kosuke Imai},
  year = {2021},
  note = {R package version 0.22},
  url = {https://CRAN.R-project.org/package=CBPS},
}

@Manual{R-ipw,
  title = {ipw: Estimate Inverse Probability Weights},
  author = {Ronald B. Geskus and Willem M. {van der Wal}},
  year = {2015},
  note = {R package version 1.0-11},
  url = {https://CRAN.R-project.org/package=ipw},
}

@article{hainmuellerEntropyBalancingCausal2012,
  title = {Entropy Balancing for Causal Effects: {{A}} Multivariate Reweighting Method to Produce Balanced Samples in Observational Studies},
  shorttitle = {Entropy {{Balancing}} for {{Causal Effects}}},
  author = {Hainmueller, Jens},
  year = {2012},
  volume = {20},
  pages = {25--46},
  publisher = {{Cambridge University Press}},
  address = {{New York, US}},
  issn = {1047-1987},
  doi = {10.1093/pan/mpr025},
  file = {/Users/debaum/Zotero/storage/2FVT39R7/Hainmueller - 2012 - Entropy Balancing for Causal Effects A Multivaria.pdf},
  journal = {Political Analysis},
  language = {eng},
  number = {1}
}

@Manual{R-ebal,
  title = {ebal: Entropy Reweighting to Create Balanced Samples},
  author = {Jens Hainmueller},
  year = {2014},
  note = {R package version 0.1-6},
  url = {https://CRAN.R-project.org/package=ebal},
}

@article{hernanMarginalStructuralModels2000,
  title = {Marginal Structural Models to Estimate the Causal Effect of {{Zidovudine}} on the Survival of {{HIV}}-Positive Men},
  author = {Hern{\'a}n, Miguel A. and Brumback, Babette A. and Robins, James M.},
  year = {2000},
  journal = {Epidemiology},
  volume = {11},
  number = {5},
  pages = {561--570},
  publisher = {{Lippincott Williams \& Wilkins}},
  address = {{Philadelphia, PA}},
  issn = {1044-3983},
  doi = {10.1097/00001648-200009000-00012},
  langid = {english}
}

@article{hernanEstimatingCausalEffect2002,
  title = {Estimating the Causal Effect of {{Zidovudine}} on {{CD4}} Count with a Marginal Structural Model for Repeated Measures},
  author = {Hern{\'a}n, Miguel A. and Brumback, Babette A. and Robins, James M.},
  year = {2002},
  journal = {Statistics in Medicine},
  volume = {21},
  number = {12},
  pages = {1689--1709},
  publisher = {{John Wiley \& Sons, Ltd}},
  address = {{Chichester, UK}},
  issn = {0277-6715},
  doi = {10.1002/sim.1144},
  langid = {english}
}

@article{imaiWhenShouldWe2019,
  title = {When Should We Use Unit Fixed Effects Regression Models for Causal Inference with Longitudinal Data?},
  author = {Imai, Kosuke and Kim, In Song},
  year = {2019},
  volume = {63},
  pages = {467--490},
  publisher = {{Wiley Subscription Services, Inc}},
  issn = {0092-5853},
  doi = {10.1111/ajps.12417},
  journal = {American Journal of Political Science},
  language = {eng},
  number = {2}
}

@article{imaiCovariateBalancingPropensity2014,
  title = {Covariate Balancing Propensity Score},
  author = {Imai, Kosuke and Ratkovic, Marc},
  year = {2014},
  volume = {76},
  pages = {243--263},
  publisher = {{Blackwell Publishing Ltd}},
  issn = {1369-7412},
  doi = {10.1111/rssb.12027},
  file = {/Users/debaum/Zotero/storage/L9NRC9E4/Imai and Ratkovic - 2014 - Covariate balancing propensity score.pdf},
  journal = {Journal of the Royal Statistical Society. Series B, Statistical Methodology},
  language = {eng},
  number = {1}
}

@article{imaiRobustEstimationInverse2015,
  title = {Robust Estimation of Inverse Probability Weights for Marginal Structural Models},
  author = {Imai, Kosuke and Ratkovic, Marc},
  year = {2015},
  volume = {110},
  pages = {1013--1023},
  publisher = {{Taylor \& Francis}},
  issn = {0162-1459},
  doi = {10.1080/01621459.2014.956872},
  journal = {Journal of the American Statistical Association},
  language = {eng},
  number = {511}
}

@article{imaiIdentificationInferenceSensitivity2010,
  title = {Identification, Inference and Sensitivity Analysis for Causal Mediation Effects},
  author = {Imai, Kosuke and Keele, Luke and Yamamoto, Teppei},
  year = {2010},
  volume = {25},
  pages = {51--71},
  publisher = {{Institute of Mathematical Statistics}},
  address = {{Hayward}},
  issn = {0883-4237},
  doi = {10.1214/10-STS321},
  file = {/Users/debaum/Zotero/storage/JUS5YZQ3/Imai et al. - 2010 - Identification, Inference and Sensitivity Analysis.pdf},
  journal = {Statistical Science},
  language = {eng},
  number = {1}
}

@article{imaiUnpackingBlackBox2011,
  title = {Unpacking the Black Box of Causality: {{Learning}} about Causal Mechanisms from Experimental and Observational Studies},
  shorttitle = {Unpacking the {{Black Box}} of {{Causality}}},
  author = {Imai, Kosuke and Keele, Luke and Tingley, Dustin and Yamamoto, Teppei},
  year = {2011},
  volume = {105},
  pages = {765--789},
  publisher = {{Cambridge University Press}},
  address = {{New York, USA}},
  issn = {0003-0554},
  doi = {10.1017/S0003055411000414},
  file = {/Users/debaum/Zotero/storage/THYI3VVV/IMAI et al. - 2011 - Unpacking the Black Box of Causality Learning abo.pdf},
  journal = {The American Political Science Review},
  language = {eng},
  number = {4}
}

@Manual{R-npcausal,
  title = {npal: Nonparametric Causal Inference Methods},
  author = {Edward H. Kennedy},
  year = {2021},
  note = {R package version 0.1.0},
  url = {https://github.com/ehkennedy/npcausal/blob/master/npcausal.pdf},
}

@article{kennedyNonparametricMethodsDoubly2017,
  title = {Non-Parametric Methods for Doubly Robust Estimation of Continuous Treatment Effects},
  author = {Kennedy, Edward H. and Ma, Zongming and McHugh, Matthew D. and Small, Dylan S.},
  year = {2017},
  journal = {Journal of the Royal Statistical Society. Series B, Statistical Methodology},
  volume = {79},
  number = {4},
  pages = {1229--1245},
  publisher = {{Wiley}},
  issn = {1369-7412},
  doi = {10.1111/rssb.12212}
}

@article{lauEffectsNegativePolitical2007,
  title = {The Effects of Negative Political Campaigns: {{A}} Meta-Analytic Reassessment},
  shorttitle = {The {{Effects}} of {{Negative Political Campaigns}}},
  author = {Lau, Richard R. and Sigelman, Lee and Rovner, Ivy Brown},
  year = {2007},
  volume = {69},
  pages = {1176--1209},
  publisher = {{Cambridge University Press}},
  address = {{New York, USA}},
  issn = {0022-3816},
  doi = {10.1111/j.1468-2508.2007.00618.x},
  journal = {The Journal of Politics},
  language = {eng},
  number = {4}
}

@article{naimiConstructingInverseProbability2014,
  title = {Constructing Inverse Probability Weights for Continuous Exposures: {{A}} Comparison of Methods},
  shorttitle = {Constructing {{Inverse Probability Weights}} for {{Continuous Exposures}}},
  author = {Naimi, Ashley I. and Moodie, Erica EM and Auger, Nathalie and Kaufman, Jay S.},
  year = {2014},
  volume = {25},
  pages = {292--299},
  publisher = {{Lippincott Williams \& Wilkins, Inc}},
  address = {{Philadelphia, PA}},
  issn = {1044-3983},
  doi = {10.1097/EDE.0000000000000053},
  journal = {Epidemiology},
  language = {eng},
  number = {2}
}

@article{robinsNewApproachCausal1986,
  title = {A New Approach to Causal Inference in Mortality Studies with a Sustained Exposure Period \textemdash{} {{Application}} to Control of the Healthy Worker Survivor Effect},
  author = {Robins, James M.},
  year = {1986},
  volume = {7},
  pages = {1393--1512},
  publisher = {{Elsevier BV}},
  issn = {0270-0255},
  doi = {10.1016/0270-0255(86)90088-6},
  journal = {Mathematical Modelling},
  language = {eng},
  number = {9}
}

@incollection{robinsMarginalStructuralModels2000a,
  title = {Marginal Structural Models versus Structural Nested Models as Tools for Causal Inference},
  booktitle = {Statistical {{Models}} in {{Epidemiology}}, the {{Environment}}, and {{Clinical Trials}}},
  author = {Robins, James M.},
  editor = {Halloran, Elizabeth M. and Berry, Donald},
  year = {2000},
  pages = {95--133},
  publisher = {{Springer}},
  address = {{New York}}
}

@article{robinsMarginalStructuralModels2000,
  title = {Marginal Structural Models and Causal Inference in Epidemiology},
  author = {Robins, James M. and Hern{\'a}n, Miguel A. and Brumback, Babette A.},
  year = {2000},
  volume = {11},
  pages = {550--560},
  publisher = {{Lippincott Williams \& Wilkins}},
  address = {{Philadelphia, PA}},
  issn = {1044-3983},
  doi = {10.1097/00001648-200009000-00011},
  journal = {Epidemiology},
  language = {eng},
  number = {5}
}

@article{tomzPublicOpinionDemocratic2013a,
  title = {Public Opinion and the Democratic Peace},
  author = {Tomz, Michael R. and Weeks, Jessica L. P.},
  year = {2013},
  volume = {107},
  pages = {849--865},
  publisher = {{Cambridge University Press}},
  address = {{New York, USA}},
  issn = {0003-0554},
  doi = {10.1017/S0003055413000488},
  journal = {The American Political Science Review},
  language = {eng},
  number = {4}
}

@article{urbanDollarsSidewalkShould2014a,
  title = {Dollars on the Sidewalk: {{Should}} {{U}}.{{S}}. Presidential Candidates Advertise in Uncontested States?},
  shorttitle = {Dollars on the {{Sidewalk}}},
  author = {Urban, Carly and Niebler, Sarah},
  year = {2014},
  volume = {58},
  pages = {322--336},
  publisher = {{Blackwell Publishing Ltd}},
  issn = {0092-5853},
  doi = {10.1111/ajps.12073},
  journal = {American Journal of Political Science},
  language = {eng},
  number = {2}
}

@article{vanderwalIpwPackageInverse2011,
  title = {ipw: {{An R}} Package for Inverse Probability Weighting},
  shorttitle = {Ipw},
  author = {{van der Wal}, Willem M. and Geskus, Ronald B.},
  year = {2011},
  volume = {43},
  pages = {1--23},
  publisher = {{JOURNAL STATISTICAL SOFTWARE}},
  address = {{LOS ANGELES}},
  issn = {1548-7660},
  journal = {Journal of Statistical Software},
  language = {eng},
  number = {13}
}

@article{vansteelandtEstimatingDirectEffects2009,
  title = {Estimating Direct Effects in Cohort and Case\textendash Control Studies},
  author = {Vansteelandt, Stijn},
  year = {2009},
  volume = {20},
  pages = {851--860},
  publisher = {{Lippincott Williams \& Wilkins}},
  address = {{Philadelphia, PA}},
  issn = {1044-3983},
  doi = {10.1097/EDE.0b013e3181b6f4c9},
  journal = {Epidemiology},
  language = {eng},
  number = {6}
}

@article{wangDiagnosingBiasInverse2006,
  title = {Diagnosing Bias in the Inverse Probability of Treatment Weighted Estimator Resulting from Violation of Experimental Treatment Assignment},
  author = {Wang, Yue and Petersen, Maya and Bangsberg, David and van der Laan, Mark},
  year = {2006},
  month = sep,
  volume = {Working Paper 211},
  file = {/Users/debaum/Zotero/storage/Z5TPV2V6/paper211.html},
  journal = {U.C. Berkeley Division of Biostatistics Working Paper Series}
}

@article{zhouResidualBalancingMethod2020a,
  title = {Residual Balancing: {{A}} Method of Constructing Weights for Marginal Structural Models},
  shorttitle = {Residual {{Balancing}}},
  author = {Zhou, Xiang and Wodtke, Geoffrey T.},
  year = {2020},
  volume = {28},
  pages = {487--506},
  publisher = {{UNIV PRESS}},
  address = {{CAMBRIDGE}},
  issn = {1047-1987},
  doi = {10.1017/pan.2020.2},
  file = {/Users/debaum/Zotero/storage/6DU3C6FT/Zhou and Wodtke - 2020 - Residual Balancing A Method of Constructing Weigh.pdf},
  journal = {Political Analysis},
  language = {eng},
  number = {4}
}


