% This file was created with JabRef 2.6.
% Encoding: UTF-8

@BOOK{Ber09,
  title = {Bayesian theory},
  publisher = {Wiley. com},
  year = {2009},
  author = {Bernardo, Jos{\'e} M and Smith, Adrian FM},
  volume = {405},
  date-added = {2015-07-03 10:46:31 +0000},
  date-modified = {2015-07-03 10:46:31 +0000}
}

@ARTICLE{Boe03,
  author = {Susanne G. B{\o}ttcher and Claus Dethlefsen},
  title = {{deal}: {A} Package for Learning {B}ayesian Networks},
  journal = {Journal of Statistical Software},
  year = {2003},
  volume = {8},
  pages = {1-40},
  date-added = {2020-06-12 20:58:22 +0200},
  date-modified = {2020-06-12 21:00:54 +0200},
  url = {https://doi.org/10.18637/jss.v008.i20}
}

@ARTICLE{Cob06,
  author = {B. Cobb and P.P. Shenoy and R. Rum\'{\i}},
  title = {Approximating Probability Density Functions with Mixtures of Truncated
	Exponentials},
  journal = {Statistics and Computing},
  year = {2006},
  volume = {16},
  pages = {293--308},
  url = {https://doi.org/10.1007/s11222-006-8175-8},
  fjournal = {Statistics and Computing}
}

@MANUAL{Dal19,
  title = {HydeNet: Hybrid Bayesian Networks Using R and JAGS},
  author = {Jarrod E. Dalton and Benjamin Nutter},
  year = {2019},
  note = {R package version 0.10.9},
  bdsk-url-1 = {https://CRAN.R-project.org/package=HydeNet},
  url = {https://CRAN.R-project.org/package=HydeNet}
}

@INPROCEEDINGS{Hen88,
  author = {M. Henrion},
  title = {Propagating uncertainty by logic sampling in {B}ayes' networks},
  booktitle = {Uncertainty in Artificial Intelligence},
  year = {1988},
  editor = {J.F. Lemmer and L.N. Kanal},
  volume = {2},
  pages = {317--324},
  publisher = {North-Holland (Amsterdam)}
}

@ARTICLE{Kal12,
  author = {Markus Kalisch and Martin Maechler and Diego Colombo and Marloes
	H. Maathuis and Peter Buehlmann},
  title = {Causal Inference Using Graphical Models with the {R} Package pcalg},
  journal = {Journal of Statistical Software},
  year = {2012},
  volume = {47},
  pages = {1-26},
  date-added = {2020-06-12 20:53:44 +0200},
  date-modified = {2020-06-12 20:55:19 +0200},
  url = {https://doi.org/10.18637/jss.v047.i11}
}

@MISC{Kra19,
  author = {Gilles Kratzer and Fraser Iain Lewis and Arianna Comin and Marta
	Pittavino and Reinhard Furrer},
  title = {Additive Bayesian Network Modelling with the R Package abn},
  year = {2019},
  archiveprefix = {arXiv},
  eprint = {1911.09006}
}

@INPROCEEDINGS{LoCru12,
  author = {Pedro Luis {L\'{o}pez-Cruz} and Concha Bielza and Pedro {Larra\~{n}aga}},
  title = {Learning mixtures of polynomials from data using {B}-spline interpolation},
  booktitle = {Proceedings of the 6th European Workshop on Probabilistic Graphical
	Models (PGM'12)},
  year = {2012},
  editor = {Andr\'{e}s Cano and Manuel {G\'{o}mez-Olmedo} and Thomas D.\ Nielsen},
  pages = {211--218},
  date-modified = {2019-10-03 13:16:53 +0200}
}

@ARTICLE{Lan14,
  author = {H. Langseth and T.D. Nielsen and I. P\'erez-Bernab\'e and A. Salmer\'{o}n},
  title = {Learning mixtures of truncated basis functions from data},
  journal = {International Journal of Approximate Reasoning},
  year = {2014},
  volume = {55},
  pages = {940-956},
  date-added = {2015-07-03 10:46:08 +0000},
  date-modified = {2015-07-03 10:46:08 +0000},
  url = {https://doi.org/10.1016/j.ijar.2013.09.012}
}

@ARTICLE{Lan12,
  author = {H. Langseth and T.D. Nielsen and R. Rum\'{\i} and A. Salmer\'{o}n},
  title = {Mixtures of truncated basis functions},
  journal = {International Journal of Approximate Reasoning},
  year = {2012},
  volume = {53},
  pages = {212-227},
  date-added = {2011-07-27 08:45:09 +0200},
  date-modified = {2012-01-20 15:37:46 +0100},
  url = {https://doi.org/10.1016/j.ijar.2011.10.004},
  institution = {The Norwegian University of Science and Technology}
}

@ARTICLE{Lan10,
  author = {H. Langseth and T.D. Nielsen and R. Rum\'{\i} and A. Salmer\'{o}n},
  title = {Parameter estimation and model selection for mixtures of truncated
	exponentials},
  journal = {International Journal of Approximate Reasoning},
  year = {2010},
  volume = {51},
  pages = {485--498},
  date-added = {2011-05-26 19:38:14 +0200},
  date-modified = {2011-05-26 19:39:29 +0200},
  url = {https://doi.org/10.1016/j.ijar.2010.01.008}
}

@ARTICLE{Lan09,
  author = {H. Langseth and T.D. Nielsen and R. Rum\'{\i} and A. Salmer\'{o}n},
  title = {Maximum Likelihood Learning of Conditional {MTE} Distributions},
  journal = {ECSQARU 2009. Lecture Notes in Computer Science},
  year = {2009},
  volume = {5590},
  pages = {240--251},
  date-added = {2011-05-27 20:29:03 +0200},
  date-modified = {2011-05-27 20:31:14 +0200}
}

@INPROCEEDINGS{Lan12b,
  author = {H. Langseth and T.D. Nielsen and A. Salmer\'{o}n},
  title = {Learning mixtures of truncated basis functions from data},
  booktitle = {Proceedings of the Sixth European Workshop on Probabilistic Graphical
	Models (PGM'2012)},
  year = {2012},
  pages = {163-170},
  date-added = {2015-07-03 10:45:23 +0000},
  date-modified = {2015-07-03 10:45:23 +0000}
}

@ARTICLE{Lau92,
  author = {S.L. Lauritzen},
  title = {Propagation of probabilities, means and variances in mixed graphical
	association models},
  journal = {Journal of the American Statistical Association},
  year = {1992},
  volume = {87},
  pages = {1098--1108},
  url = {https://doi.org/10.2307/2290647}
}

@MISC{Lichman:2013,
  author = {M. Lichman},
  title = {{UCI} Machine Learning Repository},
  year = {2013},
  bdsk-url-1 = {http://archive.ics.uci.edu/ml},
  institution = {University of California, Irvine, School of Information and Computer
	Sciences},
  url = {http://archive.ics.uci.edu/ml}
}

@INPROCEEDINGS{Mor01,
  author = {S. Moral and R. Rum\'{\i} and A. Salmer\'on},
  title = {Mixtures of truncated exponentials in hybrid {B}ayesian networks},
  booktitle = {ECSQARU'01. Lecture Notes in Artificial Intelligence},
  year = {2001},
  volume = {2143},
  pages = {135--143}
}

@ARTICLE{Per15,
  author = {I. P\'erez-Bernab\'e and A. Fern\'andez and R. Rum\'{\i} and A. Salmer\'{o}n},
  title = {Parameter learning in hybrid {B}ayesian networks using prior knowledge},
  journal = {Data Mining and Knowledge Discovery},
  year = {2016},
  volume = {30},
  pages = {576-604},
  date-added = {2015-07-03 10:54:37 +0000},
  date-modified = {2019-10-03 13:13:07 +0200},
  url = {https://doi.org/10.1007/s10618-015-0429-7}
}

@ARTICLE{Per15b,
  author = {I. P\'erez-Bernab\'e and A. Salmer\'{o}n and H. Langseth},
  title = {Learning conditional distributions using mixtures of truncated basis
	functions},
  journal = {ECSQARU'2015. Lecture Notes in Artificial Intelligence},
  year = {2015},
  volume = {9161},
  pages = {397-406},
  date-added = {2015-07-08 10:32:31 +0000},
  date-modified = {2019-10-03 13:15:25 +0200}
}

@MISC{Plu03,
  author = {Martyn Plummer},
  title = {{JAGS}: {A} program for analysis of {B}ayesian graphical models using
	{G}ibbs sampling},
  year = {2003}
}

@ARTICLE{Sch78,
  author = {Gideon Schwarz},
  title = {Estimating the dimension of a model},
  journal = {Annals of {S}tatistics},
  year = {1978},
  volume = {6},
  pages = {461--464},
  date-added = {2015-07-03 10:46:19 +0000},
  date-modified = {2015-07-03 10:46:19 +0000}
}

@ARTICLE{Scu10,
  author = {Marco Scutari},
  title = {Learning Bayesian Networks with the {bnlearn} {R} Package},
  journal = {Journal of Statistical Software},
  year = {2010},
  volume = {35},
  pages = {1--22},
  number = {3},
  url = {https://doi.org/10.18637/jss.v035.i03}
}

@INPROCEEDINGS{She90,
  author = {P.P. Shenoy and G. Shafer},
  title = {Axioms for probability and belief function propagation},
  booktitle = {Uncertainty in Artificial Intelligence 4},
  year = {1990},
  editor = {R.D. Shachter and T.S. Levitt and J.F. Lemmer and L.N. Kanal},
  pages = {169--198},
  publisher = {North Holland, Amsterdam}
}

@ARTICLE{She11,
  author = {P.P. Shenoy and J.C. West},
  title = {Inference in Hybrid {B}ayesian Networks Using Mixtures of Polynomials},
  journal = {International Journal of Approximate Reasoning},
  year = {2011},
  volume = {52},
  pages = {641--657},
  date-added = {2011-05-26 19:06:03 +0200},
  date-modified = {2011-05-26 19:07:47 +0200},
  url = {https://doi.org/10.1016/j.ijar.2010.09.003}
}

@ARTICLE{Zha96,
  author = {N.L. Zhang and D. Poole},
  title = {Exploiting causal independence in {B}ayesian network inference},
  journal = {Journal of Artificial Intelligence Research},
  year = {1996},
  volume = {5},
  pages = {301--328},
  url = {https://doi.org/10.1613/jair.305}
}

