%% start of file 'swihart.bib'.
%% Copyright 2016 Xavier Danaux (xdanaux at gmail.com).
%
@article{oelschlager2021detecting,
  title={Detecting bearish and bullish markets in financial time series using hierarchical hidden Markov models},
  author={Oelschl{\"a}ger, Lennart and Adam, Timo},
  journal={Statistical Modelling},
  pages={1471082X211034048},
  year={2021},
  publisher={SAGE Publications Sage India: New Delhi, India}
}
@book{fang1990statistical,
  title={Statistical inference in elliptically contoured and related distributions},
  author={Fang, Kai-Tang and Anderson, Theodore Wilbur},
  year={1990},
  publisher={Allerton Press}
}
@book{fang2018symmetric,
  title={Symmetric multivariate and related distributions},
  author={Fang, Kai-Tai and Kotz, Samuel and Ng, Kai Wang},
  year={2018},
  publisher={Chapman and Hall/CRC}
}

@article{semmens2013feeding,
  title={Feeding requirements of white sharks may be higher than originally thought},
  author={Semmens, Jayson M and Payne, NL and Huveneers, Charlie and Sims, David W and Bruce, BD},
  journal={Scientific reports},
  volume={3},
  number={1},
  pages={1--4},
  year={2013},
  publisher={Nature Publishing Group}
}
@article{sims2008scaling,
  title={Scaling laws of marine predator search behaviour},
  author={Sims, David W and Southall, Emily J and Humphries, Nicolas E and Hays, Graeme C and Bradshaw, Corey JA and Pitchford, Jonathan W and James, Alex and Ahmed, Mohammed Z and Brierley, Andrew S and Hindell, Mark A and others},
  journal={Nature},
  volume={451},
  number={7182},
  pages={1098--1102},
  year={2008},
  publisher={Nature Publishing Group}
}
@article{dacey2013sharks,
  title={Sharks hunt via L{\'e}vy flights},
  author={Dacey, James},
  journal={physicsworld. com},
  year={2013}
}
@article{witze2010,
  title={Sharks use math to hunt},
  author={Witze, Alexandra},
  journal={https://www.sciencenews.org/article/sharks-use-math-hunt},
  year={2013}
}
@article{boldyrev2003levy,
  title={L{\'e}vy model for interstellar scintillations},
  author={Boldyrev, Stanislav and Gwinn, Carl R},
  journal={Physical review letters},
  volume={91},
  number={13},
  pages={131101},
  year={2003},
  publisher={APS}
}
@book{tsakalides1998deviation,
  title={Deviation from Normality in Statistical Signal Processing: Parameter Estimation},
  author={Tsakalides, Panagiotis and Nikias, Chrysostomos L},
  journal={A practical guide to heavy tails: statistical techniques and applications},
  pages={379},
  year={1998},
  publisher={Springer Science \& Business Media}
}
@book{nolan2020univariate,
  title={Univariate stable distributions},
  author={Nolan, John P},
  year={2020},
  publisher={Springer}
}
@article{teimouri2018,
  title={Parameter estimation using the em algorithm for symmetric stable random variables and sub-gaussian random vectors},
  author={Teimouri, Mahdi and Rezakhah, Saeid and Mohammadpour, Adel},
  journal={Journal of Statistical Theory and Applications},
  volume={17},
  number={3},
  pages={439--461},
  year={2018},
  publisher={Atlantis Press}
}
@Manual{alphastableRpackage,
    title = {alphastable: Inference for Stable Distribution},
    author = {Mahdi Teimouri and Adel Mohammadpour and Saralees Nadarajah},
    year = {2019},
    note = {R package version 0.2.1},
    url = {https://CRAN.R-project.org/package=alphastable},
  }
  @book{hamdan2000characterizing,
  title={PhD Thesis: Characterizing and approximating scale mixtures},
  author={Hamdan, Hasan Naji},
  year={2000},
  publisher={American University}
}
@article{hamdan2006characterizing,
  title={Characterizing and approximating infinite scale mixtures of normals},
  author={Hamdan, Hasan},
  journal={Communications in Statisticsâ€”Theory and Methods},
  volume={35},
  number={3},
  pages={407--413},
  year={2006},
  publisher={Taylor \& Francis}
}
@book{nolan:2018,
          author = {J. P. Nolan},
          title = {Stable Distributions - Models for Heavy Tailed Data},
          year = {2018},
          publisher = {Birkhauser},
          address = {Boston},
          note = {In progress, Chapter 1 online at http://fs2.american.edu/jpnolan/www/stable/stable.html}
     }
     
@Manual{stableRpackageLindsey,
    title = {stable: Probability Functions and Generalized Regression Models for
Stable Distributions},
    author = {Bruce Swihart and Jim Lindsey and Philippe Lambert},
    year = {2019},
    note = {R package version 1.1.4},
    organization = {The organization},
    url = {https://CRAN.R-project.org/package=stable},
  }
  @Article{libstableRpackage,
    title = {{libstable}: Fast, Parallel, and High-Precision Computation of $\alpha$-Stable Distributions in {R}, {C/C++}, and {MATLAB}},
    author = {Javier Royuela-del-Val and Federico Simmross-Wattenberg and Carlos Alberola-L{\'o}pez},
    journal = {Journal of Statistical Software},
    year = {2017},
    volume = {78},
    number = {1},
    pages = {1--25},
    doi = {10.18637/jss.v078.i01},
  }
  @Manual{stabledistRpackage,
    title = {stabledist: Stable Distribution Functions},
    author = {Diethelm Wuertz and Martin Maechler and Rmetrics core team members.},
    year = {2016},
    organization = {The organization},
    note = {R package version 0.7-1},
    url = {https://CRAN.R-project.org/package=stabledist},
  }
@Manual{stableRpackageNolan,
    title = {stable: Functions to Compute with Stable Distributions},
   author={Nolan, John P},
    organization = {Robust Analysis Inc.},
    year = {2016},
    note = {R package version 5.3},
  }
@article{swihart2015modeling,
  title={Modeling sleep fragmentation in sleep hypnograms: An instance of fast, scalable discrete-state, discrete-time analyses},
  author={Swihart, Bruce J and Punjabi, Naresh M and Crainiceanu, Ciprian M},
  journal={Computational Statistics \& Data Analysis},
  volume={89},
  pages={1--11},
  year={2015},
  publisher={North-Holland}
}
@article{swihart2014restricted,
  title={Restricted likelihood ratio tests for functional effects in the functional linear model},
  author={Swihart, Bruce J and Goldsmith, Jeff and Crainiceanu, Ciprian M},
  journal={Technometrics},
  volume={56},
  number={4},
  pages={483--493},
  year={2014},
  publisher={Taylor \& Francis}
}
@article{swihart2014unifying,
  title={A Unifying Framework for Marginalised Random-Intercept Models of Correlated Binary Outcomes},
  author={Swihart, Bruce J and Caffo, Brian S and Crainiceanu, Ciprian M},
  journal={International Statistical Review},
  volume={82},
  number={2},
  pages={275--295},
  year={2014}
}
@article{nolan2013multivariate,
  title={Multivariate elliptically contoured stable distributions: theory and estimation},
  author={Nolan, John P},
  journal={Computational Statistics},
  volume={28},
  number={5},
  pages={2067--2089},
  year={2013},
  publisher={Springer}
}
 @Manual{mvtnorm2020package,
    title = {{mvtnorm}: Multivariate Normal and t Distributions},
    author = {Alan Genz and Frank Bretz and Tetsuhisa Miwa and Xuefei Mi and Friedrich Leisch and Fabian Scheipl and Torsten Hothorn},
    year = {2020},
    organization = {The organization},
    note = {R package version 1.1-0},
    url = {https://CRAN.R-project.org/package=mvtnorm},
  }
@Book{mvtnorm2009book,
    title = {Computation of Multivariate Normal and t Probabilities},
    author = {Alan Genz and Frank Bretz},
    series = {Lecture Notes in Statistics},
    year = {2009},
    publisher = {Springer-Verlag},
    address = {Heidelberg},
    isbn = {978-3-642-01688-2},
  }
 @article{genz2002comparison,
  title={Comparison of methods for the computation of multivariate t probabilities},
  author={Genz, Alan and Bretz, Frank},
  journal={Journal of Computational and Graphical Statistics},
  volume={11},
  number={4},
  pages={950--971},
  year={2002},
  publisher={Taylor \& Francis}
}
@article{griswold2013practical,
  title={Practical marginalized multilevel models},
  author={Griswold, Michael E and Swihart, Bruce J and Caffo, Brian S and Zeger, Scott L},
  journal={Stat},
  volume={2},
  number={1},
  pages={129--142},
  year={2013}
}
@inproceedings{kiernan2012tips,
  title={Tips and strategies for mixed modeling with SAS/STAT{\textregistered} procedures},
  author={Kiernan, Kathleen and Tao, Jill and Gibbs, Phil},
  booktitle={SAS Global Forum},
  volume={2012},
  pages={332--2012},
  year={2012},
  organization={SAS Institute Inc Cary, NC}
}
@article{munda2012parfm,
  title={Parfm: parametric frailty models in R},
  author={Munda, Marco and Rotolo, Federico and Legrand, Catherine and others},
  journal={Journal of Statistical Software},
  volume={51},
  number={11},
  pages={1--20},
  year={2012},
  publisher={Foundation for Open Access Statistics}
}
@article{wang2003matching,
  title={Matching conditional and marginal shapes in binary random intercept models using a bridge distribution function},
  author={Wang, Zengri and Louis, Thomas A},
  journal={Biometrika},
  volume={90},
  number={4},
  pages={765--775},
  year={2003},
  publisher={Oxford University Press}
}
@article{wang1995semi,
  title={Semi-parametric estimation of covariate effects using the positive stable frailty model},
  author={Wang, ST and Klein, John P and Moeschberger, ML},
  journal={Applied stochastic models and data analysis},
  volume={11},
  number={2},
  pages={121--133},
  year={1995},
  publisher={Wiley Online Library}
}
@article{hougaard1986survival,
  title={Survival models for heterogeneous populations derived from stable distributions},
  author={Hougaard, Philip},
  journal={Biometrika},
  volume={73},
  number={2},
  pages={387--396},
  year={1986},
  publisher={Oxford University Press}
}
@article{chambers1976method,
  title={A method for simulating stable random variables},
  author={Chambers, John M and Mallows, Colin L and Stuck, BW},
  journal={Journal of the american statistical association},
  volume={71},
  number={354},
  pages={340--344},
  year={1976},
  publisher={Taylor \& Francis}
}
%% end of file marg_surv.bib.
