
@Manual{Horst2020,
  title = {palmerpenguins: {Palmer Archipelago (Antarctica)} penguin data},
  author = {Allison Marie Horst and Alison Presmanes Hill and Kristen B Gorman},
  year = {2020},
  note = {R package version 0.1.0},
  url = {https://allisonhorst.github.io/palmerpenguins/},
}


@article{Muller2007,
author = {M{\"{u}}ller, Matthias and Heidelberger, Bruno and Hennix, Marcus and Ratcliff, John},
doi = {10.1016/j.jvcir.2007.01.005},
issn = {10473203},
journal = {Journal of Visual Communication and Image Representation},
month = {apr},
number = {2},
pages = {109--118},
publisher = {Academic Press},
title = {Position based dynamics},
volume = {18},
year = {2007}
}


@article{Wagner2018,
author = {Wagner, Florian and Yan, Yun and Yanai, Itai},
doi = {10.1101/217737},
journal = {bioRxiv},
month = {apr},
pages = {217737},
publisher = {Cold Spring Harbor Laboratory},
title = {K-nearest neighbor smoothing for high-throughput single-cell {RNA-Seq} data},
year = {2018}
}


@book{Leimkuhler2015,
series = {Interdisciplinary Applied Mathematics, 39},
issn = {3-319-16374-4},
isbn = {3-319-16375-2},
year = {2015},
title = {Molecular Dynamics With Deterministic and Stochastic Numerical Methods},
edition = {1st ed.},
language = {eng},
author = {Leimkuhler, Ben and Matthews, Charles},
}


@article{Asimov1985,
author = {Asimov, Daniel},
doi = {10.1137/0906011},
issn = {0196-5204},
journal = {SIAM Journal on Scientific and Statistical Computing},
month = {Jan},
number = {1},
pages = {128--143},
title = {{The Grand Tour}: A Tool for Viewing Multidimensional Data},
volume = {6},
year = {1985}
}

@article{Swayne1998,
author = {Swayne, Deborah F. and Cook, Dianne and Buja, Andreas},
doi = {10.1080/10618600.1998.10474764},
issn = {1061-8600},
journal = {Journal of Computational and Graphical Statistics},
month = {mar},
number = {1},
pages = {113--130},
title = {{XGobi}: Interactive Dynamic Data Visualization in the {X Window System}},
volume = {7},
year = {1998}
}

@article{Germain2022,
author = {Germain, Pierre-Luc and Lun, Aaron and Macnair, Will and Robinson, Mark D.},
doi = {10.12688/f1000research.73600.2},
issn = {2046-1402},
journal = {F1000Research},
month = {may},
pages = {979},
title = {Doublet identification in single-cell sequencing data using {scDblFinder}},
volume = {10},
year = {2022}
}

@article{Kang2018,
author = {Kang, Hyun Min and Subramaniam, Meena and Targ, Sasha and Nguyen, Michelle and Maliskova, Lenka and McCarthy, Elizabeth and Wan, Eunice and Wong, Simon and Byrnes, Lauren and Lanata, Cristina M. and Gate, Rachel E. and Mostafavi, Sara and Marson, Alexander and Zaitlen, Noah and Criswell, Lindsey A. and Ye, Chun Jimmie},
doi = {10.1038/nbt.4042},
issn = {15461696},
journal = {Nature Biotechnology},
number = {1},
pages = {89--94},
pmid = {29227470},
title = {Multiplexed droplet single-cell {RNA-sequencing} using natural genetic variation},
volume = {36},
year = {2018}
}


@article{Cook1995,
   author = {Dianne Cook and Andreas Buja and Javier Cabrera and Catherine Hurley},
   doi = {10.1080/10618600.1995.10474674},
   issn = {1061-8600},
   issue = {3},
   journal = {Journal of Computational and Graphical Statistics},
   month = {9},
   pages = {155-172},
   title = {{Grand Tour} and {Projection Pursuit}},
   volume = {4},
   year = {1995},
}

@article{Box1964,
   author = {G E P Box and D R Cox},
   issn = {00359246},
   issue = {2},
   journal = {Journal of the Royal Statistical Society. Series B (Methodological)},
   pages = {211-252},
   title = {An Analysis of Transformations},
   volume = {26},
   url = {http://www.jstor.org/stable/2984418},
   year = {1964},
}


@article{Mandt2017,
   author = {Stephan Mandt and Matthew D Hoffman and David M Blei},
   issue = {134},
   journal = {Journal of Machine Learning Research},
   pages = {1-35},
   title = {{Stochastic Gradient Descent} as {Approximate Bayesian Inference}},
   volume = {18},
   url = {http://jmlr.org/papers/v18/17-214.html},
   year = {2017},
}


@article{Wickham2011,
   author = {Hadley Wickham and Dianne Cook and Heike Hofmann and Andreas Buja},
   doi = {10.18637/jss.v040.i02},
   issn = {1548-7660},
   issue = {2},
   journal = {Journal of Statistical Software},
   title = {tourr: An {R} Package for Exploring Multivariate Data with Projections},
   volume = {40},
   year = {2011},
}


@article{McInnes2018,
   author = {Leland McInnes and John Healy and James Melville},
   doi = {10.48550/ARXIV.1802.03426},
   journal = {arXiv},
   title = {{UMAP: Uniform Manifold Approximation and Projection} for Dimension Reduction},
   url = {https://arxiv.org/abs/1802.03426},
   year = {2018},
}

@article{Wattenberg2016,
   author = {Martin Wattenberg and Fernanda Viégas and Ian Johnson},
   doi = {10.23915/distill.00002},
   issue = {10},
   journal = {Distill},
   month = {10},
   title = {How to Use {t-SNE} Effectively},
   volume = {1},
   year = {2016},
}


@misc{Coenen2019,
   author = {Andy Coenen and Adam Pearce},
   title = {Understanding {UMAP}},
   year = {2019},
   url = {https://pair-code.github.io/understanding-umap/},
   notes = {Accessed 2022-08-07}
}


@incollection{Neal2011,
   author = {Radford M. Neal},
   editor = {Steve Brooks and Andrew Gelman and Galin Jones and Xiao-Li Meng},
   booktitle = {Handbook of {Markov Chain Monte Carlo}},
   pages = {113-162},
   publisher = {CRC Press},
   title = {{MCMC} Using {Hamiltonian Dynamics}},
   year = {2011},
}


@article{Carpenter2017,
   author = {Bob Carpenter and Andrew Gelman and Matthew D. Hoffman and Daniel Lee and Ben Goodrich and Michael Betancourt and Marcus Brubaker and Jiqiang Guo and Peter Li and Allen Riddell},
   doi = {10.18637/jss.v076.i01},
   issn = {1548-7660},
   issue = {1},
   journal = {Journal of Statistical Software},
   title = {{Stan}: A Probabilistic Programming Language},
   volume = {76},
   year = {2017},
}


@article{Lemons1997,
   author = {Don S. Lemons and Anthony Gythiel},
   doi = {10.1119/1.18725},
   issn = {0002-9505},
   issue = {11},
   journal = {American Journal of Physics},
   month = {11},
   pages = {1079-1081},
   title = {{Paul Langevin}'s 1908 paper {``On the Theory of Brownian Motion'' [``Sur la théorie du mouvement brownien,'' C. R. Acad. Sci. (Paris) 146, 530-533 (1908)]}},
   volume = {65},
   year = {1997},
}


@Manual{Hart2022,
  title = {detourr: Portable and Performant Tour Animations},
  author = {Casper Hart and Earo Wang},
  year = {2022},
  note = {R package version 0.1.0},
  url = {https://CRAN.R-project.org/package=detourr},
}

@Manual{Vaidyanathan2021,
  title = {htmlwidgets: {HTML} Widgets for {R}},
  author = {Ramnath Vaidyanathan and Yihui Xie and JJ Allaire and Joe Cheng and Carson Sievert and Kenton Russell},
  year = {2021},
  note = {R package version 1.5.4},
  url = {https://CRAN.R-project.org/package=htmlwidgets},
}

@Manual{Hoffman2022,
  title = {{Seurat}: Tools for Single Cell Genomics},
  author = {Paul Hoffman},
  year = {2022},
  note = {R package version 4.1.1},
  url = {https://CRAN.R-project.org/package=Seurat},
}

@incollection{Buja2005,
   author = {Andreas Buja and Dianne Cook and Daniel Asimov and Catherine Hurley},
   doi = {10.1016/S0169-7161(04)24014-7},
   editor = {C R Rao and E J Wegman and J L Solka},
   issn = {0169-7161},
   booktitle = {Data Mining and Data Visualization},
   pages = {391-413},
   publisher = {Elsevier},
   title = {Computational Methods for High-Dimensional Rotations in Data Visualization},
   volume = {24},
   year = {2005},
}

@article{Hullman2015,
   author = {Jessica Hullman and Paul Resnick and Eytan Adar},
   doi = {10.1371/journal.pone.0142444},
   issn = {1932-6203},
   issue = {11},
   journal = {PLOS ONE},
   month = {11},
   pages = {e0142444},
   title = {{Hypothetical} {Outcome} {Plots} Outperform Error Bars and Violin Plots for Inferences about Reliability of Variable Ordering},
   volume = {10},
   year = {2015},
}

@article{Ehlschlaeger1997,
   author = {Charles R. Ehlschlaeger and Ashton M. Shortridge and Michael F. Goodchild},
   doi = {10.1016/S0098-3004(97)00005-8},
   issn = {00983004},
   issue = {4},
   journal = {Computers & Geosciences},
   month = {5},
   pages = {387-395},
   title = {Visualizing spatial data uncertainty using animation},
   volume = {23},
   year = {1997},
}

