@book{ander,
author = {M.~J. {Anderson and J.~Robinson}},
title = {{Generalized discriminant analysis based on distances}},
publisher = {Australian and New Zealand Journal of Statistics 45:},
pages = {301--318},
year = {2003}
}
@book{balana,
author = {I.~{Balany\`a, E.~Sol\'e, J.~M. Oller, D.~Sperlich, and L.~Serra}},
title = {{Long-term changes in chromosomal inversion polymorphism of textitDrosophila subobscura: II. European populations}},
publisher = {Journal of Zoological Systematics and Evolutionary Research,42:},
pages = {191--201},
year = {2004}
}
@book{baldi,
author = {P.~{Baldi, S.~Brunak, Y.~Chauvin, C.~A.~F. Andersen, and H.~Nielsen}},
title = {{Assessing the accuracy of prediction algorithms for classification: An overview}},
publisher = {Bioinformatics 16:},
pages = {412--424},
year = {2000}
}
@book{Bhattacharyya46,
author = {A.~{Bhattacharyya}},
title = {{On a measure of divergence of two multinominal populations}},
publisher = {Sankhya 7:},
pages = {401--406},
year = {1946}
}
@book{rok,
author = {R.~{Blagus and L.~Lusa}},
title = {{Improved shrunken centroid classifiers for high-dimensional class-imbalanced data}},
publisher = {BMC Bioinformatics 14: 64},
year = {2013}
}
@book{bouxin,
author = {G.~{Bouin}},
title = {{Computer program review: Ginkgo, a multivariate analysis package}},
publisher = {Journal of Vegetation Science 16:},
pages = {355--359},
year = {2005}
}
@book{bou,
author = {A.~L. {Boulesteix, C.~Porzelius, and M.~Daumer}},
title = {{Microarray-based classification and clinical predictors: On combined classifiers and additional predictive value}},
publisher = {Bioinformatics 24:},
pages = {1698--1706},
year = {2008}
}
@book{bray,
author = {J.~R. {Bray and J.~T. Curtis}},
title = {{An ordination of upland forest communities of southern Wisconsin}},
publisher = {Ecological Monographs 27:},
pages = {325--349},
year = {1957}
}
@book{brei,
author = {L.~{Breiman}},
title = {{Random forests}},
publisher = {Machine Learning 45:},
pages = {5--32},
year = {2001}
}
@book{cohen,
author = {J.~{Cohen}},
title = {{A coefficient of agreement for nominal scales}},
publisher = {Educational and Psychological Measurement 20:},
pages = {37--46},
year = {1960}
}
@book{cover,
author = {T.~M. {Cover and P.~E. Hart}},
title = {{Nearest neighbor pattern classification}},
publisher = {IEEE Transactions on Information Theory 13:},
pages = {21--27},
year = {1967}
}
@book{cua89,
author = {C.~M. {Cuadras}},
title = {{Statistical Data Analysis and Inference, chapter Distance Analysis. In: Discrimination and Classfication Using Both Continuous and Categorical Variables, pages 459--473}},
publisher = {Elsevier Science Publishers BV Amsterdam},
year = {1989}
}
@book{cua92,
author = {C.~M. {Cuadras}},
title = {{Some examples of distance based discrimination}},
publisher = {Biometrical Letters 29:},
pages = {3--20},
year = {1992}
}
@book{cua97,
author = {C.~M. {Cuadras, J.~Fortiana, and F.~Oliva}},
title = {{The proximity of an individual to a population with applications in discriminant analysis}},
publisher = {Journal of Classification 14:},
pages = {117--136},
year = {1997}
}
@book{caceres,
author = {M.~{De~Caceres, F.~Oliva, and X.~Font}},
title = {{GINKGO, a multivariate analysis program oriented towards distance-based classifications}},
publisher = {In International Conference on Correspondence Analysis andRelated Methods (CARME' 03)},
year = {2003}
}
@book{duda,
author = {R.~O. {Duda, P.~E. Hart, and D.~G. Stork}},
title = {{Pattern Classification}},
publisher = {Wiley Interscience Publication John Wiley and Sons New York},
year = {2000}
}
@book{du,
author = {S.~{Dudoit, J.~Fridlyand, and T.~P. Speed}},
title = {{Comparison of discrimination methods for the classification of tumors using gene expression data}},
publisher = {Journal of American Statistical Association 97:},
pages = {77--87},
year = {2002}
}
@book{Fielding,
author = {A.~H. {Fielding}},
title = {{Cluster and Classification Techniques for the Biosciences}},
publisher = {Cambridge University Press},
year = {2007}
}
@book{fisher,
author = {R.~A. {Fisher}},
title = {{The use of multiple measurements in taxonomic problems}},
publisher = {The Annals of Eugenics 7:},
pages = {179--188},
year = {1936}
}
@book{ghosh05,
author = {A.~K. {Ghosh and P.~Chaudhuri}},
title = {{On data depth and distribution-free discriminant analysis using separating surfaces}},
publisher = {Bernoulli 11:},
pages = {1--27},
year = {2005}
}
@book{golub,
author = {T.~R. {Golub, D.~K. Slonim, P.~Tamayo, C.~Huard, M.~Gaasenbeek, J.~P. Mesirov, H.~Coller, M.~L. Loh, J.~R. Downing, M.~A. Caligiuri, and C.~D. Bloomfield}},
title = {{Molecular classification of cancer: Class discovery and class prediction by gene expression monitoring}},
publisher = {Science 286:},
pages = {531--537},
year = {1999}
}
@book{gower,
author = {J.~C. {Gower}},
title = {{A general coefficient of similarity and some of its properties}},
publisher = {Biometrics 27:},
pages = {857--871},
year = {1971}
}
@book{hastie,
author = {T.~{Hastie, R.~Tibshirani, D.~Botstein, and P.~Brown}},
title = {{Supervised harvesting of expression trees}},
publisher = {Genome Biology 2:},
pages = {1--12},
year = {2001}
}
@book{hlubinka,
author = {D.~{Hlubinka and O.~Vencalek}},
title = {{Depth-based classification for distributions with nonconvex support}},
publisher = {Journal of Probability and Statistics 28:},
pages = {1--7},
year = {2013}
}
@book{iri13,
author = {I.~{Irigoien, F.~Mestres, and C.~Arenas}},
title = {{The depth problem: Identifying the most representative units in a data group}},
publisher = {IEEE/ACM Transactions on Computational Biology andBioinformatics 10:  natexlaba},
pages = {161--172},
year = {2013}
}
@book{iribas,
author = {I.~{Irigoien, B.~Sierra, and C.~Arenas}},
title = {{ICGE: An R package for detecting relevant clusters and atypical units in gene expression}},
publisher = {BMC Bioinformatics 13:  natexlabb},
pages = {30--41},
year = {2013}
}
@book{jin,
author = {J.~{Jin and H.~Cui}},
title = {{Discriminant analysis based on statistical depth}},
publisher = {Journal of Systems Science and Complexity 23:},
pages = {362--371},
year = {2010}
}
@book{jorstein,
author = {R.~{Jornstein}},
title = {{Clustering and classification based on $L_1$ data depth}},
publisher = {Journal of Multivariate Analysis 90:},
pages = {67--89},
year = {2004}
}
@book{kent,
author = {M.~{Kent}},
title = {{Vegetation Description and Data Analysis: A Practical Approach}},
publisher = {Wiley-Blackwey},
year = {2011}
}
@book{kraza,
author = {W.~I. {Krzanowski, P.~Jonathan, W.~V. McCarthy, and M.~R. Thomas}},
title = {{Discriminant analysis with singular covariance matrices: Methods and applications to spectroscopic data}},
publisher = {Applied Statistics 44:},
pages = {101--115},
year = {1995}
}
@book{landis,
author = {J.~R. {Landis and G.~G. Koch}},
title = {{The measurement of observer agreement for categorical data}},
publisher = {Biometrics 33:},
pages = {159--174},
year = {1977}
}
@book{cao,
author = {K.~A. {L\^{e}~Cao, E.~Meugnier, and G.~J. McLachlan}},
title = {{Integrative mixture of experts to combine clinical factors and gene markers}},
publisher = {Bioinformatics 26:},
pages = {1192--1198},
year = {2010}
}
@book{legen,
author = {P.~{Legendre and L.~Legendre}},
title = {{Numerical Ecology}},
publisher = {Elsevier Amsterdam},
year = {1998}
}
@book{liu,
author = {R.~Y. {Liu}},
title = {{On a notion of data depth based on random simplices}},
publisher = {Annals of Statistics 18:},
pages = {405--414},
year = {1990}
}
@book{Maha36,
author = {P.~V. {Mahalanobis}},
title = {{On the generalized distance in statistics}},
publisher = {Procedures of the Natural Institute of Science of India,2:},
pages = {49--55},
year = {1936}
}
@book{mat,
author = {B.~W. {Matthews}},
title = {{Comparison of the predicted and observed secondary structure of t4 phage lysozyme}},
publisher = {Biochimica Biophysica Acta 405:},
pages = {442--451},
year = {1975}
}
@book{mestres,
author = {F.~{Mestres, J.~Balany\`a, M.~Pascual, C.~Arenas, G.~W. Gilchrist, R.~B. Huey, and L.~Serra}},
title = {{Evolution of Chilean colonizing populations of textitD. subobscura: lethal genes and chromosomal arrangements}},
publisher = {Genetica 136:},
pages = {37--48},
year = {2009}
}
@book{orloci,
author = {L.~{Orloci}},
title = {{An agglomerative method for classification of plant communities}},
publisher = {Journal of Ecology 55:},
pages = {193--205},
year = {1967}
}
@book{powers,
author = {D.~M.~W. {Powers}},
title = {{Evaluation: From precision, recall and F-measure to ROC, informedness, markedness and correlaction}},
publisher = {Journal of Machine Learning Technologies 2:},
pages = {37--63},
year = {2011}
}
@book{prevosti,
author = {A.~{Prevosti, J.~Oca\~na, and G.~Alonso}},
title = {{Distances between populations of textitD. subobscura, based on chromosome arrangement frequencies}},
publisher = {Theoretical and Applied Genetics 45:},
pages = {231--241},
year = {1975}
}
@book{rao95,
author = {C.~R. {Rao}},
title = {{A review of canonical coordinates and an alternative to correspondence analysis using Hellinger distance}},
publisher = {Q"uestii'o 19:},
pages = {23--63},
year = {1995}
}
@book{serflin,
author = {R.~{Serfling}},
title = {{Statistic and Data Analysis Based on $L_1$-Norm and Related Methods, chapter A Depth Function and a Scale Curve Based on Spatial Quantiles, pages 25--38}},
publisher = {Birkh"auser Boston},
year = {2002}
}
@book{sole,
author = {E.~{Sol\'e, F.~Mestres, J.~Balany\`a, C.~Arenas, and L.~Serra}},
title = {{Colonization of America by textitD. subobscura: Spatial and temporal lethal-gene allelism}},
publisher = {Hereditas 133:},
pages = {65--72},
year = {2000}
}
@book{ti,
author = {R.~{Tibshirani, T.~Hastie, B.~Narasimhan, and G.~Chu}},
title = {{Diagnosis of multiple cancer types by shrunken centroids of gene expression}},
publisher = {Proceedings of the National Academy of Sciences of the UnitedStates of America 99:},
pages = {6567--6572},
year = {2002}
}
@book{vardi,
author = {Y.~{Vardi and C.~Zhang}},
title = {{The multivariate $L_1$-median and associated data depth}},
publisher = {Proceedings of the National Academy of Sciences of the UnitedStates of America 97:},
pages = {1423--1426},
year = {2000}
}
@book{zou,
author = {X.~H. {Zhou, N.~A. Obuchowski, and D.~K. McClish}},
title = {{Statistical Methods in Diagnostic Medicine}},
publisher = {Wiley Series in Probability and Statistics John Wiley and Sons NewJersey},
year = {2002}
}
@book{zuo00,
author = {S.~{Zuo and R.~Serfling}},
title = {{General notions of statistical depth function}},
publisher = {Annals of Statistics 28:},
pages = {461--482},
year = {2000}
}

