@book{friedl:1997,
author = {J.~E. {Friedl}},
title = {{Mastering Regular Expressions}},
publisher = {O'Reilly},
year = {1997},
url = {http://oreilly.com/catalog/9781565922570}
}

