@Manual{R,
  title = {R: A Language and Environment for Statistical Computing},
  author = {{R Core Team}},
  organization = {R Foundation for Statistical Computing},
  address = {Vienna, Austria},
  year = {2016},
  note = {{ISBN} 3-900051-07-0},
  url = {https://www.R-project.org/},
}

@article{ihaka:1996,
  Author = {Ihaka, Ross and Gentleman, Robert},
	Journal = {Journal of Computational and Graphical Statistics},
	Number = 3,
	Pages = {299--314},
	Title = {R: A Language for Data Analysis and Graphics},
	Volume = 5,
	Year = 1996,
        url = {https://doi.org/10.1080/10618600.1996.10474713}
}

%% new

@article{kharrat2019flexible,
  title={Flexible regression models for count data based on renewal processes: The {Countr} package},
  author={Kharrat, Tarak and Boshnakov, Georgi N and McHale, Ian and Baker, Rose},
  journal={Journal of Statistical Software},
  volume={90},
  number={},
  pages={1--35},
  year={2019},
  url = {https://doi.org/10.18637/jss.v090.i13}
}

  @Manual{pustejovsky2021,
    title = {ARPobservation: Simulating recording procedures for direct observation of behavior},
    author = {James E. Pustejovsky},
    year = {2021},
    note = {R package version 1.1},
    url={https://CRAN.R-project.org/package=ARPobservation}
  }
  
  @article{barbu2018smm,
  title={{SMM}: An {R} Package for Estimation and Simulation of Discrete-time semi-{M}arkov Models},
  author={Barbu, Vlad Stefan and B{\'e}rard, Caroline and Cellier, Dominique and Sautreuil, Mathilde and Vergne, Nicolas},
  journal={The R Journal},
  volume={10},
  number={},
  pages={226-246},
  year={2018},
  url = {https://doi.org/10.32614/RJ-2018-050}
}

@article{bulla2010hsmm,
  title={hsmm - An {R} package for analyzing hidden semi-{M}arkov models},
  author={Bulla, Jan and Bulla, Ingo and Nenadi{\'c}, Oleg},
  journal={Computational Statistics \& Data Analysis},
  volume={54},
  number={},
  pages={611--619},
  year={2010},
  publisher={Elsevier},
  url={https://doi.org/10.1016/j.csda.2008.08.025}
}

@article{listwon2015semimarkov,
  title={{SemiMarkov}: An {R} package for parametric estimation in multi-state semi-{M}arkov models},
  author={Listwon, Agnieszka and Saint-Pierre, Philippe},
  journal={Journal of Statistical Software},
  volume={66},
  number={},
  pages={1--16},
  year={2015},
  url={https://doi.org/10.18637/jss.v066.i06}
}

@Manual{meyer2022vcd,
    title = {{vcd}: Visualizing Categorical Data},
    author = {David Meyer and Achim Zeileis and Kurt Hornik},
    year = {2022},
    note = {R package version 1.4-10},
    url={https://CRAN.R-project.org/package=vcd }
  }

@article{katsura1980catdap,
  title={{catdap}, A categorical data analysis program package},
  author={Katsura, Kouichi},
  journal={Computer Science Monograph},
  volume={14},
  year={1980},
  url={https://CRAN.R-project.org/package=catdap}
}


@article{sarkar2018bayesian,
  title={Bayesian semiparametric mixed effects {M}arkov models with application to vocalization syntax},
  author={Sarkar, Abhra and Chabout, Jonathan and Macopson, Joshua Jones and Jarvis, Erich D and Dunson, David B},
  journal={Journal of the American Statistical Association},
  volume={113},
  number={},
  pages={1515--1527},
  year={2018},
  publisher={Taylor \& Francis},
  url={https://doi.org/10.1080/01621459.2018.1423986}
}

@article{wu2021bayesian,
  title={Bayesian semiparametric {M}arkov renewal mixed models for vocalization syntax},
  author={Wu, Yutong and Jarvis, Erich D and Sarkar, Abhra},
  journal={Biostatistics},
  year={2023},
  url={https://doi.org/10.1093/biostatistics/kxac050}, 
  note={To appear}
}

@article{phelan1990bayes,
	title={Bayes estimation from a {M}arkov renewal process},
	author={Phelan, Michael J},
	journal={The Annals of Statistics},
	volume={18},
	pages={603--616},
	year={1990},
	publisher={JSTOR},
	url={https://doi.org/10.1214/aos/1176347618}
}

@article{muliere2003reinforced,
	title={Reinforced random processes in continuous time},
	author={Muliere, Pietro and Secchi, Piercesare and Walker, Stephen G},
	journal={Stochastic Processes and their Applications},
	volume={104},
	number={},
	pages={117--130},
	year={2003},
	publisher={Elsevier},
	url={https://doi.org/10.1016/S0304-4149(02)00234-X}
}

@article{bulla2007bayesian,
	title={Bayesian nonparametric estimation for reinforced {M}arkov renewal processes},
	author={Bulla, Paolo and Muliere, Pietro},
	journal={Statistical Inference for Stochastic Processes},
	volume={10},
	number={},
	pages={283--303},
	year={2007},
	publisher={Springer},
	url={https://doi.org/10.1007/s11203-006-9000-x}
}

@article{alvarez2005estimation,
	title={Estimation in stationary {M}arkov renewal processes, with application to earthquake forecasting in {T}urkey},
	author={Alvarez, Enrique E},
	journal={Methodology and Computing in Applied Probability},
	volume={7},
	number={},
	pages={119--130},
	year={2005},
	publisher={Springer},
	url={https://doi.org/10.1007/s11009-005-6658-2}
}

@article{epifani2014bayesian,
	title={Bayesian estimation for a parametric {M}arkov renewal model applied to seismic data},
	author={Epifani, Ilenia and Ladelli, Lucia and Pievatolo, Antonio},
	journal={Electronic Journal of Statistics},
	volume={8},
	number={},
	pages={2264--2295},
	year={2014},
	publisher={Institute of Mathematical Statistics and Bernoulli Society},
	url={https://doi.org/10.1214/14-EJS952}
}

@ARTICLE{Chabout_etal:2016,
   AUTHOR  = {Chabout, J. and Sarkar, A. and Patel, S. and Raiden, T. and Dunson, D. B. and Fisher, S. E. and Jarvis, E. D.},
   TITLE   = {A {F}oxp2 mutation implicated in human speech deficits alters sequencing of ultrasonic vocalizations in adult male mice},
   YEAR    = {2016},
   JOURNAL = {Frontiers in Behavioral Neuroscience},
   VOLUME  = {10},
   NUMBER  = {},
   MONTH   = {},
   PAGES   = {1-18},
   NOTE    = {},
   ANNOTE  = {},
   url={https://doi.org/10.3389/fnbeh.2016.00197}
}



@article{geisser1979predictive,
  title={A predictive approach to model selection},
  author={Geisser, Seymour and Eddy, William F},
  journal={Journal of the American Statistical Association},
  volume={74},
  number={},
  pages={153--160},
  year={1979},
  publisher={Taylor \& Francis},
  url={https://doi.org/10.2307/2286745}
}


@article{watanabe2010asymptotic,
  title={Asymptotic equivalence of {B}ayes cross validation and widely applicable information criterion in singular learning theory},
  author={Watanabe, Sumio and Opper, Manfred},
  journal={Journal of Machine Learning Research},
  volume={11},
  number={},
  pages={3571--3594},
  year={2010},
  url={https://doi.org/10.48550/arXiv.1004.2316}
  }

@article{lai2001forkhead,
  title={A forkhead-domain gene is mutated in a severe speech and language disorder},
  author={Lai, Cecilia SL and Fisher, Simon E and Hurst, Jane A and Vargha-Khadem, Faraneh and Monaco, Anthony P},
  journal={Nature},
  volume={413},
  number={},
  pages={519--523},
  year={2001},
  publisher={Nature Publishing Group},
  url={https://doi.org/10.1038/35097076}
}

@article{macdermot2005identification,
  title={Identification of {FOXP2} truncation as a novel cause of developmental speech and language deficits},
  author={MacDermot, Kay D and Bonora, Elena and Sykes, Nuala and Coupe, Anne-Marie and Lai, Cecilia SL and Vernes, Sonja C and Vargha-Khadem, Faraneh and McKenzie, Fiona and Smith, Robert L and Monaco, Anthony P and others},
  journal={The American Journal of Human Genetics},
  volume={76},
  number={},
  pages={1074--1080},
  year={2005},
  publisher={Elsevier},
  url={https://doi.org/10.1086/430841}
}

@article{fisher2009foxp2,
  title={{FOXP2} as a molecular window into speech and language},
  author={Fisher, Simon E and Scharff, Constance},
  journal={Trends in Genetics},
  volume={25},
  number={},
  pages={166--177},
  year={2009},
  publisher={Elsevier},
  url={https://doi.org/10.1016/j.tig.2009.03.002}
}


@ARTICLE{Fujita_etal:2008,
   AUTHOR  = {Fujita, E. and Tanabe, Y. and Shiota, A. and Ueda, M. and Suwa, K. and Momoi, M. Y. and Momoi, T.},
   TITLE   = {Ultrasonic vocalization impairment of {F}oxp2 ({R552H}) knockin mice related to speech-language disorder and abnormality of {P}urkinje cells},
   YEAR    = {2008},
   JOURNAL = {Proceedings of the National Academy of Sciences},
   VOLUME  = {105},
   NUMBER  = {},
   MONTH   = {},
   PAGES   = {3117-3122},
   NOTE    = {},
   ANNOTE  = {},
   url={https://doi.org/10.1073/pnas.0712298105}
}


@ARTICLE{Gaub_etal:2016,
   AUTHOR  = {Gaub, S. and Fisher, S. E. and Ehret, G.},
   TITLE   = {Ultrasonic vocalizations of adult male {F}oxp2-mutant mice:  behavioral contexts of arousal and emotion}, 
   YEAR    = {2016},
   JOURNAL = {Genes, Brain and Behavior},
   VOLUME  = {15},
   NUMBER  = {},
   MONTH   = {},
   PAGES   = {243-259},
   NOTE    = {},
   ANNOTE  = {},
   url={https://doi.org/10.1111/gbb.12274}
}

@ARTICLE{Castellucci_etal:2016,
   AUTHOR  = {Castellucci, G. A. and McGinley, M. J. and McCormick, D. A.}, 
   TITLE   = {Knockout of {F}oxp2 disrupts vocal  development in mice}, 
   YEAR    = {2016},
   JOURNAL = {Nature Scientific Reports},
   VOLUME  = {6},
   NUMBER  = {},
   MONTH   = {},
   PAGES   = {1--14},
   ANNOTE  = {},
   url={https://doi.org/10.1038/srep23305}
}

@article{ferguson2012mssurv,
  title={{msSurv}: An {R} package for nonparametric estimation of multistate models},
  author={Ferguson, Nicole and Datta, Somnath and Brock, Guy},
  journal={Journal of Statistical Software},
  volume={50},
  number={},
  pages={1--24},
  year={2012},
   url={https://doi.org/10.18637/jss.v050.i14}
}

@article{damsleth1975conjugate,
	title={Conjugate classes for gamma distributions},
	author={Damsleth, Eivind},
	journal={Scandinavian Journal of Statistics},
	volume={2},
	pages={80--84},
	year={1975},
	publisher={JSTOR},
	url={https://www.jstor.org/stable/4615580}
}

@article{miller2019fast,
	title={Fast and accurate approximation of the full conditional for gamma shape parameters},
	author={Miller, Jeffrey W},
	journal={Journal of Computational and Graphical Statistics},
	volume={28},
	number={},
	pages={476--480},
	year={2019},
	publisher={Taylor \& Francis},
  url={https://doi.org/10.1080/10618600.2018.1537929}
}

@article{muenz1985markov,
  title={Markov models for covariate dependence of binary sequences},
  author={Muenz, Larry R and Rubinstein, Lawrence V},
  journal={Biometrics},
  volume={41},
  pages={91--101},
  year={1985},
  publisher={JSTOR},
  url={https://doi.org/10.2307/2530646}
}


@article{etterson2007analysis,
  title={The analysis of covariates in multi-fate {M}arkov chain nest-failure models},
  author={Etterson, Matthew A and Olsen, Brian and Greenberg, Russell S},
  volume={34},
  journal={Studies in Avian Biology},
  pages={55--64},
  year={2007},
  url={https://sora.unm.edu/node/139709}
}

@article{alioum1998effect,
  title={Effect of gender, age, transmission category, and antiretroviral therapy on the progression of human immunodeficiency virus infection using multistate {M}arkov models},
  author={Alioum, Ahmadou and Leroy, Val{\'e}riane and Commenges, Daniel and Dabis, Fran{\c{c}}ois and Salamon, Roger and Groupe d'Epid{\'e}miologie Clinique du SIDA en Aquitaine and others},
  journal={Epidemiology},
  volume={9},
  pages={605--612},
  year={1998},
  publisher={JSTOR},
  url={https://www.jstor.org/stable/3702781}
}

@article{gradner1990analyzing,
  title={Analyzing sequential categorical data: Individual variation in {M}arkov chains},
  author={Gradner, William},
  journal={Psychometrika},
  volume={55},
  number={},
  pages={263--275},
  year={1990},
  publisher={Springer},
  url={https://doi.org/10.1007/BF02295287}
}

@article{islam2006higher,
  title={A higher order {M}arkov model for analyzing covariate dependence},
  author={Islam, M Ataharul and Chowdhury, Rafiqul Islam},
  journal={Applied Mathematical Modelling},
  volume={30},
  number={},
  pages={477--488},
  year={2006},
  publisher={Elsevier},
  url={https://doi.org/10.1016/j.apm.2005.05.006}
}

@article{eichelsbacher2002bayesian,
  title={Bayesian inference for {M}arkov chains},
  author={Eichelsbacher, Peter and Ganesh, Ayalvadi},
  journal={Journal of Applied Probability},
  volume={39},
  number={},
  pages={91--99},
  year={2002},
  publisher={Cambridge University Press},
  url={https://www.jstor.org/stable/3215920}
}

@article{diaconis2006bayesian,
  title={Bayesian analysis for reversible {M}arkov chains},
  author={Diaconis, Persi and Rolles, Silke WW},
  journal={The Annals of Statistics},
  volume={34},
  pages={1270--1292},
  year={2006},
  publisher={JSTOR},
  url={https://doi.org/10.1214/009053606000000290}
}

@article{siebert2016bayesian,
  title={Bayesian {M}arkov models consistently outperform {PWMs} at predicting motifs in nucleotide sequences},
  author={Siebert, Matthias and S{\"o}ding, Johannes},
  journal={Nucleic Acids Research},
  volume={44},
  number={},
  pages={6055--6069},
  year={2016},
  publisher={Oxford University Press},
  url={https://doi.org/10.1093/nar/gkw521}
}

@article{bacallado2009bayesian,
  title={Bayesian comparison of {M}arkov models of molecular dynamics with detailed balance constraint},
  author={Bacallado, Sergio and Chodera, John D and Pande, Vijay},
  journal={The Journal of Chemical Physics},
  volume={131},
  number={},
  pages={1--10},
  year={2009},
  publisher={American Institute of Physics},
  url={https://doi.org/10.1063/1.3192309}
}

@article{li2009markov,
  title={Markov models for {B}ayesian analysis about transit route origin--destination matrices},
  author={Li, Baibing},
  journal={Transportation Research Part B: Methodological},
  volume={43},
  number={},
  pages={301--310},
  year={2009},
  publisher={Elsevier},
  url={https://doi.org/10.1016/j.trb.2008.07.001}
}


@article{alioum2001mkvpci,
  title={{MKVPCI}: a computer program for {M}arkov models with piecewise constant intensities and covariates},
  author={Alioum, Ahmadou and Commenges, Daniel},
  journal={Computer Methods and Programs in Biomedicine},
  volume={64},
  number={},
  pages={109--119},
  year={2001},
  publisher={Elsevier},
  url={https://doi.org/10.1016/s0169-2607(00)00094-8}
}

@article{marshall1995markov,
  title={{MARKOV}: A computer program for multi-state {M}arkov models with covariables},
  author={Marshall, Guillermo and Guo, Wensheng and Jones, Richard H},
  journal={Computer Methods and Programs in Biomedicine},
  volume={47},
  number={},
  pages={147--156},
  year={1995},
  publisher={Elsevier},
  url={https://doi.org/10.1016/0169-2607(95)01641-6}
}

@article{jackson2011multi,
  title={Multi-state models for panel data: the msm package for {R}},
  author={Jackson, Christopher},
  journal={Journal of Statistical Software},
  volume={38},
  number={},
  pages={1--28},
  year={2011},
  url={https://doi.org/10.18637/jss.v038.i08}
}



@article{Spedicato2017Discrete,
  author = {Giorgio Alfredo Spedicato},
  title = {Discrete Time {M}arkov Chains with {R}},
  year = {2017},
  journal = {{The R Journal}},
  doi = {10.32614/RJ-2017-036},
  url = {https://doi.org/10.32614/RJ-2017-036},
  pages = {84--104},
  volume = {9},
  number = {}
}

@article{saint2003analysis,
  title={The analysis of asthma control under a {M}arkov assumption with use of covariates},
  author={Saint-Pierre, P and Combescure, C and Daures, JP and Godard, P},
  journal={Statistics in Medicine},
  volume={22},
  number={},
  pages={3755--3770},
  year={2003},
  publisher={Wiley Online Library},
  url = {https://doi.org/10.1002/sim.1680}
}

@article{combescure2003assessment,
  title={Assessment of variations in control of asthma over time},
  author={Combescure, Christelle and Chanez, Pascal and Saint-Pierre, Philippe and Daures, Jean Pierre and Proudhon, Herve and Godard, Philippe and others},
  journal={European Respiratory Journal},
  volume={22},
  number={},
  pages={298--304},
  year={2003},
  publisher={Eur Respiratory Soc},
  url = {https://doi.org/10.1183/09031936.03.00081102}
}

@article{juniper1999development,
  title={Development and validation of a questionnaire to measure asthma control},
  author={Juniper, EF and O'byrne, PM and Guyatt, GH and Ferrie, PJ and King, DR},
  journal={European Respiratory Journal},
  volume={14},
  number={},
  pages={902--907},
  year={1999},
  publisher={Eur Respiratory Soc},
  url = {https://doi.org/10.1034/j.1399-3003.1999.14d29.x}
}

@article{o2011hidden,
  title={Hidden semi {M}arkov models for multiple observation sequences: The mhsmm package for {R}},
  author={O'Connell, Jared and H{\o}jsgaard, S{\o}ren},
  journal={Journal of Statistical Software},
  volume={39},
  pages={1--22},
  year={2011},
  url = {https://doi.org/10.18637/jss.v039.i04}
}

  @Article{amini2022hhsmm,
    title = {hhsmm: an {R} package for hidden hybrid {M}arkov/semi-{M}arkov models},
    author = {Morteza Amini and Afarin Bayat and Reza Salehian},
    journal = {Computational Statistics},
    year = {2022},
    volume = {1},
    number = {},
    pages = {1-53},
    url = {https://doi.org/10.1007/s00180-022-01248-x}
  }
  
  @article{zhang2019scenario,
  title={Scenario-based assessments in writing: An experimental study},
  author={Zhang, Mo and van Rijn, Peter W and Deane, Paul and Bennett, Randy E},
  journal={Educational Assessment},
  volume={24},
  pages={73--90},
  year={2019},
  publisher={Taylor \& Francis},
    url = {https://doi.org/10.1080/10627197.2018.1557515}
}


@article{holsclaw2017bayesian,
  title={Bayesian nonhomogeneous Markov models via P{\'o}lya-Gamma data augmentation with applications to rainfall modeling},
  author={Holsclaw, Tracy and Greene, Arthur M and Robertson, Andrew W and Smyth, Padhraic},
  journal={The Annals of Applied Statistics},
  volume={11},
  number={},
  pages={393--426},
  year={2017},
  publisher={Institute of Mathematical Statistics},
  url={https://doi.org/10.1214/16-AOAS1009}
}

@article{sesia2019gene,
  title={Gene hunting with hidden {M}arkov model knockoffs},
  author={Sesia, Matteo and Sabatti, Chiara and Cand{\`e}s, Emmanuel J},
  journal={Biometrika},
  volume={106},
  number={},
  pages={1--18},
  year={2019},
  publisher={Oxford University Press},
  url={https://doi.org/10.1093/biomet/asy033}
}

@article{pyke1961markov,
	title={Markov renewal processes: definitions and preliminary properties},
	author={Pyke, Ronald},
	journal={The Annals of Mathematical Statistics},
	volume={32},
	pages={1231--1242},
	year={1961},
	publisher={JSTOR},
	url={https://www.jstor.org/stable/2237923}
}