% Encoding: UTF-8

@Article{signorelli2021,
  author  = {Signorelli, M. and Spitali, P. and Al-Khalili Sgyziarto, C. and {The Mark-MD Consortium} and Tsonaka, R.},
  journal = {Statistics in Medicine},
  title   = {Penalized regression calibration: a method for the prediction of survival outcomes using complex longitudinal and high-dimensional data},
  year    = {2021},
  number  = {27},
  pages   = {6178-6196},
  volume  = {40},
}

@Article{proust2013,
  author    = {Proust-Lima, C{\'e}cile and Amieva, H{\'e}l{\`e}ne and Jacqmin-Gadda, H{\'e}l{\`e}ne},
  title     = {Analysis of multivariate mixed longitudinal data: a flexible latent process approach},
  journal   = {British Journal of Mathematical and Statistical Psychology},
  year      = {2013},
  volume    = {66},
  number    = {3},
  pages     = {470--487},
  publisher = {Wiley Online Library},
}

@Book{mcculloch2004,
  author    = {McCulloch, Charles E and Searle, Shayle R},
  publisher = {John Wiley \& Sons},
  title     = {Generalized, {L}inear, and {M}ixed {M}odels},
  year      = {2004},
}

@Article{proust2017,
  author  = {C\'ecile Proust-Lima and Viviane Philipps and Benoit Liquet},
  journal = {Journal of Statistical Software},
  title   = {Estimation of Extended Mixed Models Using Latent Classes and Latent Processes: The {R} Package cmm},
  year    = {2017},
  number  = {2},
  pages   = {1--56},
  volume  = {78},
}

@Manual{pinheiro2022,
  title  = {{nlme: Linear and Nonlinear Mixed Effects Models}},
  author = {José Pinheiro and Douglas Bates and {R Core Team}},
  note   = {R package version 3.1-160},
  year   = {2022},
  url    = {https://CRAN.R-project.org/package=nlme},
}

@Article{verweij1994,
  author    = {Verweij, Pierre JM and Van Houwelingen, Hans C},
  journal   = {Statistics in Medicine},
  title     = {Penalized likelihood in {C}ox regression},
  year      = {1994},
  number    = {23-24},
  pages     = {2427--2436},
  volume    = {13},
  publisher = {Wiley Online Library},
}

@Article{heagerty2000,
  author    = {Heagerty, Patrick J and Lumley, Thomas and Pepe, Margaret S},
  title     = {Time-dependent {ROC} curves for censored survival data and a diagnostic marker},
  journal   = {Biometrics},
  year      = {2000},
  volume    = {56},
  number    = {2},
  pages     = {337--344},
  publisher = {Wiley Online Library},
}

@Article{pencina2004,
  author    = {Pencina, Michael J and D'Agostino, Ralph B},
  journal   = {Statistics in Medicine},
  title     = {Overall {C} as a measure of discrimination in survival analysis: model specific population value and confidence interval estimation},
  year      = {2004},
  number    = {13},
  pages     = {2109--2123},
  volume    = {23},
  publisher = {Wiley Online Library},
}

@Manual{foreach2022,
  title  = {foreach: Provides Foreach Looping Construct},
  author = {{Microsoft} and Steve Weston},
  note   = {R package version 1.5.2},
  year   = {2022},
  url    = {https://CRAN.R-project.org/package=foreach},
}

@InCollection{galecki2013,
  author    = {Ga{\l}ecki, Andrzej and Burzykowski, Tomasz},
  booktitle = {Linear {M}ixed-{E}ffects {M}odels {U}sing {R}},
  publisher = {Springer},
  title     = {Linear mixed-effects model},
  year      = {2013},
  pages     = {245--273},
}

@Article{zou2005,
  author    = {Zou, Hui and Hastie, Trevor},
  journal   = {Journal of the Royal Statistical Society: Series B},
  title     = {Regularization and variable selection via the elastic net},
  year      = {2005},
  number    = {2},
  pages     = {301--320},
  volume    = {67},
  publisher = {Wiley Online Library},
}

@Book{pinheiro2000,
  author    = {José C. Pinheiro and Douglas M. Bates},
  publisher = {Springer},
  title     = {{Mixed-Effects Models in S and S-PLUS}},
  year      = {2000},
}

@Article{graf1999,
  author    = {Graf, Erika and Schmoor, Claudia and Sauerbrei, Willi and Schumacher, Martin},
  journal   = {Statistics in Medicine},
  title     = {Assessment and comparison of prognostic classification schemes for survival data},
  year      = {1999},
  number    = {17-18},
  pages     = {2529--2545},
  volume    = {18},
  publisher = {Wiley Online Library},
}

@Article{devaux2023,
  author  = {Devaux, Anthony and Proust-Lima, C{\'e}cile and Genuer, Robin},
  journal = {arXiv preprint arXiv:2302.02670},
  title   = {{Random Forests for time-fixed and time-dependent predictors: The DynForest R package}},
  year    = {2023},
}

@Article{rizopoulos2014,
  author  = {Rizopoulos, Dimitris},
  journal = {arXiv preprint arXiv:1404.7625},
  title   = {{The R package JMbayes for fitting joint models for longitudinal and time-to-event data using MCMC}},
  year    = {2014},
}

@Article{hickey2018,
  author    = {Hickey, Graeme L and Philipson, Pete and Jorgensen, Andrea and Kolamunnage-Dona, Ruwanthi},
  journal   = {BMC Medical Research Methodology},
  title     = {{joineRML: a joint model and software package for time-to-event and multivariate longitudinal outcomes}},
  year      = {2018},
  pages     = {1--14},
  volume    = {18},
  publisher = {Springer},
}

@Article{rizopoulos2010,
  author  = {Rizopoulos, Dimitris},
  journal = {Journal of Statistical Software},
  title   = {{JM: An R package for the joint modelling of longitudinal and time-to-event data}},
  year    = {2010},
  pages   = {1--33},
  volume  = {35},
}

@Electronic{philipson2018,
  author = {Philipson, P and Sousa, I and Diggle, P and Williamson, P and Kolamunnage-Dona, R and Henderson, R and Hickey, G},
  note   = {R package version 1.2.8},
  title  = {{joineR: Joint Modelling of Repeated Measurements and Time-to-Event Data}},
  url    = {https://cran.r-project.org/package=joineR},
  year   = {2018},
}

@Article{simon2011,
  author    = {Simon, Noah and Friedman, Jerome and Hastie, Trevor and Tibshirani, Rob},
  journal   = {Journal of statistical software},
  title     = {{Regularization paths for Cox’s proportional hazards model via coordinate descent}},
  year      = {2011},
  number    = {5},
  pages     = {1},
  volume    = {39},
  publisher = {NIH Public Access},
}

@article{signorelli2024,
  title={An empirical appraisal of methods for the dynamic prediction of survival with numerous longitudinal predictors},
  author={Signorelli, Mirko and Retif, Sophie},
  journal={arXiv preprint arXiv:2403.14336},
  year={2024}
}

@Electronic{heagerty2022,
  author = {Heagerty, P J and Saha-Chaudhuri, P},
  note   = {R package version 1.0.3.1},
  title  = {{survivalROC: Time-Dependent ROC Curve Estimation from Censored Survival Data}},
  url    = {https://CRAN.R-project.org/package=survivalROC},
  year   = {2022},
}

@Article{schroder2011,
  author    = {Schr{\"o}der, Markus S and Culhane, Aed{\'\i}n C and Quackenbush, John and Haibe-Kains, Benjamin},
  journal   = {Bioinformatics},
  title     = {{survcomp: an R/Bioconductor package for performance assessment and comparison of survival models}},
  year      = {2011},
  number    = {22},
  pages     = {3206--3208},
  volume    = {27},
  publisher = {Oxford University Press},
}

@Electronic{gerds2022,
  author = {Thomas Alexander Gerds and Johan Sebastian Ohlendorff and Brice Ozenne},
  note   = {R package version 2023.03.22},
  title  = {{riskRegression: Risk Regression Models and Prediction Scores for Survival Analysis with Competing Risks}},
  url    = {https://CRAN.R-project.org/package=riskRegression},
  year   = {2023},
}

@Article{murtaugh1994,
  author    = {Murtaugh, Paul A and Dickson, E Rolland and Van Dam, Gooitzen M and Malinchoc, Michael and Grambsch, Patricia M and Langworthy, Alice L and Gips, Chris H},
  journal   = {Hepatology},
  title     = {Primary biliary cirrhosis: prediction of short-term survival based on repeated patient visits},
  year      = {1994},
  number    = {1},
  pages     = {126--134},
  volume    = {20},
  publisher = {Wiley Online Library},
}

@Book{steyerberg2009,
  author    = {Steyerberg, E W},
  publisher = {Springer},
  title     = {Clinical Prediction Models},
  year      = {2009},
}

@Article{therneau2000,
  author    = {Therneau, T M and Grambsch, P M},
  title     = {{Modeling survival data: extending the Cox model}},
  year      = {2000},
  publisher = {Springer},
}

@Article{henderson2000,
  author    = {Henderson, Robin and Diggle, Peter and Dobson, Angela},
  journal   = {Biostatistics},
  title     = {Joint modelling of longitudinal measurements and event time data},
  year      = {2000},
  number    = {4},
  pages     = {465--480},
  volume    = {1},
  publisher = {Oxford University Press},
}

@Article{vanhouwelingen2007,
  author    = {Van Houwelingen, Hans C},
  journal   = {Scandinavian Journal of Statistics},
  title     = {Dynamic prediction by landmarking in event history analysis},
  year      = {2007},
  number    = {1},
  pages     = {70--85},
  volume    = {34},
  publisher = {Wiley Online Library},
}

@Article{putter2022,
  author    = {Putter, Hein and van Houwelingen, Hans C},
  journal   = {Statistics in Medicine},
  title     = {Landmarking 2.0: Bridging the gap between joint models and landmarking},
  year      = {2022},
  number    = {11},
  pages     = {1901--1917},
  volume    = {41},
  publisher = {Wiley Online Library},
}

@Electronic{signorelli2023,
  author = {Signorelli, M.},
  note   = {R package version 2.1.0},
  title  = {{pencal: Penalized Regression Calibration (PRC) for the Dynamic Prediction of Survival}},
  url    = {https://cran.r-project.org/package=pencal},
  year   = {2023},
}

@Electronic{kusnierczyk2012,
  author = {Wacek Kusnierczyk},
  note   = {R package version 1.0.0},
  title  = {{rbenchmark: Benchmarking routine for R}},
  url    = {https://CRAN.R-project.org/package=rbenchmark},
  year   = {2012},
}

@Comment{jabref-meta: databaseType:bibtex;}
