
  
   @Manual{epiilm,
    title = {EpiILM: Spatial and Network Based Individual Level Models for Epidemics},
    author = {Warriyar. K. V., Vineetha  and  Almutiry, Waleed and Deardon, Rob},
    year = {2020},
    note = {R package version 1.5},
    url = {https://CRAN.R-project.org/package=EpiILM},
  }
  
  
  @Article{msm,
    title = {Multi-State Models for Panel Data: The {msm} Package for {R}},
    author = {Christopher H. Jackson},
    journal = {Journal of Statistical Software},
    year = {2011},
    volume = {38},
    number = {8},
    pages = {1--29},
    url = {http://www.jstatsoft.org/v38/i08/},
 }

@Manual{survival,
  title = {A Package for Survival Analysis in S},
  author = {Terry M Therneau},
  year = {2015},
  note = {version 2.38},
 url = {https://CRAN.R-project.org/package=survival},
 }

@Manual{r0,
  title = {R0: Estimation of R0 and Real-Time Reproduction Number from
Epidemics},
  author = {Pierre-Yves Boelle and Thomas Obadia},
  year = {2015},
  note = {R package version 1.2-6},
  url = {https://CRAN.R-project.org/package=R0},
}
  
  
@Manual{epinet,
  title = {epinet: Epidemic/Network-Related Tools},
  author = {Chris Groendyke and David Welch},
  year = {2016},
  note = {R package version 2.1.7},
  url = {https://CRAN.R-project.org/package=epinet},
}
 
    
@Manual{epimodel,
  title = {EpiModel: Mathematical Modeling of Infectious Disease Dynamics},
  author = {Samuel Jenness and Steven M. Goodreau and Martina Morris},
  year = {2018},
  note = {R package version 1.6.1},
  url = {https://CRAN.R-project.org/package=EpiModel},
}
 
   
@Manual{estim,
    title = {EpiEstim: Estimate Time Varying Reproduction Numbers from Epidemic Curves},
    author = {Anne Cori},
    year = {2019},
    note = {R package version 2.2-1},
    url = {https://CRAN.R-project.org/package=EpiEstim},
  }
   
 @Article{surve,
  author = {Sebastian Meyer and Leonhard Held and Michael Hohle},
  title = {Spatio-Temporal Analysis of Epidemic Phenomena Using the {R} Package {surveillance}},
  journal = {Journal of Statistical Software},
  year = {2017},
  volume = {77},
  number = {11},
  pages = {1--55},
  url = {https://doi.org/10.18637/jss.v077.i11},
}


@article{deardon2010,
  title={Inference for individual-level models of infectious diseases in large populations},
  author={Deardon, Rob and Brooks, Stephen P and Grenfell, Bryan T and Keeling, Matthew J and Tildesley, Michael J and Savill, Nicholas J and Shaw, Darren J and Woolhouse, Mark EJ},
  journal={Statistica Sinica},
  volume={20},
  number={1},
  pages={239},
  year={2010},
  publisher={NIH Public Access}
}

@article{Jewell2009,
  title={Bayesian Analysis for Emerging Infectious Diseases},
  author={Jewell, Chris P and Kypraios, Theodore and Neal, Peter and Roberts, Gareth O},
  journal={Bayesian Analysis},
  volume={4},
  number={4},
  pages={465--496},
  year={2009},
  publisher={Carnegie Mellon University}
}

@article{Tildesley2006,
  title={Optimal reactive vaccination strategies for an outbreak of foot-and-mouth disease in Great Britain},
  author={Tildesley, Michael J. and Savill, Nicholas J. and Shaw, Darren J. and Deardon, Rob and Brooks, Stephen P. and Woolhouse, Mark E. J. and Grenfell, Bryan T. and Keeling, Matt J.},
  journal={Nature},
  volume={440},
  number={7080},
  pages={83--86},
  year={2006},
}

@article{OReilly2018,
  title={Projecting the end of the Zika virus epidemic in Latin America: a modelling analysis},
  author={O'Reilly, Kathleen M. and Lowe, Rachel and Edmunds, W. John and Mayaud, Philippe and Kucharski, Adam and Eggo, Rosalind M. and Funk, Sebastian and Bhatia, Deepit and Khan, Kamran and Kraemer, Moritz U. G. and Wilder-Smith, Annelies and Rodrigues, Laura C. and Brasil, Patricia and Massad, Eduardo and Jaenisch, Thomas and Cauchemez, Simon and Brady, Oliver J. and Yakob, Laith},
  journal={BMC Medicine},
  volume={16},
  number={1},
  pages={180},
  year={2018},
}


@Manual{ergm,
  author = {Mark S. Handcock and David R. Hunter and Carter T. Butts and Steven M. Goodreau and Pavel N. Krivitsky and Martina Morris},
  title = {ergm: Fit, Simulate and Diagnose Exponential-Family Models for
Networks},
  organization = {The Statnet Project (\url{http://www.statnet.org})},
  year = {2017},
  note = {R package version 3.8.0},
  url = {https://CRAN.R-project.org/package=ergm},
}

@Article{ig,
  title = {The igraph software package for complex network research},
  author = {Gabor Csardi and Tamas Nepusz},
  journal = {InterJournal},
  volume = {Complex Systems},
  pages = {1695},
  year = {2006},
  url = {http://igraph.org},
}

@Article{coda,
  title = {CODA: Convergence Diagnosis and Output Analysis for MCMC},
  author = {Martyn Plummer and Nicky Best and Kate Cowles and Karen Vines},
  journal = {R News},
  year = {2006},
  volume = {6},
  number = {1},
  pages = {7--11},
  url = {https://journal.r-project.org/archive/},
  pdf = {https://www.r-project.org/doc/Rnews/Rnews_2006-1.pdf},
}



@article{hugh,
  title={Validating mathematical models of plant-disease progress in space and time},
  author={Hughes, Gareth and McRoberts, NEIL and Madden, Laurence V and Nelson, Scot C},
  journal={Mathematical Medicine and Biology},
  volume={14},
  number={2},
  pages={85--112},
  year={1997},
  publisher={IMA}
}

@article{gyan,
  title={Gaussian process emulators for spatial individual-level models of infectious disease},
  author={Pokharel, Gyanendra and Deardon, Rob},
  journal={Canadian Journal of Statistics},
  volume={44},
  number={4},
  pages={480--501},
  year={2016},
  publisher={Wiley Online Library}
}

  @article{deardon2014,
  title={Statistical modeling of spatiotemporal infectious disease transmission},
  author={Deardon, Rob and Fang, Xuan and Kwong, G},
  journal={Analyzing and Modeling Spatial and Temporal Dynamics of Infectious Diseases (eds. Chen D, Moulin B, Wu J},
  pages={211--232},
  year={2015},
  publisher={John Wiley \& Sons, Inc. Hoboken, Nj, USA.}
}
  
  @article{brown2005,
  title={Tospoviruses in solanaceae and other crops in the coastal plain of Georgia},
  author={Brown, S and Csinos, A and D{\'\i}az-P{\'e}rez, JC and Gitaitis, R and LaHue, SS and Lewis, J and Martinez, N and McPherson, R and Mullis, S and Nischwitz, C and others},
  journal={The University of Georgia College of Agriculture and Environmental Sciences, Research Report},
  volume={704},
  pages={19},
  year={2005}
}
  
  


  @article{deeth,
  title={Latent conditional individual-level models for infectious disease modeling},
  author={Deeth, Lorna and Deardon, Rob},
  journal={The International Journal of Biostatistics},
  volume={9},
  number={1},
  pages={75--93},
  year={2013}
}


  @article{malik2016,
  title={Parameterizing spatial models of infectious disease transmission that incorporate infection time uncertainty using sampling- based likelihood approximations},
  author={Malik, R and Deardon, Rob and Kwong, G},
  journal={PLoS One},
  volume={11},
  number={1},
  url={https://doi.org/10.1371/journal.pone.0146253},
  year={2016}
}

  @article{m2014,
  title={Individual-level modeling of the spread of influenza within households},
  author={Malik, R and Deardon, Rob and Kwong, G and Cowling, B J},
  journal={Journal of Applied Statistics},
  volume={41},
  number={7},
  pages={1578--1592},
  year={2014}
}


  @article{k2013,
  title={Bayesian analysis of risk factors for infection with a genotype of porcine reproductive and respiratory syndrome virus in Ontario swine herds using monitoring data},
  author={Kwong, G and Poljak, Z and Deardon, Rob and Dewey, C},
  journal={Preventive Veterinary Medicine},
  volume={110},
  number={3-4},
  pages={405--17},
  year={2013}
}



  @article{v2012,
  title={Using individual-level models to model the spatio-temporal dynamics of combustion},
  author={Vrbik, I and  Deardon, Rob and Feng, Z and  Gardner, A and Braun, J},
  journal={Bayesian Analysis},
  volume={7},
  number={3},
  pages={615--638},
  year={2012}
}



  @article{cook2007,
  title={Bayesian inference for the spatio-temporal Invasion of alien species},
  author={Cook, A R and Marion, G and Butler, A and Gibson, G. J},
  journal={Bulletin of Mathematical Biology},
  volume={69},
  pages={2005--2025},
  year={2007}
}



@article{Razvan,
  title={Modelling two strains of disease via aggregate-level infectivity curves},
  author={Romanescu, Razvan  and Deardon, Rob},
  journal={Journal of Mathematical Biology},
  volume={72},
  number={5},
  pages={1195--1224},
  year={2016}
}


@article{vihola2012robust,
  title={Robust adaptive Metropolis algorithm with coerced acceptance rate},
  author={Vihola, Matti},
  journal={Statistics and Computing},
  volume={22},
  number={5},
  pages={997--1008},
  year={2012},
  publisher={Springer}
}

@article{cox,
 title={Regression models and life-tables},
  author={Cox, David Roxbee },
  journal={Journal of the Royal Statistical Society},
 volume={34},
 number={2},
  pages={187--220},
year={1972}
}






























