@book{hornik:Feinerer+Hornik+Meyer:2008,
author = {{Ingo Feinerer, Kurt Hornik, and David Meyer}},
title = {{Text mining infrastructure in R}},
publisher = {Journal of Statistical Software 25 (5): 2  ISSN 1548-7660},
pages = {1--54},
year = {2008},
url = {http://www.jstatsoft.org/v25/i05}
}
@book{aspell:Fellbaum:1998,
author = {{Christiane Fellbaum, editor}},
title = {{WordNet: An Electronic Lexical Database}},
publisher = {MIT Press Cambridge MA},
year = {1998},
isbn = {978-0-262-06197-1}
}
@book{skmeans:Manning+Raghavan+Schuetze:2008,
author = {{Christopher~D. Manning, Prabhakar Raghavan, and Hinrich Sch{\"u}tze}},
title = {{Introduction to Information Retrieval}},
publisher = {Cambridge University Press},
year = {2008},
url = {http://nlp.stanford.edu/IR-book/information-retrieval-book.html}
}
@book{hornik:Rossini+Heiberger+Sparapani:2004,
author = {and {Kurt Hornik}},
title = {{Emacs speaks statistics: A multi-platform, multi-package development environment for statistical analysis}},
publisher = {Journal of Computational and Graphical Statistics 13(1):},
pages = {247--261},
year = {2004}
}
@book{aspell:Lang:2005,
author = {{Duncan {Temple Lang}}},
title = {{Interface to aspell library, }},
publisher = {R package version 0.2-0},
year = {2005},
url = {http://www.omegahat.org/Aspell}
}
@book{aspell:Lang:2010,
author = {{Duncan {Temple Lang}}},
title = {{XML: Tools for parsing and generating XML within R and S-Plus., }},
publisher = {R package version 3.1-1},
year = {2010},
url = {http://CRAN.R-project.org/package=XML}
}
@book{aspell:Zesch+Mueller+Gurevych:2008,
author = {{Torsten Zesch, Christof M\"{u}ller, and Iryna Gurevych}},
title = {{Using wiktionary for computing semantic relatedness}},
publisher = {In AAAI'08: Proceedings of the 23rd national conference onArtificial intelligence pages  AAAI Press},
pages = {861--866},
year = {2008},
isbn = {978-1-57735-368-3}
}

