

@Manual{R,
	title = {R: A Language and Environment for Statistical Computing},
	author = {{R Core Team}},
	organization = {R Foundation for Statistical Computing},
	address = {Vienna, Austria},
	year = {2018},
	url = {https://www.R-project.org/},
}

@Manual{pkg:ConvergenceClubs,
	title = {{ConvergenceClubs}: Finding Convergence Clubs},
	author = {Roberto Sichera and Pietro Pizzuto},
	year = {2019},
	note = {R package version 2.2.1},
	url = {https://cran.r-project.org/web/packages/ConvergenceClubs},
}

@Manual{pkg:mFilter,
	title = {{mFilter}: Miscellaneous Time Series Filters},
	author = {Mehmet Balcilar},
	year = {2018},
	note = {R package version 0.1-4},
	url = {https://CRAN.R-project.org/package=mFilter},
}


@article{Baumol1986,
	URL = {http://www.jstor.org/stable/1816469},
	author = {William J. Baumol},
	journal = {The American Economic Review},
	number = {5},
	pages = {1072--1085},
	publisher = {American Economic Association},
	title = {Productivity Growth, Convergence, and Welfare: What the Long--Run Data Show},
	volume = {76},
	year = {1986}
}


@article{CorradoEtAl2005,
	author = {Corrado, Luisa and Weeks, Melvyn and Martin, Ron},
	title = "{Identifying and Interpreting Regional Convergence Clusters Across {Europe}}",
	journal = {The Economic Journal},
	volume = {115},
	number = {502},
	pages = {C133-C160},
	year = {2005},
	month = {03},
	url= {https://doi.org/10.1111/j.0013-0133.2005.00984.x}
}

@article{Du2017,
	author = {Kerui Du},
	title ={Econometric Convergence Test and Club Clustering Using {Stata}},
	journal = {The Stata Journal},
	volume = {17},
	number = {4},
	pages = {882-900},
	year = {2018},
	url= {https://doi.org/10.1177/1536867X1801700407}
}

@article{PhillipsSul2007,
	author = {Phillips, Peter C. B. and Sul, Donggyu},
	title = {Transition Modeling and Econometric Convergence Tests},
	journal = {Econometrica},
	volume = {75},
	number = {6},
	pages = {1771-1855},
	url = {https://doi.org/10.1111/j.1468-0262.2007.00811.x},
	year = {2007}
}

@article{PhillipsSul2009,
	author = {Phillips, Peter C. B. and Sul, Donggyu},
	title = {Economic transition and growth},
	journal = {Journal of Applied Econometrics},
	volume = {24},
	number = {7},
	pages = {1153-1185},
	url = {https://doi.org/10.1002/jae.1080},
	year = {2009}
}

@article{Quah1996,
	title = {Regional convergence clusters across {Europe}},
	journal = "European Economic Review",
	volume = "40",
	number = "3",
	pages = "951 - 958",
	year = "1996",
	note = "Papers and Proceedings of the Tenth Annual Congress of the European Economic Association",
	url = "https://doi.org/10.1016/0014-2921(95)00105-0",
	author = "Danny T. Quah",
}

@article{SchnurbusEtAl2017,
	author = {Schnurbus, Joachim and Haupt, Harry and Meier, Verena},
	title = {Economic Transition and Growth: A Replication},
	journal = {Journal of Applied Econometrics},
	volume = {32},
	number = {5},
	pages = {1039-1042},
	url = {https://doi.org/10.1002/jae.2544},
	year = {2017}
}

@article{Solow1956,
	author = {Solow, Robert M.},
	title = "{A Contribution to the Theory of Economic Growth}",
	journal = {The Quarterly Journal of Economics},
	volume = {70},
	number = {1},
	pages = {65-94},
	year = {1956},
	month = {02},
	url = {https://doi.org/10.2307/1884513}
}

@Article{vonLynckerThoennessen2017,
	author={von Lyncker, Konrad and Thoennessen, Rasmus},
	title="Regional club convergence in the {EU}: evidence from a panel data analysis",
	journal="Empirical Economics",
	year="2017",
	month="Mar",
	day="01",
	volume="52",
	number="2",
	pages="525--553",
	url="https://doi.org/10.1007/s00181-016-1096-2"
}


@techreport{LeGalloEtAl2005,
	title={Spatial econometric analysis of the evolution of the {European} regional convergence process, 1980--1999},
	author={Le Gallo, Julie and {Dall'Erba}, Sandy},
	year={2005},
	institution={EconWPA},
	journal={Urban/Regional EconWPA},
	url={https://econwpa.ub.uni-muenchen.de/econ-wp/urb/papers/0311/0311001.pdf}
}


@book{Myrdal1957,
	title={Economic theory and underdeveloped regions},
	author={Myrdal, Gunnar},
	publisher={Gerald Duckworth \& Co Ltd},
	year={1957}
}


@misc{Stata,
	author = {{StataCorp}},
	title = {Stata Statistical Software: release 15},
	url = {https://www.stata.com},
	year = {2017},
	note = {College Station, TX: StataCorp LLC}
}

@misc{Gauss,
	title={The {GAUSS} System Version 17},
	author={{Aptech Systems}},
	url = {https://store.aptech.com/gauss-platform-category.html},
	year={2016},
	note={Maple Valley, WA}
}

