@Manual{2016-91-R,
  title = {R: A Language and Environment for Statistical Computing},
  author = {{R Core Team}},
  organization = {R Foundation for Statistical Computing},
  address = {Vienna, Austria},
  year = {2012},
  note = {{ISBN} 3-900051-07-0},
  url = {http://www.R-project.org/},
}

@Article{2016-91-ihaka:1996,
  author = {Ross Ihaka and Robert Gentleman},
  journal = {Journal of Computational and Graphical Statistics},
  number = {3},
  pages = {299--314},
  title = {R: A Language for Data Analysis and Graphics},
  volume = {5},
  year = {1996},
}

@InCollection{raftery:1996,
  author = {A. E. Raftery},
  booktitle = {Markov Chain Monte Carlo In Practice},
  pages = {163--186},
  title = {Hypothesis Testing and  Model Selection},
  editor = {W. R. Gilks and S. Richardson and {Spiegelhalter} and {D.J.}},
  address = {London, U.K.},
  isbn = {0 412 05551 1},
  year = {1980},
  publisher = {Chapman and Hall},
}

@InCollection{akaike:1980,
  author = {H. Akaike},
  booktitle = {Bayesian Statistics},
  title = {Likelihood and the {B}ayes Procedure},
  editor = {J. M. Bernardo and M. H. DeGroot and D. V. Lindley and A. F. M. Smith},
  publisher = {University Press},
  address = {Valencia, Spain},
  year = {1980},
}

@Article{heisterkamp:2006,
  author = {{Heisterkamp} and S. H. and {Heijne} and {J.} and {Dekkers} and A. M.},
  journal = {Statistics in Medicine},
  pages = {4179--4196},
  title = {Automated Detection of Infectious Disease Outbreaks: Hierarchical Time Series Models},
  volume = {25},
  year = {2006},
}

@Article{heisterkamp:1999,
  author = {{Heisterkamp} and S. H. and {van Houwelingen} and J. C. and {Downs} and A. M.},
  journal = {Biometrical  Journal},
  pages = {385--400},
  title = {Empirical Bayesian Estimators for a Poisson Process Propagated in Time},
  volume = {41},
  number = {4},
  year = {1999},
}

@Article{laird:1978,
  author = {N. Laird},
  journal = {Journal of the Americal Statistical Association},
  pages = {805--811},
  title = {Nonparametric Maximum Likelihood Estimation of a Mixing Distribution},
  volume = {73},
  year = {1978},
}

@Article{schwartz:1978,
  author = {G Schwartz},
  journal = {The Annals of Statistics},
  pages = {461--464},
  title = {Estimating the Dimension of a Model},
  volume = {6},
  year = {1978},
}

@Book{pinheiro:2001,
  author = {J. C. Pinheiro and D. M Bates},
  title = {Mixed Models in S and S-Plus},
  publisher = {Springer-Verlag},
  address = {New York, U.S.A.},
  isbn = {0 387 98957 9},
  year = {2001},
}

@Book{davidian:1995,
  author = {M. Davidian and D. M Giltinan},
  title = {Nonlinear Models for Repeated Measurement Data},
  publisher = {Chapman and Hall},
  address = {London, U.K.},
  isbn = {0 412 98341 9},
  year = {1995},
}

@Book{bates:1988,
  author = {D. M. Bates and J. M. Chambers},
  title = {Nonlinear Regression Analysis and Its Applications},
  publisher = {John Wiley \& Sons},
  address = {New York, U.S.A.},
  year = {1988},
}

@InCollection{bates:1992,
  author = {D. M. Bates and D. G. Watts},
  title = {Nonlinear Models},
  booktitle = {Statistical Models in S},
  editor = {Chambers J.M. and Hastie T.J.},
  publisher = {Wadsworth and Brooks},
  pages = {421--454},
  address = {Pacific Grove, U.S.A.},
  isbn = {0 534 16764 0},
  year = {1992},
}

@Book{wood:2006,
  author = {S. N. Wood},
  title = {Generalized Additive Models, An Introduction with R},
  publisher = {Chapman and Hall},
  address = {London, U.K.},
  isbn = {1 58488 474 6},
  year = {2006},
}

@Book{mcneld:1989,
  author = {{P.} and {Nelder} and P. J. McCullogh},
  title = {Generalized Linear Models},
  publisher = {Chapman and Hall},
  address = {London, U.K.},
  year = {1989},
}

@Article{lairdware:1982,
  author = {N. M. Laird and J. H. Ware},
  journal = {Biometrics},
  pages = {963--974},
  title = { Random-Effects Models for Longitudinal Data},
  volume = {38},
  year = {1982},
}

@Article{nonmem:1988,
  author = {S Beal and L. Sheiner},
  journal = {The American Statistician},
  pages = {118--119},
  title = {The {NONMEM} System},
  volume = {34},
  year = {1988},
}

@Article{harv:1977,
  author = {D. Harville},
  journal = {Journal of the American Statistical Association},
  pages = {320--340},
  title = {Maximum Likelihood Approaches to Variance Component Estimation and to Related Problems},
  volume = {72},
  year = {1977},
}

@Article{lind:90,
  author = {M. J. Lindstrom and D. M. Bates},
  journal = {Biometrics},
  pages = {673--687},
  title = {Nonlinear Mixed-Effects Models for Repeated Measures Data},
  volume = {46},
  year = {1990},
}

@Book{Littell:2010,
  author = {R. C. L. Littel and G. A. Milliken and W. W. Stroup and R. D. Wolfinger and O. Schabenberger},
  title = {SAS for Mixed Models, Second Edition},
  publisher = {SAS Institute},
  isbn = {1590475003},
  year = {2006},
}
