
@manual{RecordLinkage,
  title = {{RecordLinkage}: Record Linkage Functions for Linking and Deduplicating Data Sets},
  author = {Murat Sariyar and Andreas Borg},
  year = {2022},
  note = {R package version 0.4-12.3},
  url = {https://CRAN.R-project.org/package=RecordLinkage}
}

@manual{fastlink,
  title = {{fastLink}: Fast Probabilistic Record Linkage with Missing Data},
  author = {Ted Enamorado and Ben Fifield and Kosuke Imai},
  year = {2020},
  note = {R package version 0.6.0},
  url = {https://CRAN.R-project.org/package=fastLink},
}

@article{fastlink2, 
  title = {Using a Probabilistic Model to Assist Merging of Large-scale Administrative Records},
  author = {Enamorado, Ted and Benjamin Fifield and Kosuke Imai},
  year =  {2019},
  journal = {American Political Science Review},
  volume = {113},
  number = {2},
  pages = {353--371},
  url = {https://doi.org/10.1017/S0003055418000783}
}

@manual{datatable,
  title = {{data.table}: Extension of `data.frame`},
  author = {Matt Dowle and Arun Srinivasan},
  year = {2021},
  note = {R package version 1.14.0},
  url = {https://CRAN.R-project.org/package=data.table},
}

@manual{snow,
  title = {{snow}: Simple Network of Workstations},
  author = {Luke Tierney and A. J. Rossini and Na Li and H. Sevcikova},
  year = {2021},
  note = {R package version 0.4-4},
  url = {https://CRAN.R-project.org/package=snow},
}

@article{stringdist,
  title = {The stringdist package for approximate string matching},
  author = {M.P.J. {van der Loo}},
  year = {2014},
  journal = {The {R} {J}ournal},
  volume = {6},
  issue = {1},
  url = {https://CRAN.R-project.org/package=stringdist},
  pages = {111-122}
}

@article{fs,
  author = {Ivan P. Fellegi and Alan B. Sunter},
  title = {A Theory for Record Linkage},
  journal = {Journal of the American Statistical Association},
  volume = {64},
  number = {328},
  pages = {1183-1210},
  year = {1969},
  publisher = {Taylor & Francis},
  url = {https://doi.org/10.1080/01621459.1969.10501049}
}

@book{em,
  title = {Using the EM algorithm for weight computation in the Fellegi-Sunter model of record linkage},
  author = {Winkler, William E},
  year = {2000},
  publisher = {US Bureau of the Census Washington, DC}
}

@book{datamatching, 
  title = {Data Matching - Concepts and Techniques for Record Linkage, Entity Resolution and Duplicate
  Detection},
  author = {Peter Christen},
  year = {2012},
  publisher = {Springer-Verlag},
  address = {Berlin}
}

@book{herzog,
  title = {Data Quality and Record Linkage Techniques},
  author = {Thomas N. Herzog and Fritz J. Scheuren and William E. Winkler},
  year = {2007},
  publisher = {Springer},
  address = {New York}
}

@misc{onsdata,
  author = {Eurostat},
  title = {{ESSnet} {DI}: fictitious data from ONS for on-the-job training on record linkage},
  year = {2011},
  url = {https://ec.europa.eu/eurostat/cros/content/essnet-di-fictitious-data-ons-job-training-record-linkage_en},
  note = {Accessed: 2022-01-13}
}

@article{ssb,
  author = {Bakker, B. F. M. and J. van Rooijen and L. van Toor},
  year = {2014},
  title = {The system of social statistical datasets of Statistics Netherlands: An integral approach to the production of register-based social statistics},
  journal = {Journal of the International Association for Official Statistics},
  volume = {30},
  pages = {1-14},
  url = {https://doi.org/10.3233/SJI-140803}
}

@misc{benchmark,
  author = {D. Jan van der Laan},
  title = {reclin2-benchmark},
  year = {2022},
  url = {https://github.com/djvanderlaan/reclin2-benchmark},
  note = {Git repository with code used for the benchmark. Tag: v1.0.}
}

@inproceedings{amdahl,
  author = {Amdahl, Gene M.},
  title = {Validity of the Single Processor Approach to Achieving Large Scale Computing Capabilities},
  year = {1967},
  publisher = {Association for Computing Machinery},
  address = {New York, NY, USA},
  url = {https://doi.org/10.1145/1465482.1465560},
  booktitle = {Proceedings of the April 18-20, 1967, Spring Joint Computer Conference},
  pages = {483-â€“485},
  location = {Atlantic City, New Jersey},
  series = {AFIPS '67 (Spring)}
}
" doi = {10.1145/1465482.1465560},
