@Article{Erlang1909,
  author = {{Erlang, Agner K.}},
  journal = {Nyt Tidsskrift for Matematik},
  number = {B},
  pages = {33--39},
  title = {{The Theory of Probabilities and Telephone Conversations}},
  volume = {20},
  year = {1909},
  url = {http://www.jstor.org/stable/24528622}
}

@Manual{Gelembe80,
  title = {Analysis and Synthesis of Computer Systems},
  author = {{E. Gelembe} and {I. Mitrani}},
  year = {1980},
}

@Manual{Green2012,
  title = {Cashier Number 3, Please!: Creating Fairer, Faster Service},
  author = {{Terry Green}},
  organization = {Marshall Cavendish},
  year = {2012},
}

@Manual{Gross1974,
  title = {Fundamentals of Queueing Theory},
  author = {{Donald Gross} and {Carl M. Harris}},
  organization = {Wiley},
  year = {1974},
}

@Manual{Harchol2013,
  title = {Performance Modeling and Design of Computer Systems. Queueing Theory in Action},
  author = {{Mor Harchol-Balter}},
  organization = {Cambridge University Press},
  year = {2013},
}

@Article{Kendall1953,
  author = {{D. G. Kendall}},
  journal = {The Annals of Mathematical Statistics},
  number = {3},
  pages = {338--354},
  title = {{Stochastic Processes Occurring in the Theory of Queues and Their Analysis by the Method of the Imbedded Markov Chain}},
  volume = {24},
  year = {1953},
  url = {https://doi.org/10.1214/aoms/1177728975},
}

@Manual{Kleinrock75,
  title = {Queueing Systems. Volume 1: Theory},
  author = {{Leonard Kleinrock}},
  organization = {John Wiley and Sons, Inc},
  year = {1975},
}

@Manual{Kleinrock76,
  title = {Queueing Systems. Volume 2: Computer Applications},
  author = {{Leonard Kleinrock}},
  organization = {John Wiley and Sons, Inc},
  year = {1976},
}

@Manual{Kobayashi1978,
  title = {Modeling and Analysis. An Introduction to System Performance Evaluation Methodology},
  author = {{Hisashi Kobayashi}},
  organization = {Addison Weasly},
  year = {1978},
}

@Manual{Lazowska84,
  title = {Quantitative System Performance. Computer System Analysis Using Queueing Network Models},
  author = {{Edward D. Lazowska} and {John Zahorjan} and {G. Scott Graham} and {Kenneth C. Sevcik}},
  organization = {Prentice-Hall, Inc.},
  year = {1984},
}

@Manual{Medhi2003,
  title = {Stochastic Models in Queueing Theory, 2nd Edition},
  author = {{J. Medhi}},
  organization = {Academic Press},
  year = {2003},
}

@Manual{Mitrani1987,
  title = {Modelling of Computer and Communication Systems},
  author = {{I. Mitrani}},
  organization = {Cambridge University Press},
  year = {1987},
}

@Manual{Mitrani1998,
  title = {Probabilistic Modelling},
  author = {{I. Mitrani}},
  organization = {Cambridge University Press},
  year = {1998},
}

@Manual{Pazos2003,
  title = {Teoría de Colas y Simulación de Eventos Discretos},
  author = {J. J. {Pazos Arias} and A. {Suárez González} and R. P. {Díaz Redondo}},
  organization = {Pearson Educación},
  year = {2003},
}

@Manual{Puigjaner1995,
  title = {Evaluación y explotación de sistemas informáticos},
  author = {{Ramón Puigjaner} and {Juan José Serrano} and {Alicia Rubio}},
  organization = {Editorial Síntesis},
  year = {1995},
}

@Manual{Sixto2004,
  title = {Investigación Operativa. Modelos Determinísticos y Estocásticos},
  author = {{Sixto Ríos Insúa} and {Alfonso Mateos Caballero} and {Mª Concepción Bielza Lozoya} and {Antonio Jiménez Martín}},
  organization = {Editorial Centro de Estudios Ramón Areces},
  year = {2004},
}

@Manual{Scherr1967,
  title = {An Analysis of Time-Shared Computer Systems},
  author = {{Allan L. Scherr}},
  organization = {The M.I.T. Press},
  address = {Cambridge, Massachusetts},
  year = {1967},
}

@Manual{Vanderbilt2009,
  title = {Tráfico},
  author = {{Tom Vanderbilt}},
  organization = {DEBATE},
  year = {2009},
}

@Article{Denning1978,
  author = {{Peter J. Denning} and {Jeffrey P. Buzen}},
  journal = {ACM Computing Surveys},
  number = {10},
  pages = {225--261},
  title = {{The Operational Analysis of Queueing Network Models}},
  year = {1978},
  url = {https://doi.org/10.1145/356733.356735},
}

@Manual{simmer,
  title = {simmer: Discrete-Event Simulation for R},
  author = {{Iñaki Ucar} and {Bart Smeets}},
  year = {2015},
  url = {{http://r-simmer.org, https://github.com/r-simmer/simmer}},
}



@Manual{queuecomputer,
  title = {queuecomputer: Computationally Efficient Queue Simulation},
  author = {{Anthony Ebert}},
  year = {2016},
  url = {https://github.com/AnthonyEbert/queuecomputer},
}
