@BOOK{Rothman2008,
  TITLE = {Modern Epidemiology},
  AUTHOR = {Rothman, K J and Greenland, S and Lash, T L},
  YEAR = {2008},
  PUBLISHER = {Lippincott Williams \& Wilkins},
  edition = {3rd},
  address = {Philadelphia, PA}
}

@article{Rosner1989,
  author = {Rosner, B. and Willett, W. C. and Spiegelman, D.},
  title = {Correction of logistic regression relative risk estimates and confidence intervals for systematic within‐person measurement error},
  journal = {Statistics in Medicine},
  volume = {8},
  number = {9},
  pages = {1051--1069},
  year = {1989},
  doi = {10.1002/sim.4780080905}
}

@article{Spiegelman2001,
  author = {Spiegelman, Donna and Carroll, Raymond J. and Kipnis, Victor},
  title = {Efficient regression calibration for logistic regression in main study/internal validation study designs with an imperfect reference instrument},
  journal = {Statistics in Medicine},
  volume = {20},
  number = {1},
  year = {2001},
  pages = {139--160},
  doi = {10.1002/1097-0258(20010115)20:1<139::AID-SIM644>3.0.CO;2-K}
}

@article{Cole2006,
  author = {Cole, Stephen R and Chu, Haitao and Greenland, Sander},
  title = {Multiple-imputation for measurement-error correction},
  journal = {International Journal of Epidemiology},
  volume = {35},
  number = {4},
  pages = {1074--1081},
  year = {2006},
  doi = {10.1093/ije/dyl097}
}

@article{Greenland1996,
  title={Basic methods for sensitivity analysis of biases},
  author={Greenland, Sander},
  journal={International Journal of Epidemiology},
  year={1996},
  volume={25},
  number = {6},
  pages={1107--1116},
  doi = {10.1093/ije/25.6.1107-a}
}

@Article{Jurek2006,
  author={Jurek, Anne M.
  and Maldonado, George
  and Greenland, Sander
  and Church, Timothy R.},
  title="Exposure-measurement error is frequently ignored when interpreting epidemiologic study results",
  journal="European Journal of Epidemiology",
  year="2006",
  volume="21",
  number="12",
  pages="871--876",
  doi="10.1007/s10654-006-9083-0"
}

@article{Greenland2005,
  author = {Greenland, Sander},
  title = {Multiple‐bias modelling for analysis of observational data},
  journal = {Journal of the Royal Statistical Society: Series A (Statistics in Society)},
  volume = {168},
  number = {2},
  pages = {267--306},
  year = {2005},
  doi = {10.1111/j.1467-985X.2004.00349.x}
}

@article{Fox2005,
  author = {Fox, Matthew P and Lash, Timothy L and Greenland, Sander},
  title = {A method to automate probabilistic sensitivity analyses of misclassified binary variables},
  journal = {International Journal of Epidemiology},
  volume = {34},
  number = {6},
  pages = {1370--1376},
  year = {2005},
  doi = {10.1093/ije/dyi184}
}

@article{Lash2003,
  title={Semi-automated sensitivity analysis to assess systematic errors in observational data},
  author={Lash, Timothy L and Flink, Aliza K.},
  journal={Epidemiology},
  year={2003},
  volume={14},
  number = {4},
  pages={451--458},
  doi = {10.1097/01.EDE.0000071419.41011.cf}
}

@article{Gustafson2006,
  author = {Gustafson, Paul and Le, Nhu D. and Saskin, Refik},
  title = {Case--control analysis with partial knowledge of exposure misclassification probabilities},
  journal = {Biometrics},
  volume = {57},
  number = {2},
  pages = {598--609},
  year = {2006},
  doi = {10.1111/j.0006-341X.2001.00598.x}
}
 
@article{Chu2006,
  title = "Sensitivity analysis of misclassification: a graphical and a {Bayesian} approach",
  journal = "Annals of Epidemiology",
  volume = "16",
  number = "11",
  pages = "834--841",
  year = "2006",
  doi = "10.1016/j.annepidem.2006.04.001",
  author = {Chu, Haitao and Wang, Zhaojie and Cole, Stephen R. and Greenland, Sander}
}

@article{MacLehose2012,
	Author = {MacLehose, Richard F and Gustafson, Paul},
	Journal = {Epidemiology},
	Volume = {23},
	Number = {1},
	Pages = {151--158},
	Title = {Is probabilistic bias analysis approximately {Bayesian}?},
	doi = {10.1097/EDE.0b013e31823b539c},
	Year = {2012}}

@article{Farhi2016,
  title = "Bipolar disorder associated with rheumatoid arthritis: a case-control study",
  journal = "Journal of Affective Disorders",
  volume = "189",
  pages = "287--289",
  year = "2016",
  doi = "10.1016/j.jad.2015.09.058",
  author = {Farhi, Adir and Cohen, Arnon D. and Shovman, Ora and Comaneshter, Doron and Amital, Howard and Amital, Daniela}
}

@article{Chu2010,
  author = {Chu, Haitao and  Guo, Hongfei and  Zhou, Yijie},
  title ={Bivariate random effects meta-analysis of diagnostic studies using generalized linear mixed models},
  journal = {Medical Decision Making},
  volume = {30},
  number = {4},
  pages = {499--508},
  year = {2010},
  doi = {10.1177/0272989X09353452}
}

@Manual{R,
    title = {R: A Language and Environment for Statistical Computing},
    author = {{R Core Team}},
    organization = {R Foundation for Statistical Computing},
    address = {Vienna, Austria},
    year = {2018},
    url = {http://www.R-project.org/},
}

@Manual{lme4,
  title = {\pkg{lme4}: Linear Mixed-Effects Models using `Eigen' and S4},
  author = {Douglas Bates and Martin Maechler and Ben Bolker and Steven Walker},
  year = {2021},
  note = {R package version 1.1-27.1},
  url = {https://CRAN.R-project.org/package=lme4},
}

@article{Stan,
  author = {Carpenter, Bob and Gelman, Andrew and Hoffman, Matthew and Lee, Daniel and Goodrich, Ben and Betancourt, Michael and Brubaker, Marcus and Guo, Jiqiang and Li, Peter and Riddell, Allen},
  title = {{Stan}: a probabilistic programming language},
  journal = {Journal of Statistical Software},
  volume = {76},
  number = {1},
  year = {2017},
  pages = {1--32},
  doi = {10.18637/jss.v076.i01}
  }

@Manual{rstan,
  title = {{\pkg{RStan}}: the {R} Interface to {Stan}},
  author = {{Stan Development Team}},
  year = {2020},
  note = {R package version 2.21.2},
  url = {https://CRAN.R-project.org/package=rstan},
}

@ARTICLE{Hoffman2014,
  author = {Hoffman, M. D. and Gelman, A.},
  title = {The {No-U-Turn} sampler: adaptively setting path lengths in {Hamiltonian Monte Carlo}},
  journal = {Journal of Machine Learning Research},
  volume = {15},
  pages = {1593--1623},
  year = 2014,
}

@ARTICLE{Betancourt2017,
  author = {{Betancourt}, M.},
  title = {A conceptual introduction to {Hamiltonian Monte Carlo}},
  journal = {arXiv preprint arXiv:1701.02434},
  archivePrefix = "arXiv",
  eprint = {1701.02434},
  primaryClass = "stat.ME",
  keywords = {Statistics - Methodology},
  year = 2017,
}

@article {Takwoingi2015,
	author = {Takwoingi, Yemisi and Riley, Richard D and Deeks, Jonathan J},
	title = {Meta-Analysis of Diagnostic Accuracy Studies in Mental Health},
	volume = {18},
	number = {4},
	pages = {103--109},
	year = {2015},
	doi = {10.1136/eb-2015-102228},
	journal = {Evidence-Based Mental Health}
}

@article{Carvalho2015,
  title = "Screening for bipolar spectrum disorders: a comprehensive meta-analysis of accuracy studies",
  journal = "Journal of Affective Disorders",
  volume = "172",
  pages = "337--346",
  year = "2015",
  doi = "10.1016/j.jad.2014.10.024",
  author = {Carvalho, Andr{\'e} F and Takwoingi, Yemisi and Sales, Paulo Marcelo G and Soczynska, Joanna K and K{\"o}hler, Cristiano A and Freitas, Thiago H and Quevedo, Jo{\~a}o and Hyphantis, Thomas N and McIntyre, Roger S and Vieta, Eduard}
}

@Manual{ggplot2,
  title = {\pkg{ggplot2}: Create Elegant Data Visualisations Using the Grammar of Graphics},
  author = {Hadley Wickham and Winston Chang and Lionel Henry and Thomas Lin Pedersen and Kohske Takahashi and Claus Wilke and Kara Woo and Hiroaki Yutani and Dewey Dunnington and {RStudio}},
  year = {2021},
  note = {R package version 3.3.5},
  url = {https://CRAN.R-project.org/package=ggplot2},
}

@article{brakenhoff2018measurement,
  title={Measurement error is often neglected in medical literature: a systematic review},
  author={Brakenhoff, Timo B and Mitroiu, Marian and Keogh, Ruth H and Moons, Karel G M and Groenwold, Rolf H H and {van Smeden}, Maarten},
  journal={Journal of Clinical Epidemiology},
  volume={98},
  pages={89--97},
  year={2018},
  publisher={Elsevier},
  doi = {10.1016/j.jclinepi.2018.02.023}
}

@article{phillips2013bipolar,
  title={Bipolar disorder diagnosis: challenges and future directions},
  author={Phillips, Mary L and Kupfer, David J},
  journal={The Lancet},
  volume={381},
  number={9878},
  pages={1663--1671},
  year={2013},
  publisher={Elsevier},
  doi={10.1016/S0140-6736(13)60989-7}
}

@article{mcinnes2017pathogenetic,
  title={Pathogenetic insights from the treatment of rheumatoid arthritis},
  author={McInnes, Iain B and Schett, Georg},
  journal={The Lancet},
  volume={389},
  number={10086},
  pages={2328--2337},
  year={2017},
  publisher={Elsevier},
  doi={10.1016/S0140-6736(17)31472-1}
}

@article{ma2016statistical,
  title={Statistical methods for multivariate meta-analysis of diagnostic tests: an overview and tutorial},
  author={Ma, Xiaoye and Nie, Lei and Cole, Stephen R and Chu, Haitao},
  journal={Statistical Methods in Medical Research},
  volume={25},
  number={4},
  pages={1596--1619},
  year={2016},
  publisher={SAGE Publications Sage UK: London, England},
  doi={10.1177/0962280213492588}
}

@article{chu2006bivariate,
  title={Bivariate meta-analysis of sensitivity and specificity with sparse data: a generalized linear mixed model approach},
  author={Chu, Haitao and Cole, Stephen R},
  journal={Journal of Clinical Epidemiology},
  volume={59},
  number={12},
  pages={1331--1332},
  year={2006},
  publisher={Elsevier Science Ltd.},
  doi={10.1016/j.jclinepi.2006.06.011}
}

@Manual{episensr,
  title = {\pkg{episensr}: Basic Sensitivity Analysis of Epidemiological Results},
  author = {Denis Haine},
  year = {2021},
  note = {R package version 1.1.0},
  url = {https://CRAN.R-project.org/package=episensr},
}
