@book {SDCbook_2012,
title = {Statistical Disclosure Control},
author = {Hundepool, Anco and Domingo-Ferrer, Josep and Franconi, Luisa and Giessing, Sarah and Nordholt, Eric Schulte and Spicer, Keith and de Wolf, Peter-Paul},
publisher = {John Wiley \& Sons, Ltd},
isbn = {9781118348239},
doi = {10.1002/9781118348239.ch1},
year = {2012},
}


% A conference paper, but booktitle with @inproceedings is wrong since not in a book. Then “In” in reference.
% With “note”, the note will not appear in pdf reference.
% Trick to use @techreport to get reference formattet properly.  
@techreport{CellKey,  
Author = {G. Thompson and S. Broadfoot and D. Elazar},
Title = {{Methodology for the automatic confidentialisation of statistical outputs from remote servers at the Australian Bureau of Statistics}},
Year = {{2013}},
Institution = {{Joint UNECE/Eurostat Work Session on Statistical Data}},
}

% A conference paper, but booktitle with @inproceedings is wrong since not in a book. Then “In” in reference.
% With “note”, the note will not appear in pdf reference.
% Trick to use @techreport to get reference formattet properly.  
@techreport{Langsrud_Heldal_2018,
author = {Øyvind Langsrud and  Johan Heldal},
Title = {{An Algorithm for Small Count Rounding of Tabular Data}},
Year = {{2018}},
Institution = {{Privacy in statistical databases, Valencia, Spain}},
}


@Manual{SSBtools_2023,
  title = {{SSBtools}: Statistics Norway's Miscellaneous Tools},
  author = {Øyvind Langsrud and Daniel Lupp},
  year = {2023},
  note = {R package version 1.4.8},
  url = {https://CRAN.R-project.org/package=SSBtools},
}

@Manual{GaussSuppression,
  title = {{GaussSuppression}: Tabular Data Suppression using Gaussian Elimination},
  author = {Øyvind Langsrud and Daniel Lupp},
  year = {2023},
  note = {R package version 0.7.0},
  url = {https://CRAN.R-project.org/package=GaussSuppression},
}

@Manual{SSBcellKey,
  title = {{SSBcellKey}: Cell-Key Method for Tabular Data},
  author = {Daniel Lupp and Øyvind Langsrud},
  year = {2023},
  note = {R package version 0.0.4},
  url = {https://github.com/statisticsnorway/SSBcellKey},
}

@Manual{Kostra_2023,
  title = {{Kostra}: Functions for Kostra},
  author = {Magnar Lilleg{\aa}rd and Anna-Karin Mevik and Johan Heldal and Øyvind Langsrud},
  year = {2023},
  note = {R package version 1.3.3},
  url = {https://github.com/statisticsnorway/Kostra},
}

@Manual{SmallCountRounding_2022,
  title = {{SmallCountRounding}: Small Count Rounding of Tabular Data},
  author = {Øyvind Langsrud and Johan Heldal},
  year = {2022},
  note = {R package version 1.0.3},
  url = {https://CRAN.R-project.org/package=SmallCountRounding},
}

@Manual{easySdcTable_2022,
  title = {{easySdcTable}: Easy Interface to the Statistical Disclosure Control Package 'sdcTable' Extended with Own Implementation of 'GaussSuppression'},
  author = {Øyvind Langsrud},
  year = {2022},
  note = {R package version 1.0.7},
  url = {https://CRAN.R-project.org/package=easySdcTable},
}

@Manual{sdcTable,
  title = {{sdcTable}: Methods for Statistical Disclosure Control in Tabular Data},
  author = {Bernhard Meindl},
  year = {2023},
  note = {R package version 0.32.6},
  url = {https://CRAN.R-project.org/package=sdcTable},
}

@Manual{peakRAM_2017,
 title = {{peakRAM}: Monitor the Total and Peak RAM Used by an Expression or Function},
 author = {Thomas Quinn},
 year = {2017},
 note = {R package version 1.0.2},
 url = {https://CRAN.R-project.org/package=peakRAM},
}

@Article{igraph_2006,
    title = {The igraph software package for complex network research},
    author = {Gabor Csardi and Tamas Nepusz},
    journal = {InterJournal},
    volume = {Complex Systems},
    pages = {1695},
    year = {2006},
    url = {https://igraph.org},
}


@Manual{Matrix,
  title = {{Matrix}: Sparse and Dense Matrix Classes and Methods},
  author = {Douglas Bates and Martin Maechler and Mikael Jagan},
  year = {2023},
  note = {R package version 1.6-1},
  url = {https://CRAN.R-project.org/package=Matrix},
}

@techreport{tauARGUS_2014,
    Title = {{tau-ARGUS user's manual, version 4.1}}, 
	Author = {
	de Wolf, Peter-Paul and
	Hundepool, Anco and 
	Giessing, Sarah and
    Salazar, Juan-José and
	Castro, Jordi},
     Year = {2014},
     Institution = {Statistics Netherlands},
  url = {https://github.com/sdcTools/tauargus},
}


@Manual{VTL_2015,
author = {Airo, Sami and Andrikopoulou, Foteini and Barraclough, David and Bellomarini, Luigi and Bouffard, Marc and Capaccioli, Maurizio and Vecchio, Vincenzo and Giovanni, Fabio and Dossé, Jens and Ehrmann, Heinrich and Fitzpatrick, Bryan and Gregory, Arofan and Greising, Edgardo and Linardi, Angelo and Nelson, Chris and Nikoloutsos, Stratos and Pellegrino, Marco and Romanelli, Michele and Sanchez, Juan and Zisimos, Nikolaos},
year = {2015},
month = {02},
title = {Validation \& Transformation Language, Part 2 Library of Operators, Version 1.0},
note = {SDMX Technical Working Group, VTL Task Force},
URL = {https://sdmx.org/wp-content/uploads/VTL1_2015_part2_operators_final.pdf},
}












