% This file was created with JabRef 2.4.2.
% Encoding: Cp1252

@ARTICLE{Amemiya1974,
  author = {Takeshi Amemiya},
  title = {Multivariate Regression and Simultaneous Equations Models When the
	Dependent Variables Are Truncated Normal},
  journal = {Econometrica},
  year = {1974},
  volume = {42},
  pages = {999-1012},
  file = {:Amemiya1974.pdf:PDF},
  owner = {stefan},
  timestamp = {2009.05.09}
}

@ARTICLE{Amemiya1973,
  author = {Takeshi Amemiya},
  title = {Regression Analysis When the Dependent Variable is Truncated Normal},
  journal = {Econometrica},
  year = {1973},
  volume = {41},
  pages = {997-1016},
  file = {:Amemiya1973.pdf:PDF},
  owner = {stefan},
  timestamp = {2009.05.31}
}

@ARTICLE{Cartinhour1990,
  author = {Jack Cartinhour},
  title = {One-dimensional marginal density functions of a truncated multivariate
	normal density function},
  journal = {Communications in Statistics - Theory and Methods},
  year = {1990},
  volume = {19},
  pages = {197-203},
  file = {Cartinhour1990.pdf:Cartinhour1990.pdf:PDF;Cartinhour1990.pdf:Cartinhour1990.pdf:PDF},
  owner = {stefan},
  timestamp = {2008.10.16}
}

@BOOK{Genz2009,
  title = {Computation of Multivariate Normal and t Probabilities},
  publisher = {Springer-Verlag, Heidelberg},
  year = {2009},
  author = {A. Genz and F. Bretz},
  volume = {195},
  series = {Lecture Notes in Statistics},
  owner = {stefan},
  timestamp = {2009.12.16}
}

@MANUAL{Genz2009a,
  title = {{mvtnorm}: Multivariate Normal and t Distributions},
  author = {Alan Genz and Frank Bretz and Tetsuhisa Miwa and Xuefei Mi and Friedrich
	Leisch and Fabian Scheipl and Torsten Hothorn},
  year = {2009},
  note = {R package version 0.9-8},
  url = {http://CRAN.R-project.org/package=mvtnorm}
}

@UNPUBLISHED{Griffiths2002,
  author = {William Griffiths},
  title = {A {G}ibbs' Sampler for the Parameters of a Truncated Multivariate
	Normal Distribution},
  year = {2002},
  file = {:Griffiths2002.pdf:PDF},
  institution = {The University of Melbourne},
  number = {856},
  type = {Department of Economics - Working Papers Series},
  url = {http://ideas.repec.org/p/mlb/wpaper/856.html}
}

@ARTICLE{Horrace2005,
  author = {William C. Horrace},
  title = {Some Results on the Multivariate Truncated Normal Distribution},
  journal = {Journal of Multivariate Analysis},
  year = {2005},
  volume = {94},
  pages = {209-221},
  file = {Horrace2005.pdf:Horrace2005.pdf:PDF},
  owner = {stefan},
  timestamp = {2008.04.18}
}

@ARTICLE{Kotecha1999,
  author = {Kotecha,, J. H. and Djuric,, P. M.},
  title = {Gibbs sampling approach for generation of truncated multivariate
	Gaussian random variables},
  journal = {IEEE Computer Society},
  year = {1999},
  pages = {1757--1760},
  address = {Washington, DC, USA},
  booktitle = {ICASSP '99: Proceedings of the Acoustics, Speech, and Signal Processing,
	1999. on 1999 IEEE International Conference},
  doi = {http://dx.doi.org/10.1109/ICASSP.1999.756335},
  file = {:Kotecha1999.pdf:PDF},
  isbn = {0-7803-5041-3},
  publisher = {IEEE Computer Society},
  timestamp = {2009.04.16}
}

@ARTICLE{Lee1983,
  author = {Lung-Fei Lee},
  title = {The Determination of Moments of the Doubly Truncated Multivariate
	Tobit Model},
  journal = {Economics Letters},
  year = {1983},
  volume = {11},
  pages = {245-250},
  file = {:Lee1983.pdf:PDF},
  owner = {stefan},
  timestamp = {2009.05.25}
}

@ARTICLE{Lee1979,
  author = {Lung-Fei Lee},
  title = {On the first and second moments of the truncated multi-normal distribution
	and a simple estimator},
  journal = {Economics Letters},
  year = {1979},
  volume = {3},
  pages = {165-169},
  file = {:Lee1979.pdf:PDF},
  owner = {stefan},
  timestamp = {2009.05.31}
}

@ARTICLE{Leppard1989,
  author = {P. Leppard and G. M. Tallis},
  title = {Evaluation of the Mean and Covariance of the Truncated Multinormal},
  journal = {Applied Statistics},
  year = {1989},
  volume = {38},
  pages = {543-553},
  file = {:Leppard1989.pdf:PDF},
  owner = {stefan},
  timestamp = {2009.06.12}
}

@UNPUBLISHED{Manjunath2009,
  author = {B G Manjunath and Stefan Wilhelm},
  title = {Moments Calculation For the Double Truncated Multivariate Normal
	Density},
  note = {Working Paper},
  year = {2009},
  owner = {stefan},
  timestamp = {2009.08.25},
  url = {http://ssrn.com/abstract=1472153}
}

@ARTICLE{Mi2009,
  author = {Xuefei Mi and Tetsuhisa Miwa and Torsten Hothorn},
  title = {mvtnorm: New Numerical Algorithm for Multivariate Normal Probabilities},
  journal = {RJournal},
  year = {2009},
  volume = {1},
  pages = {37--39},
  owner = {stefan},
  timestamp = {2009.12.21}
}

@MANUAL{Plummer2009,
  title = {coda: Output analysis and diagnostics for MCMC},
  author = {Martyn Plummer and Nicky Best and Kate Cowles and Karen Vines},
  year = {2009},
  note = {R package version 0.13-4}
}

@ARTICLE{Tallis1961,
  author = {G. M. Tallis},
  title = {The moment generating function of the truncated multinormal distribution},
  journal = {Journal of the Royal Statistical Society, Series B},
  year = {1961},
  volume = {23},
  pages = {223-229},
  number = {1},
  file = {Tallis1961.pdf:Tallis1961.pdf:PDF},
  owner = {stefan},
  timestamp = {2008.04.27}
}

@MANUAL{Wilhelm2010,
  title = {{tmvtnorm}: Truncated Multivariate Normal Distribution},
  author = {Stefan Wilhelm and B G Manjunath},
  year = {2010},
  note = {R package version 0.9-2},
  url = {http://CRAN.R-project.org/package=tmvtnorm}
}







