@book{cohen1995,
author = {L. {Cohen}},
title = {{it Time-Frequency Analysis}},
publisher = {Prentice-Hall},
year = {1995}
}
@book{deering2005,
author = {R. {Deering and J. F. Kaiser}},
title = {{The Use of a Masking Signal to Improve Empirical Mode Decomposition}},
publisher = {it Proceedings of IEEE International Conference on Acoustics Speech and Signal Processing 4:},
pages = {485--488},
year = {2005}
}
@book{huang1998b,
author = {N. E. {Huang, Z. Shen, S. R. Long, M. C. Wu, H. H. Shih, Q. Zheng, N.-C. Yen, C. C. Tung, and H. H. Liu}},
title = {{The Empirical Mode Decomposition and Hilbert Spectrum for Nonlinear and Nonstationary Time Series Analysis}},
publisher = {it Proceedings of the Royal Society London A. 454:},
pages = {903--995},
year = {1998}
}
@book{huang2003a,
author = {N. E. {Huang, M. C. Wu, S. R. Long, S. Shen, W. Qu, P. Gloerson, and K. L. Fan}},
title = {{A Confidence Limit for the Empirical Mode Decomposition and Hilbert Spectral Analysis}},
publisher = {it Proceedings of the Royal Society London A. 31:},
pages = {417--457},
year = {2003}
}
@book{kim2006,
author = {D. {Kim and H-S. Oh}},
title = {{Hierarchical Smoothing Technique by Empirical Mode Decomposition}},
publisher = {it The Korean Journal of Applied Statistics 19:},
pages = {319--330},
year = {2006}
}
@book{kim2008a,
author = {D. {Kim and H-S. Oh}},
title = {{pkgEMD: Empirical Mode Decomposition and Hilbert Spectral Analysis, }},
year = {2008},
url = {http://cran.r-project.org/web/packages/EMD/index.html}
}
@book{nychka2007,
author = {D. {Nychka}},
title = {{pkgfields: Tools for Spatial Data, }},
year = {2007},
url = {http://cran.r-project.org/web/packages/fields/index.html}
}
@book{zeng2004,
author = {K. {Zeng and M-X. He}},
title = {{A Simple Boundary Process Technique for Empirical Mode Decomposition}},
publisher = {it Proceedings of IEEE International Geoscience and Remote Sensing Symposium 6:},
pages = {4258--4261},
year = {2004}
}












