@Book{deAyala:2009,
author = {Rafael J. {de Ayala}},
title = {The Theory and Practice of Item Response Theory},
year = {2009},
publisher = {The Guilford Press},
address = {New York},
}

@masterthesis{Li:2022,
author = {Seewoo Li},
title = {The Effect of Estimating Latent Distribution Using Kernel Density Estimation Method on the Accuracy and Efficiency of Parameter Estimation of Item Response Models},
school = {Yonsei University},
address = {Seoul},
year = {2022},
type= {Master's thesis},
}

@Manual{IRTest,
title = {{IRTest}: Parameter Estimation of Item Response Theory with Estimation of Latent Distribution},
author = {Seewoo Li},
year = {2024},
note = {R package version 2.0.0},
url = {https://CRAN.R-project.org/package=IRTest},
}

@Article{Woods+Lin:2009,
author = {Carol M. Woods and Nan Lin},
title = {Item Response Theory with Estimation of the Latent Density Using Davidian Curves},
year = {2009},
journal = {Applied Psychological Measurement},
volume = {33},
number = {2},
pages = "102--117",
doi = {10.1177/0146621608319512},
}

@Manual{R,
title = {R: A Language and Environment for Statistical Computing},
author = {{R Core Team}},
organization = {R Foundation for Statistical Computing},
address = {Vienna, Austria},
year = {2023},
url = {https://www.R-project.org/},
}

@Article{Mislevy:1984,
author = {Robert J. Mislevy},
title = {Estimating Latent Distributions},
journal = {Psychometrika},
year = {1984},
volume = {49},
number = {3},
pages = "359--381",
doi = {10.1007/BF02306026},
}

@Incollection{Dudley-Marling:2020,
author={Curt Dudley-Marling},
editor={David M. Allen and James W. Howell},
title={The Tyranny of the Normal Curve: How the "Bell Curve" Corrupts Educational Research and Practice},
bookTitle={Groupthink in Science: Greed, Pathological Altruism, Ideology, Competition, and Culture},
year={2020},
publisher={Springer},
address={Cham},
pages="201--210",
chapter={17},
doi={10.1007/978-3-030-36822-7_17},
}

@article{Yadin:2013,
title={Using Unique Assignments for Reducing the Bimodal Grade Distribution},
author={Aharon Yadin},
journal={ACM Inroads},
volume={4},
number={1},
pages="38--42",
year={2013},
doi={10.1145/2432596.2432612},
}

@Incollection{Woods:2015,
author={Carol M. Woods},
editor={Steven P. Reise and Dennis A. Revicki},
title={Estimating the Latent Density in Unidimensional IRT to Permit Non-normality},
bookTitle={Handbook of Item Response Theory Modeling: Applications to Typical Performance Assessment},
year={2015},
publisher={Routledge},
address={New York},
pages="60--84",
chapter={4},
doi={10.4324/9781315736013-4},
}

@article{Harvey+Murray:1994,
author = {Robert J. Harvey and William D. Murry},
title = {Scoring the Myers-Briggs Type Indicator: Empirical Comparison of Preference Score Versus Latent-Trait Methods},
journal = {Journal of Personality Assessment},
volume = {62},
number = {1},
pages = "116--129",
year  = {1994},
doi = {10.1207/s15327752jpa6201_11},
}

@article{Ho+Yu:2015,
title={Descriptive Statistics for Modern Test Score Distributions: Skewness, Kurtosis, Discreteness, and Ceiling Effects},
author={Andrew D. Ho and Carol C. Yu},
journal={Educational and Psychological Measurement},
volume={75},
number={3},
pages="365--388",
year={2015},
doi={10.1177/0013164414548576},
}

@Manual{BILOG-MG,
author={Michele F. Zimowski and Eiji Muraki and Robert J. Mislevy and Darrell R. Bock},
year={2003},
title={BILOG-MG: Multiple-group IRT Analysis and Test Maintenance for Binary Items [Computer software]},
organization = {Scientific Software International},
}

@Manual{flexMIRT,
author={Li Cai},
year={2022},
title={{flexMIRT} version 3.65: Flexible Multilevel Multidimensional Item Analysis and Test Scoring [Computer software]},
organization = {Vector Psychometric Group},
note={Chapel Hill, NC},
}

@article{mirt,
title={{mirt}: A Multidimensional Item Response Theory Package for the {R} Environment},
volume={48},
url={https://www.jstatsoft.org/index.php/jss/article/view/v048i06},
doi={10.18637/jss.v048.i06},
number={6},
journal={Journal of Statistical Software},
author={Philip R. Chalmers},
year={2012},
pages="1â€“-29",
}

@article{Li:2021,
title={Using a Two-component Normal Mixture Distribution as a Latent Distribution in Estimating Parameters of Item Response Models},
author={Seewoo Li},
volume={34},
number={4},
journal={Journal of Educational Evaluation},
pages="759--789",
year={2021},
doi={10.31158/JEEV.2021.34.4.759},
}

@article{Casabianca+Lewis:2015,
title={IRT item parameter recovery with marginal maximum likelihood estimation using loglinear smoothing models},
author={Jodi M. Casabianca and Charles Lewis},
journal={Journal of Educational and Behavioral Statistics},
volume={40},
number={6},
pages="547--578",
year={2015},
doi={10.3102/1076998615606112},
}

@Manual{RCLOG,
author={Carol M. Woods},
year={2006},
title={RCLOG v.2: Software for Item Response Theory Parameter Estimation with the Latent Population Distribution Represented Using Spline-based Densities [Computer software]},
organization = {Washington University in St. Louis},
note={St. Louis, MO},
}

@Manual{LLSEM,
title={LLSEM 1.0: LogLinear Smoothing in an Expectation Maximization Algorithm for Item Response Theory Item Parameter Estimation [Computer software]},
author={Jodi M. Casabianca and Charles Lewis},
organization = {Washington University in St. Louis},
note={Bronx, NY},
year={2011},
}

@article{Bock+Aitkin:1981,
title={Marginal Maximum Likelihood Estimation of Item Parameters: Application of an EM Algorithm},
author={Darrell R. Bock and Murray Aitkin},
journal={Psychometrika},
volume={46},
number={4},
pages="443--459",
year={1981},
doi={10.1007/BF02293801},
}

@Incollection{Birnbaum:1968,
author={Allan Birnbaum},
editor={Frederic M. Lord and Melvin R. Novick},
title={Some Latent Trait Models and Their Use in Inferring an Examinee's Ability},
bookTitle={Statistical Theories of Mental test Scores},
year={1968},
publisher={Addison-Wesley},
pages="397--479",
chapter={17},
}

@Book{Rasch:1960,
title={Probabilistic Models for Some Intelligence and Attainment Tests},
author={Georg Rasch},
publisher={Danish Institute for Educational Research},
year={1960},
address={Copenhagen},
}

@article{Masters:1982,
title={A Rasch Model for Partial Credit Scoring},
author={Geoff N. Masters},
journal={Psychometrika},
volume={47},
number={2},
pages="149--174",
year={1982},
doi={10.1007/BF02296272},
}

@article{Muraki:1992,
title={A Generalized Partial Credit Model: Application of an EM Algorithm},
author={Eiji Muraki},
journal={Applied Psychological Measurement},
volume={16},
number={2},
pages="159--176",
year={1992},
doi={10.1177/014662169201600206},
}

@book{Baker+Kim:2004,
title={Item Response Theory: Parameter Estimation Techniques},
author={Frank B. Baker and Seock-Ho Kim},
year={2004},
publisher={CRC press},
edition={2nd},
}

@article{Laird:1978,
title={Nonparametric Maximum Likelihood Estimation of a Mixing Distribution},
author={Nan Laird},
journal={Journal of the American Statistical Association},
volume={73},
number={364},
pages="805--811",
year={1978},
doi={10.1080/01621459.1978.10480103},
}

@article{Seong:1990,
title={Sensitivity of Marginal Maximum Likelihood Estimation of Item and Ability Parameters to the Characteristics of the Prior Ability Distributions},
author={Tae-Je Seong},
journal={Applied Psychological Measurement},
volume={14},
number={3},
pages="299--311",
year={1990},
doi={10.1177/014662169001400307},
}

@article{Sass+Schmitt+Walker:2008,
title={Estimating non-normal latent trait distributions within item response theory using true and estimated item parameters},
author={Daniel A. Sass  and  Thomas A. Schmitt  and  Cindy M. Walker},
journal={Applied Measurement in Education},
volume={21},
number={1},
pages="65--88",
year={2008},
doi={10.1080/08957340701796415},
}

@article{Zhang+Davidian:2001,
title={Linear Mixed Models with Flexible Distributions of Random Effects for Longitudinal Data},
author={Daowen Zhang and Marie Davidian},
journal={Biometrics},
volume={57},
number={3},
pages="795--802",
year={2001},
doi={10.1111/j.0006-341X.2001.00795.x},
}

@article{Hannan+Quinn:1979,
title={The Determination of the Order of an Autoregression},
author={Edward J. Hannan and Barry G. Quinn},
journal={Journal of the Royal Statistical Society B},
volume={41},
number={2},
pages="190--195",
year={1979},
doi={10.1111/j.2517-6161.1979.tb01072.x},
}

@book{Silverman:1986,
title={Density Estimation for Statistics and Data Analysis},
author={Bernard W. Silverman},
year={1986},
publisher={Chapman \& Hall},
address={Boca Raton, FL},
}

@book{Wand+Jones:1995,
title={Kernel Smoothing},
author={Matt P. Wand and Chris M. Jones},
year={1995},
publisher={Chapman \& Hall},
address={Boca Raton, FL},
}

@book{Gramacki:2018,
title={Nonparametric Kernel Density Estimation and Its Computational Aspects},
author={Artur Gramacki},
year={2018},
publisher={Springer},
}

@article{Sheather:2004,
title={Density Estimation},
author={Simon J. Sheather},
journal={Statistical Science},
volume={19},
number={4},
pages="588--597",
year={2004},
doi={10. 1214/088342304000000297},
}

@article{Sheather+Jones:1991,
title={A Reliable Data-Based Bandwidth Selection Method for Kernel Density Estimation},
author={Simon J. Sheather and Michael C. Jones},
journal={Journal of the Royal Statistical Society B},
volume={53},
number={3},
pages="683--690",
year={1991},
doi={10.1111/j.2517-6161.1991.tb01857.x},
}

@article{Jones+Marron+Sheather:1996,
author = {Michael C. Jones  and J. S. Marron  and Simon J. Sheather },
title = {A Brief Survey of Bandwidth Selection for Density Estimation},
journal = {Journal of the American Statistical Association},
volume = {91},
number = {433},
pages = "401--407",
year  = {1996},
doi = {10.1080/01621459.1996.10476701},
}

@article{GCBS,
author={Robert Brotherton and Christopher C. French and Alan D. Pickering},
title={Measuring Belief in Conspiracy Theories: The Generic Conspiracist Beliefs Scale},
journal={Frontiers in Psychology},
volume={4},
year={2013},
doi={10.3389/fpsyg.2013.00279},
}

@misc{Bock:1960,
author = {Darrell R. Bock},
title = {Methods and Applications of Optimal Scaling},
address = {Chapel Hill: NC},
howpublished = {University of North Carolina Psychometric Laboratory Research Memorandum, No. 25},
year = "1960",
}

@article{Yen:1981,
title={Using Simulation Results to Choose a Latent Trait Model},
author={Wendy M. Yen},
journal={Applied Psychological Measurement},
volume={5},
number={2},
pages="245--262",
year={1981},
doi={10.1177/014662168100500212},
}

@article{Green:1984,
title={Technical Guidelines for Assessing Computerized Adaptive Tests},
author={Bert F. Green and Darrell R. Bock and Lloyd G. Humphreys and Robert L. Linn and Mark D. Reckase},
journal={Journal of Educational measurement},
volume={21},
number={4},
pages="347--360",
year={1984},
doi={10.1111/j.1745-3984.1984.tb01039.x},
}

@article{May+Nicewander:1994,
title={Reliability and Information Functions for Percentile Ranks},
author={Kim May and Alan W. Nicewander},
journal={Journal of Educational Measurement},
volume={31},
number={4},
pages="313--325",
year={1994},
doi={10.1111/j.1745-3984.1994.tb00449.x},
}

@Book{Samejima:1969,
author = {Fumiko Samejima},
title = {Estimation of Latent Ability Using a Response Pattern of Graded Scores (Psychometric Monograph No. 17)},
publisher = {Psychometric Society},
year = {1969},
address = {Richmond, VA},
url = {https://www.psychometrika.org/journal/online/MN17.pdf},
}

@Book{ggplot2,
author = {Hadley Wickham},
title = {{ggplot2}: Elegant Graphics for Data Analysis},
publisher = {Springer-Verlag New York},
year = {2016},
isbn = {978-3-319-24277-4},
url = {https://ggplot2.tidyverse.org},
}

@article{Woods:2006,
title={Ramsay-curve Item Response Theory (RC-IRT) to Detect and Correct for Nonnormal Latent Variables},
author={Carol M. Woods},
journal={Psychological Methods},
volume={11},
number={3},
pages="253--270",
year={2006},
doi={10.1037/1082-989X.11.3.253},
}

@article{ltm,
title={{ltm}: An {R} Package for Latent Variable Modeling and Item Response Analysis},
volume={17},
doi={10.18637/jss.v017.i05},
number={5},
journal={Journal of Statistical Software},
author={Dimitris Rizopoulos},
year={2006},
pages="1-â€“25",
}

@book{vanderLinden:2016,
title={Handbook of Item Response Theory: Three Volume Set},
author={Wim J. {van der Linden}},
year={2016},
publisher={CRC Press},
}

@book{Hambleton+Swaminathan+Rogers:1991,
title={Fundamentals of Item Response Theory},
author={Ronald K. Hambleton and Hariharan Swaminathan and H. Jane Rogers},
year={1991},
publisher={Sage},
}

@Manual{sirt,
title = {{sirt}: Supplementary Item Response Theory Models},
author = {Alexander Robitzsch},
year = {2024},
note = {R package version 4.1-15},
url = {https://CRAN.R-project.org/package=sirt},
}

@article{Jones:1991,
title = {The roles of {ISE} and {MISE} in density estimation},
journal = {Statistics \& Probability Letters},
volume = {12},
number = {1},
pages = "51--56",
year = {1991},
doi = {10.1016/0167-7152(91)90163-L},
author = {Michael C. Jones},
}

@book{McCutcheon:1987,
  title={Latent class analysis},
  author={McCutcheon, Allan L},
  year={1987},
  publisher={Sage}
}

@incollection{Clogg:1981,
  title={New developments in latent structure analysis},
  bookTitle={Factor analysis and measurement in sociological research},
  author={Clogg, Clifford C},
  editor={ David J Jackson and Edgar F Borgatta},
  year={1981},
  publisher={Sage},
  page={215â€“-246}
}

@article{Follmann:1988,
  title={Consistent estimation in the Rasch model based on nonparametric margins},
  author={Follmann, Dean},
  journal={Psychometrika},
  volume={53},
  number={4},
  pages={553--562},
  year={1988}
}

@report{Haberman:2005,
author = {Haberman, Shelby J},
title = {Latent-Class Item Response Models {(RR-05-28)}},
institution = {Educational Testing Service},
year = {2005},
}

@report{Xu+vonDavier:2008,
author = {Xu, Xueli and von Davier, Matthias},
title = {Fitting the structured general diagnostic model to NAEP data {(RR-08-27)}},
institution = {Educational Testing Service},
year = {2008},
}
