
  @inproceedings{Cardoso:1989,
  author = {Cardoso, J. F.},
  title = {Source separation using higher order moments},
  booktitle = {International Conference on  Acoustics, Speech, and Signal Processing},
  year = 1989,
  pages = {2109--2112},
  doi = {10.1109/ICASSP.1989.266878}}

  @manual{CayreFuron:2004,
  author = {Cayre, F. and Furon, T.},
  title = {Implementation of FastICA (Independent Component Analysis) for IT++},
  year = 2004,
  note = {TEMICS Project INRIA/Rennes (IRISA) Campus Universitaire de Beaulieu 35402}}


  @book{CichockiAmari:2002,
  author =       {Cichocki, A. and Amari, S.},
  title =        {Adaptive Blind Signal and Image Processing: Learning Algorithms and Applications.},
  publisher =    {John Wiley \& Sons},
  year =         {2002},
  address =      {Cichester},
  doi = {10.1002/0470845899}}

  @book{ComonJutten:2010,
  author =       {Comon, P. and Jutten, C.},
  title =        {Handbook of Blind Source Separation. Independent Component Analysis and Applications},
  publisher =    {Academic Press},
  year =         {2010},
  address =      {Amsterdam},
}

 @article{Comon:1994,
  author = {Comon, P.},
  title = {Independent Component Analysis - a new concept?},
  journal = {Signal Processing},
  year = 1994,
  volume = 36,
  pages = {287--314},
  doi = {10.1016/0165-1684(94)90029-9}}

  @manual{Gavertetal:2005,
  author = {G\"avert, H. and Hurri, J. and S\"arel\"a, J. and Hyv\"arinen, A.},
  title = {The FastICA package for MATLAB},
  year = 2005,
  note = {Lab. of Computer and Information Science, Helsinki University of Technology}}


  @article{Hyvarinen:1999,
  author = {Hyv\"{a}rinen, A.},
  title = {Fast and Robust Fixed-Point Algorithms for Independent Component Analysis},
  journal = {IEEE Transactions on Neural Networks},
  year = 1999,
  volume = 10,
  pages = {626--634},
  doi = {10.1109/72.761722}}

  @article{HyvarinenOja:1997,
  author = {Hyv{\"a}rinen, A. and Oja, E.},
  title = {A Fast Fixed-Point Algorithm for Independent Component Analyis},
  journal = {Neural Computation},
  year = {1997},
  volume = {9},
  pages = {1483--1492},
  doi = {10.1162/neco.1997.9.7.1483}}

  @book{HyvarinenKarhunenOja:2001,
  author =       {Hyv{\"a}rinen, A. and Karhunen, J. and Oja, E.},
  title =        {Independent Component Analysis},
  publisher =    {John Wiley \& Sons},
  year =         {2001},
  address =      {New York, USA},
  language =     {english}}
 
  @inproceedings{Ilmonenetal:2010,
  author = {Ilmonen, P. and Nordhausen, K. and Oja, H. and Ollila, E.},
  title = {A New Performance Index for {ICA}: Properties Computation and Asymptotic Analysis},
  booktitle = { "Latent Variable Analysis and Signal Separation", LNCS},
  editor = {Vigneron, V. and Zarzoso, V. and Moreau, E. and Gribonval, R. and Vincent, E.},
  year = 2010,
  publisher = {Springer},
  address = {Heidelberg},
  pages = {229--236},
  volume = 6365,
  doi = {10.1007/978-3-642-15995-4_29}}

  @article{KoldovskyTichavsky:2015,
    author = {Koldovsk\'{y}, Z. and Tichavsk\'{y}, P.},
    journal = {Advances in Independent Component Analysis and Learning Machines},
    title = {Improved Variants of the {FastICA} Algorithm},
    year = {2015},
    volume = {53},
    pages = {53--74},
    doi = {10.1016/B978-0-12-802806-3.00002-6}}

  @inproceedings{Miettinenetal:2013,
   author = {Miettinen, J. and Nordhausen, K. and Oja, H. and Taskinen, S.},
   title = {Fast equivariant{ JADE}},
   booktitle = {International Conference on Acoustics, Speech, and Signal Processing},
   year = 2013,
   pages = {6153--6157},
   doi = {10.1109/ICASSP.2013.6638847}}

  @article{Miettinenetal:2014,
    author={Miettinen, J. and Nordhausen, K. and Oja, H. and Taskinen, S.},
    journal={IEEE Transactions on Signal Processing},
    title={Deflation-based {FastICA} with adaptive choices of nonlinearities},
    year={2014},
    volume={62},
    pages={5716--5724},
    doi = {10.1109/TSP.2014.2356442}}


   @article{Miettinenetal:2017JSS,
    author = {Miettinen, J. and Nordhausen, K. and Taskinen, S.},
    title = {Blind Source Separation Based on Joint Diagonalization in {R}: The Packages \pkg{JADE} and \pkg{BSSasymp}},
    journal = {Journal of Statistical Software},
    volume = {76},
    year = {2017},
    pages = {1--31},
    doi = {10.18637/jss.v076.i02}}

  @article{Miettinenetal:2017,
    author={Miettinen, J. and Nordhausen, K. and Oja, H. and Taskinen, S. and Virta, J.},
    journal={Signal Processing},
    title={The squared symmetric {FastICA} estimator},
    year={2017},
    volume={131},
    pages={402--411},
    doi = {10.1016/j.sigpro.2016.08.028}}

  @article{NordhausenOja:2018,
   author = {Nordhausen, K. and Oja, H.},
   title = {Independent Component Analysis: A Statistical Perspective},
   journal = {Wiley Interdisciplinary Reviews: Computational Statistics}, 
   pages = {e1440}, 
   doi = {10.1002/wics.1440}, 
   year = {2018}}

  @inproceedings{Nordhausenetal:2011,
    author={Nordhausen, K. and Ilmonen, P. and Mandal, A. and Oja, H.},
    booktitle={European Signal Processing Conference},
    title={Deflation-based {FastICA} reloaded},
    year={2011},
    pages={1854--1858}}

  @inproceedings{Ollila:2009,
    author={Ollila, E.},
    booktitle={{IEEE} Workshop on Statistical Signal Processing},
    title={On the robustness of the deflation-based {FastICA} estimator},
    year={2009},
    pages={673--676},
    doi={10.1109/SSP.2009.5278485} }
 
  @article{Ollila:2010,
    author={Ollila, E.},
    journal={{IEEE} Transactions on Signal Processing},
    title={The deflation-based {FastICA} estimator: statistical analysis revisited},
    year={2010},
    volume={58},
    pages={1527--1541},
    doi={10.1109/TSP.2009.2036072}}
 
  @article{Pedregosaetal:2011,
   author={Pedregosa, F. and Varoquaux, G. and Gramfort, A. and Michel, V. and Thirion, B. and Grisel, O. and ... and Vanderplas, J.},
    journal={The Journal of Machine Learning Research},
    title={Scikit-learn: Machine learning in Python},
    year={2011},
    volume={12},
    pages={2011}}

  @inproceedings{Wei:2014a,
    author={Wei, T.},
    booktitle={{IEEE} Workshop on Statistical Signal Processing},
    title={On the spurious solutions of the {FastICA} algorithm},
    year={2014},
    pages={161--164},
    doi={10.1109/SSP.2014.6884600}}
 
  @article{Zitoetal:2008,
    author={Zito, T. and Wilbert, N. and Wiskott, L. and Berkes, P.},
    journal={Frontiers in Neuroinformatics},
    title={Modular toolkit for Data Processing (MDP): a Python data processing frame work},
    year={2008},
    volume={2},
    doi={10.3389/neuro.11.008.2008}}


 @manual{JADE,
    title = {\pkg{JADE}: {JADE} and Other {BSS} Methods as Well as Some {BSS} Performance Criteria},
    author = {Nordhausen, K. and Cardoso, J. F. and Miettinen, J. and Oja, H. and Ollila, E. and Taskinen, S.},
    year = {2014},
    note = {{R} package version 1.9-92},
    url = {http://CRAN.R-project.org/package=JADE} }

 @manual{Miettinenetal:2017fICA,
    title = {\pkg{fICA}: Classical, Reloaded and Adaptive {FastICA} Algorithms},
    author = {Miettinen, J. and Nordhausen, K. and Oja, H. and Taskinen, S.},
    year = {2017},
    note = {{R} package version 1.1-0},
    url = {http://CRAN.R-project.org/package=fICA}}

 @manual{Miettinenetal:2017BSSasymp,
    title = {\pkg{BSSasymp}: Asymptotic Covariance Matrices of Some BSS Mixing and Unmixing Matrix Estimates},
    author = {Miettinen, J. and Nordhausen, K. and Oja, H. and Taskinen, S.},
    year = {2017},
    note = {{R} package version 1.2-1},
    url = {http://CRAN.R-project.org/package=BSSasymp} }


 @manual{Marchinietal:2013,
    title = {\pkg{fastICA}: {FastICA} Algorithms to Perform ICA and Projection Pursuit},
    author = {Marchini, J. L. and Heaton, C. and Ripley, B. D.},
    year = {2013},
    note = {{R} package version 1.2-0},
    url = {http://CRAN.R-project.org/package=fastICA}}

 @manual{Helwig:2015,
    title = {\pkg{ica}: Independent Component Analysis and Projection Pursuit},
    author = {Helwig, N. E.},
    year = {2015},
    note = {{R} package version 1.0-1},
    url = {http://CRAN.R-project.org/package=ica} }



  @article{DermouneWei:2013,
   author={Dermoune, A. and Wei, T.},
   journal={IEEE Transactions on Signal Processing},
   title={{FastICA} Algorithm: Five Criteria for the Optimal Choice of the Nonlinearity Function},
   year={2013},
   volume={61},
   number={8},
   pages={2078--2087},
   doi={10.1109/TSP.2013.2243440}}

  @inproceedings{VirtaNordhausen:2017,
    author={Virta, J. and Nordhausen, K.},
    editor={Tichavsk{\'y}, Petr and Babaie-Zadeh, Massoud and Michel, Olivier J. J. and Thirion-Moreau, Nad{\`e}ge},
    title={On the Optimal Non-linearities for {Gaussian} Mixtures in {FastICA}},
    bookTitle={Latent Variable Analysis and Signal Separation: 13th International Conference, LVA/ICA 2017, Grenoble, France, February 21-23, 2017, Proceedings},
    year={2017},
    publisher={Springer International Publishing},
    address={Cham},
    pages={427--437},
    doi={10.1007/978-3-319-53547-0_40}}


   @article{LathauweMoorVandewalle:2000,
    author={de Lathauwer, L. and de Moor, B. and Vandewalle, J.},
    journal={IEEE Transactions on Biomedical Engineering},
    title={Fetal electrocardiogram extraction by blind source subspace separation},
    year={2000},
    volume={47},
    number={5},
    pages={567--572},
    doi={10.1109/10.841326}}

    @article{miettinen2015, 
     author = {Miettinen, J. and Taskinen, S. and Nordhausen, K. and Oja, H.},
     journal = {Statistical Science},
     pages = {372--390},
     title = {Fourth Moments and Independent Component Analysis},
     volume = {30},
     year = {2015},
    doi = {10.1214/15-STS520}}

   @article{Wei2015,
    author={Wei, T.},
    journal={IEEE Transactions on Signal Processing},
    title={A Convergence and Asymptotic Analysis of the Generalized Symmetric {FastICA} Algorithm},
    year={2015},
    volume={63},
    number={24},
    pages={6445-6458},
    doi={10.1109/TSP.2015.2468686}}
