@something{MathAccSurvey,
title={Mathematics and Accessibility: a Survey},
author={Arthur Karshmer and  Gopal Gupta and Enrico Pontelli},
}



@article{Moore2009,
author={Ross Moore},
year=2009,
title={Ongoing efforts to generate ``tagged {PDF}'' using {pdfTEX}},
journal={TUGboat},
volume=30,
number=2,
pages={170--175},
url={http://www.tug.org/TUGboat/tb30-2/tb95moore.pdf}
}

@article{ArchambaultEtAl2007,
author={Archambault, D. and  Fitzpatrick, B. S. D. and Miesenberger, K.},
year=2007,
title={Access to Scientific Content by Visually Impaired People,},
journal={UPGRADE The European Journal for the Informatics Professional}, 
volume={VIII},
month=apr,
Number=2,
pages={29--42}
}

@article{Cliffe2009,
author={Emma Cliffe},
title={Accessibility of mathematical resources: the technology gap},
year=2009,
journal={MSOR Connections},
volume=9,
number=4,
pages={37--42}
}


@article{Ebert2005,
author={Jessica Ebert},
year=2005,
title={Scientists with disabilities:  Access all areas},
journal={Nature},
volume=435,
number=7042,
pages={552--554},
}


@article{TeX4ht,
author={Gurari, Eitan M.},
year=2004,
title={{\TeX{}4ht}: {HTML} Production},
journal={TUGboat},
volume=25,
number=1,
pages={39--47},
url={http://www.tug.org/TUGboat/tb25-1/gurari.pdf}
}

@inproceedings{WatanabeEtAl2012,
author={Tetsuya Watanabe and Toshimitsu Yamaguchi  and Masaki Nakagawa},
year=2012,
title={Development of Tactile Graph Automated Creation Software},
booktitle={Proceedings of Digitization and E-Inclusion in Mathematics and Science},
editor={Katsuhito Yamaguchi and Masakazu Suzuki},
address={Tokyo, Japan},
pages={143--146}
}


@inproceedings{GardnerEtAl2004,
   
author = {John Gardner and
             Christian Herden and          Gaby Herden and
             Carl Dreyer and Galina Bulatova},
   
title = {Simultaneous {B}raille tactile graphics and ink with {T}iger ink attachment and {D}uxbury},
   
booktitle = {Proceedings of the 2004 CSUN International Conference on Technology and Persons with Disabilities},
   
month = mar,
   
year = 2004,
   
address = {Los Angeles, California}
}




@inproceedings{Soiffer2005,
author = {Neil Soiffer},
title={{MathPlayer}: Web-Based Math Accessibility},
booktitle = { Proceedings of the 7th International ACM SIGACCESS Conference on Computers and Accessibility}, 
pages={204--205},
year = 2005,
   
}


@Manual{TeachingDemos,
    title = {{TeachingDemos}: Demonstrations for teaching and learning},
    author = {Greg Snow},
    year = 2010,
    note = {R package version 2.7},
    url={http://CRAN.R-project.org/package=TeachingDemos},
  }

@Article{Rcmdr,
    title = {The {R} {C}ommander: A Basic Statistics Graphical User Interface to {R}},
    author = {John Fox},
    year = {2005},
    journal = {Journal of Statistical Software},
    volume = {14},
    number = {9},
    pages = {1--42},
    url = {http://www.jstatsoft.org/v14/i09},
  }


@manual{WXWidgets,
title={wxWidgets 2.8.12: A portable C++ and Python GUI toolkit},
author={Julian Smart and  Robert Roebling and  Vadim Zeitlin and Robin Dunn and others},
month=mar,
year=2011,
url={http://docs.wxwidgets.org/stable/},
note={Accessed on 2012-02-20.}
}


@manual{RItself,
    title = {R: A Language and Environment for Statistical Computing},
    author = {{R Development Core Team}},
    organization = {R Foundation for Statistical Computing},
    address = {Vienna, Austria},
    year = {2012},
    note = {{ISBN} 3-900051-07-0},
    url = {http://www.R-project.org/},
  }

@Manual{BrailleR,
    title = {BrailleR: Improved access for blind useRs},
    author = {A. Jonathan R. Godfrey},
    year = {2012},
    note = {R package version 0.4},
  }

  @Article{Lecoutre2003,
    title = {The {R2HTML} Package},
    author = {Eric Lecoutre},
    journal = {R News},
    year = {2003},
    volume = {3},
    number = {3},
    pages = {33--36},
    month = dec,
    url = {http://cran.r-project.org/doc/Rnews/Rnews_2003-3.pdf},
  }

@Manual{RStudio,
  title =	 {{RStudio}: Integrated Development Environment for {R}, Version 0.97.336},
  author =	 {RStudio},
  organization = {RStudio},
  address =	 {Boston, MA},
  year =	 {2013},
  url =		 {http://www.rstudio.com/},
}

@Manual{SAS,
  title = 	 {The {SAS} System, Version 9.3.},
  author =	 {{SAS Institute Inc}},
  organization = {SAS Institute Inc},
  address =	 {Cary, NC},
  year =	 {2011},
  url =		 {http://www.sas.com/},
}

@Manual{Maxima,
  title = 	 {Maxima, a Computer Algebra System},
  author =	 {Maxima.sourceforge.net},
  year =	 {2012},
  url =		 {http://maxima.sourceforge.net/}
}

@Manual{Plastex,
  title = 	 {Plastex, A Python Framework for Processing LaTeX Documents},
  author =	 {Kevin D. Smith},
  year =	 {2009},
  url =		 {http://plastex.sourceforge.net/}
}
@book{Lecoutre2003,
author = {E.~{Lecoutre}},
title = {{The R2HTML package}},
publisher = {R News 3 (3):  Dec},
pages = {33--36},
year = {2003},
url = {http://cran.r-project.org/doc/Rnews/Rnews_2003-3.pdf}
}


