@book{CBC+95,
author = {D.~{Cook, A.~Buja, J.~Cabrera, and C.~Hurley}},
title = {{Grand tour and projection pursuit}},
publisher = {Journal of Computational and Graphical Statistics 4(3):},
pages = {155--172},
year = {1995},
url = {http://www.jstor.org/stable/1390844}
}
@book{Grahn09,
author = {A.~{Grahn}},
title = {{The Animate Package, }},
year = {2010},
url = {http://www.tug.org/texlive/Contents/live/texmf-dist/doc/latex/animate/animate.pdf}
}
@book{HN99,
author = {X.~{He and P.~Ng}},
title = {{COBS: qualitatively constrained smoothing via linear programming}},
publisher = {Computational Statistics 14 (3):},
pages = {315--337},
year = {1999},
url = {http://papers.ssrn.com/sol3/papers.cfm?abstract_id=185108}
}
@book{Hyndman96,
author = {R.~J. {Hyndman}},
title = {{Computing and graphing highest density regions}},
publisher = {The American Statistician 50 (2):},
pages = {120--126},
year = {1996},
url = {http://www.jstor.org/stable/2684423}
}
@book{HS10,
author = {R.~J. {Hyndman and H.~L. Shang}},
title = {{Rainbow plots, bagplots, and boxplots for functional data}},
publisher = {Journal of Computational and Graphical Statistics 19(1):},
pages = {29--45},
year = {2010},
url = {http://pubs.amstat.org/doi/pdf/10.1198/jcgs.2009.08158}
}
@book{HU07,
author = {R.~J. {Hyndman and M.~S. Ullah}},
title = {{Robust forecasting of mortality and fertility rates: A functional data approach}},
publisher = {Computational Statistics & Data Analysis 51(10):},
pages = {4942--4956},
year = {2007},
url = {http://portal.acm.org/citation.cfm?id=1241107.1241182}
}
@book{IMH+11,
author = {R.~{Ihaka, P.~Murrell, K.~Hornik, and A.~Zeileis}},
title = {{colorspace: Color Space Manipulation., }},
publisher = {R package version 1.1-0},
year = {2011},
url = {http://CRAN.R-project.org/package=colorspace}
}
@book{JR92,
author = {M.~C. {Jones and J.~A. Rice}},
title = {{Displaying the important features of large collections of similar curves}},
publisher = {The American Statistician 46 (2):},
pages = {140--145},
year = {1992},
url = {http://www.jstor.org/stable/2684184}
}
@book{RD91,
author = {J.~O. {Ramsay and C.~J. Dalzell}},
title = {{Some tools for functional data analysis (with discussion)}},
publisher = {Journal of the Royal Statistical Society: Series B,53 (3):},
pages = {539--572},
year = {1991},
url = {http://www.jstor.org/stable/2345586}
}
@book{RR02,
author = {J.~O. {Ramsay and J.~B. Ramsey}},
title = {{Functional data analysis of the dynamics of the monthly index of nondurable goods production}},
publisher = {Journal of Econometrics 107 (1-2):},
pages = {327--344},
year = {2002},
url = {http://ideas.repec.org/a/eee/econom/v107y2002i1-2p327-344.html}
}
@book{RWG+11,
author = {J.~O. {Ramsay, H.~Wickham, S.~Graves, and G.~Hooker}},
title = {{fda: Functional Data Analysis, }},
publisher = {R package version 2.2.6},
year = {2011},
url = {http://CRAN.R-project.org/package=fda}
}
@book{RRT99,
author = {P.~J. {Rousseeuw, I.~Ruts, and J.~W. Tukey}},
title = {{The bagplot: a bivariate boxplot}},
publisher = {The American Statistician 53 (4):},
pages = {382--387},
year = {1999},
url = {http://www.questia.com/googleScholar.qst?docId=5001888966}
}
@book{SH10,
author = {H.~L. {Shang and R.~J. Hyndman}},
title = {{rainbow: Rainbow plots, bagplots and boxplots for functional data, }},
publisher = {R package version 2.6},
year = {2011},
url = {http://CRAN.R-project.org/package=rainbow}
}
@book{SJT09,
author = {A.~{Sood, G.~M. James, and G.~J. Tellis}},
title = {{Functional regression: A new model for predicting market penetration of new products}},
publisher = {Marketing Science 28 (1):},
pages = {36--51},
year = {2009},
url = {http://mktsci.journal.informs.org/cgi/content/abstract/mksc.1080.0382v1}
}
@book{TOB+99,
author = {A.~{Timmermann, J.~Oberhuber, A.~Bacher, M.~Esch, M.~Latif, and E.~Roeckner}},
title = {{Increased El Ni~no Frequency in a Climate Model Forced by Future Greenhouse Warming}},
publisher = {Nature 398 (6729):},
pages = {694--697},
year = {1999},
url = {http://www.nature.com/nature/journal/v398/n6729/abs/398694a0.html}
}
@book{Tukey75,
author = {J.~W. {Tukey}},
title = {{Mathematics and the picturing of data}},
publisher = {In R.~D James editor Proceedings of the InternationalCongress of Mathematicians volume~2 pages  Canadian mathematicalcongress Vancouver},
pages = {523--531},
year = {1975}
}
@book{ZHM09,
author = {A.~{Zeileis, K.~Hornik, and P.~Murrell}},
title = {{Escaping rgbland: selecting colors for statistical graphics}},
publisher = {Computational Statistics and Data Analysis 53(9):},
pages = {3259--3270},
year = {2009},
url = {http://www.sciencedirect.com/science/article/B6V8V-4VM43VH-1/2/b63f4a1a558083ab2b98f12e446d1ac7}
}
@book{ZMS+07,
author = {L.~{Zhang, J.~S. Marron, H.~Shen, and Z.~Zhu}},
title = {{Singular value decomposition and its visualization}},
publisher = {Journal of Computational and Graphical Statistics 16(4):},
pages = {833--854},
year = {2007},
url = {http://pubs.amstat.org/doi/abs/10.1198/106186007X256080?journalCode=jcgs}
}




