@Article{hu_et_al_2017,
  title = {Correlation-Based Interpretations of Paleoclimate Data--Where Statistics Meet past Climates},
  author = {Jun Hu and Julien Emile-Geay and Judson Partin},
  journal = {Earth and Planetary Science Letters},
  volume = {459},
  pages = {362--371},
  year = {2017},
  url = {https://doi.org/10.1016/j.epsl.2016.11.048},
}

@Book{emilie-geay_2016,
  title = {Data Analysis in the Earth \& Environmental Sciences},
  author = {J Emile-Geay},
  year = {2016},
  publisher = {Ed. Figshare},
}

@Article{horowitz_1974,
  title = {The Effects of Spline Interpolation on Power Spectral Density},
  author = {L Horowitz},
  journal = {IEEE Transactions on Acoustics, Speech, and Signal Processing},
  volume = {22},
  number = {1},
  pages = {22--27},
  year = {1974},
  url = {http://dx.doi.org/10.1109/TASSP.1974.1162536},
}

@Article{blaauw_2012,
  title = {Out of Tune: The Dangers of Aligning Proxy Archives},
  author = {Maarten Blaauw},
  journal = {Quaternary Science Reviews},
  volume = {36},
  pages = {38--49},
  year = {2012},
  url = {https://doi.org/10.1016/j.quascirev.2010.11.012},
}

@Article{MF_et_al_2008,
  title = {Contrasting Impacts of {D}ansgaard--{O}eschger Events over a Western {E}uropean Latitudinal Transect Modulated by Orbital Parameters},
  author = {Maria Fernanda {Sanchez Goni} and Amaelle Landais and William J Fletcher and Filipa Naughton and Stephanie Desprat and Josette Duprat},
  journal = {Quaternary Science Reviews},
  volume = {27},
  number = {11},
  pages = {1136--1151},
  year = {2008},
  url = {https://doi.org/10.1016/j.quascirev.2008.03.003},
}

@Article{roucoux_et_al_2005,
  title = {The Response of {NW} {I}berian Vegetation to {N}orth {A}tlantic Climate Oscillations during the Last 65 Kyr},
  author = {KH Roucoux and L {De Abreu} and NJ Shackleton and PC Tzedakis},
  journal = {Quaternary Science Reviews},
  volume = {24},
  number = {14},
  pages = {1637--1653},
  year = {2005},
  url = {https://doi.org/10.1016/j.quascirev.2004.08.022},
}

@Article{garcia_et_al_2017,
  title = {Revisiting the {ENSO} Teleconnection to the {T}ropical {N}orth {A}tlantic},
  author = {Javier Garcia-Serrano and Christophe Cassou and Herve Douville and Alessandra Giannini and Francisco J Doblas-Reyes},
  journal = {Journal of Climate},
  volume = {30},
  number = {17},
  pages = {6945--6957},
  year = {2017},
  url = {https://doi.org/10.1175/JCLI-D-16-0641.1},
}

@Article{enfield_mayer_1997,
  title = {Tropical {A}tlantic Sea Surface Temperature Variability and Its Relation to {E}l {N}ino-{S}outhern {O}scillation},
  author = {David B Enfield and Dennis A Mayer},
  journal = {Journal of Geophysical Research: Oceans},
  volume = {102},
  number = {C1},
  pages = {929--945},
  year = {1997},
  url = {http://dx.doi.org/10.1029/96JC03296},
}

@Article{mori_et_al_2015,
  title = {{TS}dist: Distance Measures for Time Series Data},
  author = {U Mori and A Mendiburu and JA Lozano},
  journal = {R package version 3.4},
  volume = {2},
  year = {2015},
  url = {http://CRAN.R-project.org/package=TSdist},
}

@Article{mori_et_al_2016,
  title = {Distance Measures for Time Series in {R}: The {TS}dist Package},
  author = {Usue Mori and Alexander Mendiburu and Jose A Lozano},
  journal = {R Journal},
  volume = {8},
  number = {2},
  pages = {451--459},
  year = {2016},
}

@InProceedings{frentzos_et_al_2007,
  title = {Index-Based Most Similar Trajectory Search},
  author = {Elias Frentzos and Kostas Gratsias and Yannis Theodoridis},
  booktitle = {2007 IEEE 23rd International Conference Data Engineering},
  pages = {816--825},
  year = {2007},
  url = {http://dx.doi.org/10.1109/ICDE.2007.367927},
}

@Manual{NESTOOLBOX,
  title = {NESTOOLBOX \--- Toolbox for the Analysis of Non-Equidistantly Sampled Time Series},
  author = {Kira Rehfeld and Goswami Bedartha},
  year = {2014},
  note = {Matlab/Octave, version 1.01},
  url = {http://tocsy.pik-potsdam.de/nest.php},
}

@InCollection{wolff_et_al_2012,
  title = {How Has Climate Responded to Natural Perturbations?},
  author = {Eric W Wolff and Sandy P Harrison and Reto Knutti and Maria Fernanda {Sanchez Goni} and Oliver Wild and Anne-Laure Daniau and Valerie Masson-Delmotte and I Colin Prentice and Renato Spahni},
  pages = {72--101},
  editor = {S. E. Cornell and I. C. Prentice and J. I. House and C. J Downy},
  booktitle = {Understanding the Earth System : Global Change Science for Application},
  year = {2012},
  publisher = {Cambridge University Press},
}

@Article{dansgard_et_al_1993,
  title = {Evidence for General Instability of past Climate from a 250-Kyr Ice-Core Record},
  author = {Willi Dansgaard and SJ Johnsen and HB Clausen and D Dahl-Jensen and NS Gundestrup and CU Hammer and CS Hvidberg and JP Steffensen and AE Sveinbjornsdottir and Jean Jouzel and G Bond},
  journal = {Nature},
  volume = {364},
  number = {6434},
  pages = {218--220},
  year = {1993},
  url = {http://dx.doi.org/10.1038/364218a0},
}

@Article{mann_et_al_2009,
  title = {Global Signatures and Dynamical Origins of the {L}ittle {I}ce {A}ge and {M}edieval {C}limate {A}nomaly},
  author = {Michael E Mann and Zhihua Zhang and Scott Rutherford and Raymond S Bradley and Malcolm K Hughes and Drew Shindell and Caspar Ammann and Greg Faluvegi and Fenbiao Ni},
  journal = {Science},
  volume = {326},
  number = {5957},
  pages = {1256--1260},
  year = {2009},
  url = {https://doi.org/10.1126/science.1177303},
}

@Article{brohan_et_al_2006,
  title = {Uncertainty Estimates in Regional and Global Observed Temperature Changes: A New Data Set from 1850},
  author = {Phillip Brohan and John J Kennedy and Ian Harris and Simon FB Tett and Phil D Jones},
  journal = {Journal of Geophysical Research: Atmospheres},
  volume = {111},
  number = {D12},
  year = {2006},
  url = {http://dx.doi.org/10.1029/2005JD006548},
}

@Article{rehfeld_et_al_2014,
  title = {Similarity Estimators for Irregular and Age-Uncertain Time Series},
  author = {Kira Rehfeld and Jurgen Kurths},
  journal = {Climate of the Past},
  volume = {10},
  number = {1},
  pages = {107--122},
  year = {2014},
  url = {https://doi.org/10.5194/cp-10-107-2014},
}

@Article{roberts_et_al_2017,
  title = {Correlation Confidence Limits for Unevenly Sampled Data},
  author = {Jason Roberts and Mark Curran and Samuel Poynter and Andrew Moy and Tas {van Ommen} and Tessa Vance and Carly Tozer and Felicity S Graham and Duncan A Young and Christopher Plummer and Joel Pedro and Donald Blankenship and Martin Siegert},
  journal = {Computers \& Geosciences},
  volume = {104},
  pages = {120--124},
  year = {2017},
  url = {https://doi.org/10.1016/j.cageo.2016.09.011},
}

@Book{weedon_2003,
  title = {{Time-Series Analysis and Cyclostratigraphy: Examining Stratigraphic Records of Environmental Cycles}},
  author = {G. P. Weedon},
  year = {2003},
  publisher = {Cambridge Univ Press, Cambridge},
}

@Manual{dplr,
  title = {Dendrochronology Program Library in R},
  note = {{R} package version 1.6.3},
  author = {AG Bunn and M Korpela and F Biondi and F Campelo and P Merian and F Qeadan and C Zang and A Buras and J Cecile and M Mudelsee and M Schulz},
  year = {2015},
  url = {http://CRAN.R-project.org/package=dplR},
}

@Manual{pracma,
  title = {{pracma}: Practical Numerical Math Functions},
  note = {{R} package version 1.8.8},
  author = {H. W. Borchers},
  year = {2015},
  url = {http://CRAN.R-project.org/package=pracma},
}

@Article{mudelsee_2002,
  title = {{TAUEST: A Computer Program for Estimating Persistence in Unevenly Spaced Weather/Climate Time Series}},
  author = {M. Mudelsee},
  journal = {Computers \& Geosciences},
  volume = {28},
  number = {1},
  pages = {69--72},
  year = {2002},
  url = {https://doi.org/10.1016/S0098-3004(01)00041-3},
}

@Book{mudelsee_2010,
  title = {{Climate Time Series Analysis: Classical Statistical and Bootstrap Methods}},
  author = {M. Mudelsee},
  isbn = {9048194814},
  year = {2010},
  publisher = {Springer-Verlag},
}

@Book{mudelsee_2014,
  title = {{Climate Time Series Analysis: Classical Statistical and Bootstrap Methods}},
  author = {M. Mudelsee},
  isbn = {9048194814},
  year = {2014},
  edition = {{S}econd},
  publisher = {Springer-Verlag},
}

@Article{rehfeld_et_al_2011,
  title = {Comparison of Correlation Analysis Techniques for Irregularly Sampled Time Series},
  author = {Kira Rehfeld and Norbert Marwan and Jobst Heitzig and Jurgen Kurths},
  journal = {Nonlinear Processes in Geophysics},
  volume = {18},
  number = {3},
  pages = {389--404},
  year = {2011},
  url = {https://doi.org/10.5194/npg-18-389-2011},
}

@Article{mudelsee_2003,
  title = {Estimating {P}earson's Correlation Coefficient with Bootstrap Confidence Interval from Serially Dependent Time Series},
  author = {Manfred Mudelsee},
  journal = {Mathematical Geology},
  volume = {35},
  number = {6},
  pages = {651--665},
  year = {2003},
  url = {https://doi.org/10.1023/B:MATG.0000002982.52104.02},
}

@Article{olafsdottir_mudelsee_2014,
  title = {More Accurate, Calibrated Bootstrap Confidence Intervals for Estimating the Correlation between Two Time Series},
  author = {KB Olafsdottir and M Mudelsee},
  journal = {Mathematical Geosciences},
  volume = {46},
  number = {4},
  pages = {411--427},
  year = {2014},
  url = {https://doi.org/10.1007/s11004-014-9523-4},
}

@Article{robinson_1977,
  title = {Estimation of a Time Series Model from Unequally Spaced Data},
  author = {PM Robinson},
  journal = {Stochastic Processes and their Applications},
  volume = {6},
  number = {1},
  pages = {9--24},
  year = {1977},
  publisher = {Elsevier},
  url = {https://doi.org/10.1016/0304-4149(77)90013-8},
}

@Book{wilks_2011,
  title = {Statistical Methods in the Atmospheric Sciences},
  author = {Daniel S Wilks},
  volume = {100},
  year = {2011},
  publisher = {Academic press},
}

@Article{gilman_1963,
  title = {On the Power Spectrum of ``red Noise''},
  author = {Donald L Gilman and Fred J Fuglister and J Murray {Mitchell Jr}},
  journal = {Journal of the Atmospheric Sciences},
  volume = {20},
  number = {2},
  pages = {182--184},
  year = {1963},
  url = {https://doi.org/10.1175/1520-0469(1963)020<0182:OTPSON>2.0.CO;2},
}

@Article{mann_lees_1996,
  title = {Robust Estimation of Background Noise and Signal Detection in Climatic Time Series},
  author = {Michael E Mann and Jonathan M Lees},
  journal = {Climatic Change},
  volume = {33},
  number = {3},
  pages = {409--445},
  year = {1996},
  publisher = {Springer-Verlag},
  url = {https://doi.org/10.1007/BF00142586},
}
@article{sanchez-goni_et_al_2017,
AUTHOR = {S\'anchez Go\~ni, M. F. and Desprat, S. and Daniau, A.-L. and Bassinot, F. C. and Polanco-Mart\'{\i}nez, J. M. and Harrison, S. P. and Allen, J. R. M. and Anderson, R. S. and Behling, H. and Bonnefille, R. and Burjachs, F. and Carri\'on, J. S. and Cheddadi, R. and Clark, J. S. and Combourieu-Nebout, N. and Mustaphi and Debusk, G. H. and Dupont, L. M. and Finch, J. M. and Fletcher, W. J. and Giardini, M. and Gonz\'alez, C. and Gosling, W. D. and Grigg, L. D. and Grimm, E. C. and Hayashi, R. and Helmens, K. and Heusser, L. E. and Hill, T. and Hope, G. and Huntley, B. and Igarashi, Y. and Irino, T. and Jacobs, B. and Jim\'enez-Moreno, G. and Kawai, S. and Kershaw, A. P. and Kumon, F. and Lawson, I. T. and Ledru, M.-P. and L\'ezine, A.-M. and Liew, P. M. and Magri, D. and Marchant, R. and Margari, V. and Mayle, F. E. and McKenzie, G. M. and Moss, P. and M\"uller, S. and M\"uller, U. C. and Naughton, F. and Newnham, R. M. and Oba, T. and P\'erez-Obiol, R. and Pini, R. and Ravazzi, C. and Roucoux, K. H. and Rucina, S. M. and Scott, L. and Takahara, H. and Tzedakis, P. C. and Urrego, D. H. and van Geel, B. and Valencia, B. G. and Vandergoes, M. J. and Vincens, A. and Whitlock, C. L. and Willard, D. A. and Yamamoto, M.},
TITLE = {The {ACER} pollen and charcoal database: a~global resource to document
vegetation and fire response to abrupt climate changes during the last
glacial period},
JOURNAL = {Earth System Science Data},
VOLUME = {9},
YEAR = {2017},
NUMBER = {2},
PAGES = {679--695},
url= {https://doi.org/10.5194/essd-9-679-2017}
}
@article{sanchez_harrison_2010,
  title={Millennial-scale climate variability and vegetation changes during the {L}ast {G}lacial: {C}oncepts and terminology},
  author={S{\'a}nchez Go{\~n}i, Mar{\'\i}a Fernanda and Harrison, S.P.},
  journal={Quaternary Science Reviews},
  volume={29},
  number={21},
  pages={2823--2827},
  year={2010},
  url={https://doi.org/10.1016/j.quascirev.2009.11.014}
}