@Misc{dmg:2008:pmml,
  author = {{Data Mining Group}},
  title = {PMML Version 3.2},
  howpublished = {WWW},
  year = 2008,
  url = {http://www.dmg.org/pmml-v3-2.html}
}

@Manual{karatzoglou.etal:2008:kernlab,
 author={A. Karatzoglou and A. Smola and K. Hornik},
 year={2008},
 title={The kernlab package},
 url={http://cran.R-project.org/package=kernlab},
 note={R package version 0.9-8}
}

@Book{venables.ripley:2002:modern_app_stats,
  author       = {W. N. Venables and B. D. Ripley},
  title	       = {Modern Applied Statistics with S},
  publisher    = {Springer},
  year	       = 2002,
  series       = {Staistics and Computing},
  address      = {New York},
  edition      = {4th},
  url={http://cran.r-project.org/package=VR},
  note={R package version 7.2-45}
}

@Manual{hahsler.etal:2009:arules,
  author={M. Hahsler and C. Buchta and B. Gruen and and K. Hornik},
  title={The arules package},
  year={2008},
   url={http://cran.r-project.org/package=arules},
  note={R package version 0.6-8}
}

  @Manual{therneau.etal:2008:rpart,
    title = {rpart: Recursive Partitioning},
    author = {Terry M Therneau and Beth Atkinson. R port by Brian Ripley.},
    year = {2008},
    note = {R package version 3.1-42},
    url = {http://cran.r-project.org/package=rpart},
  }

@Manual{williams:2009:rattle,
  title = {rattle: A graphical user interface for data mining in R},
  author = {Graham Williams},
  year = {2009},
  note = {R package version 2.4.31},
  url = {http://cran.r-project.org/package=rattle},
}

@Manual{williams.etal:2009:pmml,
    title = {pmml: Generate PMML for various models},
    author = {Graham Williams and Michael Hahsler and Alex Guazzelli
                  and Michael Zeller and WenChing Lin and Hemant
                  Ishwaran and Udaya B. Kogalur and Rajarshi Guha},
    year = {2009},
    note = {R package version 1.2.7},
    url = {http://cran.r-project.org/package=pmml},
  }

@book{breiman.etal:2009:randomForest,
author = {L.~{Breiman and A.~Cutler.~{R port}~by A.~Liaw and M.~Wiener}},
title = {{randomForest: Breiman and Cutler's Random Forests for Classification and Regression, }},
publisher = {R package version 4.5-30},
year = {2009},
url = {http://cran.r-project.org/package=randomForest}
}
@book{guazzelli.etal:2009:ADAPA,
author = {A.~{Guazzelli, K.~Stathatos, and M.~Zeller}},
title = {{Efficient deployment of predictive analytics through open standards and cloud computing}},
publisher = {To appear in ACM SIGKDD Explorations June},
year = {2009},
url = {http://www.sigkdd.org/explorations}
}
@book{ishwaran.kogalur:2009:randomSurvivalForest,
author = {H.~{Ishwaran and U.~Kogalur}},
title = {{randomSurvivalForest: Ishwaran and Kogalur's Random Surival Forest, }},
publisher = {R package version 3.5.1},
year = {2009},
url = {http://cran.r-project.org/package=randomSurvivalForest}
}
@book{lang:2009:xml,
author = {D.~{Temple~Lang}},
title = {{XML: Tools for parsing and generating XML within R and S-Plus, }},
publisher = {R package version 2.3-0},
year = {2009},
url = {http://cran.R-project.org/package=xml}
}
@book{therneau.etal:2008:rpart,
author = {T.~M.~{Therneau and B.~Atkinson.~{R port}~by B.~Ripley}},
title = {{rpart: Recursive Partitioning, }},
publisher = {R package version 3.1-42},
year = {2008},
url = {http://cran.r-project.org/package=rpart}
}



