%% This BibTeX bibliography file was created using BibDesk.
%% https://bibdesk.sourceforge.io/

%% Created for Chi Hyun Lee at 2020-08-21 07:39:52 -0400 


%% Saved with string encoding Unicode (UTF-8) 



@article{Schemperetal2009,
	Author = {Schemper, Michael and Wakounig, Samo and Heinze, Georg},
	Doi = {10.1002/sim.3623},
	Eprint = {https://onlinelibrary.wiley.com/doi/pdf/10.1002/sim.3623},
	Journal = {Statistics in Medicine},
	Keywords = {converging hazards, effect size, Prentice test, proportional hazards model, survival analysis, weighted estimation},
	Number = {19},
	Pages = {2473-2489},
	Title = {The estimation of average hazard ratios by weighted Cox regression},
	Url = {https://onlinelibrary.wiley.com/doi/abs/10.1002/sim.3623},
	Volume = {28},
	Year = {2009},
	Bdsk-Url-1 = {https://onlinelibrary.wiley.com/doi/abs/10.1002/sim.3623},
	Bdsk-Url-2 = {https://doi.org/10.1002/sim.3623}}

@article{Dunkleretal2018,
	Author = {Daniela Dunkler and Meinhard Ploner and Michael Schemper and Georg Heinze},
	Date-Modified = {2020-08-21 07:39:48 -0400},
	Journal = {Journal of Statistical Software},
	Pages = {1-26},
	Title = {Weighted Cox Regression Using the R Package coxphw},
	Url = {https://doi.org/10.18637/jss.v084.i02},
	Volume = {84},
	Year = {2018}
	}

@manual{CoxPhLb2019,
	Author = {Lee, C. H. and Liu, D. D. and Ning, J. and Zhou, H. and Shen, Y.},
	Note = {R package version 1.2.0},
	Title = {CoxPhLb: Analyzing Right-Censored Length-Biased Data},
	Url = {https://CRAN.R-project.org/package=CoxPhLb},
	Year = {2019},
	Bdsk-Url-1 = {https://CRAN.R-project.org/package=CoxPhLb}}

@manual{survival-package,
	Author = {Terry M Therneau},
	Note = {R package version 3.1-12},
	Title = {A Package for Survival Analysis in R},
	Url = {https://CRAN.R-project.org/package=survival},
	Year = {2020},
	Bdsk-Url-1 = {https://CRAN.R-project.org/package=survival}}

@book{KleinMoeschberger2003,
	Author = {Klein, J. P. and Moeschberger, M. L.},
	Date-Added = {2017-11-21 18:05:49 +0000},
	Date-Modified = {2017-11-21 18:09:55 +0000},
	Edition = {2nd},
	Publisher = {Springer-Verlag New York, Inc.},
	Title = {Survival analysis: techniques for censored and truncated data},
	Year = {2003},
	url = {https://doi.org/10.1007/978-1-4757-2728-9}}

@article{Leeetal2017,
	Author = {Lee, C. H. and Ning, J. and Shen, Y.},
	Date-Added = {2017-11-19 16:25:00 +0000},
	Date-Modified = {2018-03-14 22:14:28 +0000},
	Journal = {Lifetime Data Analysis},
	Pages = {79-96},
	Title = {Model diagnostics for the proportional hazards model with length-biased data},
	Volume = {25},
	Year = {2019},
	url = {https://doi.org/10.1007/s10985-018-9422-y}}

@book{GailBenichou2000,
	Author = {Gail, M. H. and Benichou, J.},
	Date-Added = {2017-11-19 16:19:58 +0000},
	Date-Modified = {2017-11-19 16:24:58 +0000},
	Publisher = {Chichester: Wiley},
	Title = {Encyclopedia of Epidemiologic Methods},
	Year = {2000}}

@manual{R2018,
	Address = {Vienna, Austria},
	Author = {{R Core Team}},
	Organization = {R Foundation for Statistical Computing},
	Title = {R: A Language and Environment for Statistical Computing},
	Url = {https://www.R-project.org/},
	Year = {2018},
	Bdsk-Url-1 = {https://www.R-project.org/}}

@manual{KleinMoeschberger2012,
	Author = {Klein, J. P. and Moeschberger, M. L. and modifications by Yan, J.},
	Date-Modified = {2017-11-21 18:11:51 +0000},
	Note = {R package version 0.1-5},
	Title = {KMsurv: Data sets from Klein and Moeschberger (1997), Survival Analysis},
	Url = {https://CRAN.R-project.org/package=KMsurv},
	Year = {2012},
	Bdsk-Url-1 = {https://CRAN.R-project.org/package=KMsurv}}

@article{Terwilligeretal1997,
	Author = {Terwilliger, J. D. and Shannon, W. D. and Lathrop, G. M. and Nolan, J. P. and Goldin, L. R. and Chase, G. A. and Weeks, D. E.},
	Journal = {American Journal of Human Genetics},
	Pages = {430-438},
	Title = {True and false positive peaks in genomewide scans: applications of length-biased sampling to linkage mapping},
	Volume = {61},
	Year = {1997},
	url = {https://doi.org/10.1086/514855}}

@article{ScheikeKeiding2006,
	Author = {Scheike, T. H. and Keiding, N.},
	Journal = {Statistical Methods in Medical Research},
	Pages = {127-140},
	Title = {Design and analysis of time-to-pregnancy},
	Volume = {15},
	Year = {2006},
	url = {https://doi.org/10.1191/0962280206sm435oa}}

@article{Vardi1989,
	Author = {Vardi, Y.},
	Date-Added = {2017-11-01 16:57:28 +0000},
	Date-Modified = {2017-11-01 16:58:18 +0000},
	Journal = {Biometrika},
	Pages = {751-761},
	Title = {Multiplicative censoring, renewal processes, deconvolution and decreasing density: Nonparametric estimation},
	Volume = {76},
	Year = {1989}}

@article{Wangetal1993,
	Author = {Wang, M. C. and Brookmeyer, R. and Jewell, N. P.},
	Date-Added = {2017-11-01 16:51:43 +0000},
	Date-Modified = {2017-11-01 16:54:22 +0000},
	Journal = {Biometrics},
	Pages = {1-11},
	Title = {Statistical models for prevalent cohort data},
	Volume = {49},
	Year = {1993}}

@article{Wang1991,
	Author = {Wang, M. C.},
	Date-Added = {2017-11-01 16:50:45 +0000},
	Date-Modified = {2017-11-01 16:51:37 +0000},
	Journal = {Journal of American Statistical Association},
	Pages = {130-143},
	Title = {Nonparametric estimation from cross-sectional survival data},
	Volume = {86},
	Year = {1991}}

@inbook{Keiding1992,
	Author = {Keiding, N.},
	Chapter = {Independent delayed entry.},
	Date-Added = {2017-11-01 16:45:58 +0000},
	Date-Modified = {2017-11-01 16:49:40 +0000},
	Publisher = {Kluwer Academi Publishers},
	Title = {Klein, JP, Goel P (eds) Survival Analysis: State of the Art},
	Year = {1992}}

@article{Ningetal2011,
	Author = {Ning, J. and Qin, J. and Shen, Y.},
	Date-Added = {2017-11-01 16:43:02 +0000},
	Date-Modified = {2017-11-01 16:44:15 +0000},
	Journal = {Biometrics},
	Pages = {1369-1378},
	Title = {Buckley-{J}ames-type estimator with right-censored and length-biased data},
	Volume = {67},
	Year = {2011}}

@article{AddonaWolfson2006,
	Author = {Addona, V. and Wolfson, D. B.},
	Date-Added = {2017-10-27 20:17:22 +0000},
	Date-Modified = {2017-10-27 20:18:23 +0000},
	Journal = {Lifetime Data Analysis},
	Pages = {267-284},
	Title = {A formal test for the stationarity of the incidence rate using data from a prevalent cohort study with follow-up.},
	Url = {https://doi.org/10.1007/s10985-006-9012-2},
	Volume = {12},
	Year = {2006},
	Bdsk-Url-1 = {https://doi.org/10.1007/s10985-006-9012-2}}

@article{Shenetal2017,
	Author = {Shen, Y. and Ning, J. and Qin, J.},
	Date-Added = {2017-10-27 19:36:37 +0000},
	Date-Modified = {2017-10-27 19:37:42 +0000},
	Journal = {Lifetime Data Analysis},
	Pages = {3-24},
	Title = {Nonparametric and semiparametric regression estimation for length-biased survival data},
	Volume = {23},
	Year = {2017},
	url = {https://doi.org/10.1007/s10985-016-9367-y}}

@article{Chanetal2012,
	Author = {Chan, K. C. G. and Chen, Y. Q. and Di, C. Z.},
	Date-Added = {2017-10-09 22:19:24 +0000},
	Date-Modified = {2017-10-09 22:20:45 +0000},
	Journal = {Biometrika},
	Pages = {995-1000},
	Title = {Proportional mean residual life model for right-censored length-biased data.},
	Volume = {99},
	Year = {2012}}

@article{WangWang2014,
	Author = {Wang, H. J. and Wang, L.},
	Date-Added = {2017-10-09 22:06:44 +0000},
	Date-Modified = {2017-10-09 22:07:53 +0000},
	Journal = {Stat},
	Pages = {31-47},
	Title = {Quantile regression analysis of length-biased survival data.},
	Volume = {3},
	Year = {2014}}

@book{Kosorok2008,
	Author = {Kosorok, M. R.},
	Date-Added = {2016-11-01 15:00:03 +0000},
	Date-Modified = {2016-11-01 15:01:20 +0000},
	Publisher = {New York: Springer},
	Title = {Introduction to Empirical Processes and Semiparametric Inference},
	Year = {2008}}

@article{QinShen2010,
	Author = {Qin, J. and Shen, Y.},
	Date-Added = {2016-10-31 14:59:39 +0000},
	Date-Modified = {2016-10-31 15:00:11 +0000},
	Journal = {Biometrics},
	Pages = {382-392},
	Title = {Statistical methods for analyzing right-censored length-biased data under Cox model},
	Volume = {66},
	Year = {2010},
	url = {https://doi.org/10.1111/j.1541-0420.2009.01287.x}}

@article{PepeFleming1991,
	Author = {Pepe, M. S. and Fleming, T. R.},
	Date-Added = {2016-10-31 14:58:18 +0000},
	Date-Modified = {2016-10-31 14:59:33 +0000},
	Journal = {Journal of Royal Statistical Society B},
	Pages = {341-352},
	Title = {Weighted Kaplan-Meier statistics: large sample and optimality considerations.},
	Volume = {53},
	Year = {1991}}

@article{Shenetal2009,
	Author = {Shen, Y. and Ning, J. and Qin, J.},
	Date-Added = {2016-11-01 14:00:24 +0000},
	Date-Modified = {2016-11-01 14:01:21 +0000},
	Journal = {Journal of American Statistical Association},
	Pages = {1192-1202},
	Title = {Analyzing length-biased data with semiparametric transformation and accelerated failure time models},
	Volume = {104},
	Year = {2009}}

@article{Asgharianetal2006,
	Author = {Asgharian, M. and Wolfson, D. B. and Zhang, X.},
	Date-Added = {2016-10-17 18:41:23 +0000},
	Date-Modified = {2016-10-17 18:42:41 +0000},
	Journal = {Statistics in Medicine},
	Pages = {1751-1767},
	Title = {Checking stationarity of the incidence rate using prevalent cohort survival data},
	Url = {https://doi.org/10.1002/sim.2326},
	Volume = {25},
	Year = {2006},
	Bdsk-Url-1 = {https://doi.org/10.1002/sim.2326}}

@article{Wei1980,
	Author = {Wei, L. J.},
	Journal = {Journal of American Statistical Association},
	Pages = {634-637},
	Title = {A generalized Gehan and Gilbert test for paired observations that are subject to arbitrary right censorship},
	Volume = {75},
	Year = {1980},
	url = {https://doi.org/10.1080/01621459.1980.10477524}}

@article{HuangQin2012,
	Author = {Huang, C.-Y. and Qin, J.},
	Date-Added = {2016-10-17 16:08:54 +0000},
	Date-Modified = {2016-10-17 16:10:22 +0000},
	Journal = {Journal of American Statistical Association},
	Pages = {946-957},
	Title = {Composite partial likelihood estimation under length-biased sampling, with application to a prevalent cohort study of dementia},
	Volume = {107},
	Year = {2012}}

@article{Qinetal2011,
	Author = {Qin, J. and Ning, J. and Liu, H. and Shen, Y.},
	Date-Added = {2016-10-17 16:07:31 +0000},
	Date-Modified = {2016-10-17 16:08:52 +0000},
	Journal = {Journal of American Statistical Association},
	Pages = {1434-1449},
	Title = {Maximum likelihood estimations and EM algorithms with length-biased data},
	Volume = {106},
	Year = {2011},
	url = {https://doi.org/10.1198/jasa.2011.tm10156}}

@article{Tsai2009,
	Author = {Tsai, W. Y.},
	Date-Added = {2016-10-17 16:06:21 +0000},
	Date-Modified = {2016-10-17 16:07:22 +0000},
	Journal = {Biometrika},
	Pages = {601-615},
	Title = {Pseudo-partial likelihood for proportional hazards models with biased-sampling data},
	Volume = {96},
	Year = {2009},
	url = {https://doi.org/10.1093/biomet/asp026}}

@article{Lancaster1979,
	Author = {Lancaster, T.},
	Date-Added = {2016-10-03 19:17:29 +0000},
	Date-Modified = {2016-10-03 19:17:29 +0000},
	Journal = {Econometrica},
	Pages = {939-956},
	Title = {Econometric methods for the duration of unemployment},
	Volume = {47},
	Year = {1979},
	url = {https://doi.org/10.2307/1914140}}

@article{deUnaAlvaresetal2003,
	Author = {de Una-Alvarez, J. and Otero-Giraldez, M. S. and Alvarez-Llorente, G.},
	Date-Added = {2016-10-03 19:17:29 +0000},
	Date-Modified = {2016-10-03 19:17:29 +0000},
	Journal = {Journal of Applied Statistics},
	Pages = {283-291},
	Title = {Estimation under length-bias and right-censoring: an application to unemployment duration analysis for married women},
	Volume = {30},
	Year = {2003},
	Url = {https://doi.org/10.1080/0266476022000030066}}

@article{ZelenFeinleib1969,
	Author = {Zelen, M. and Feinleib, M.},
	Date-Added = {2016-10-03 19:17:29 +0000},
	Date-Modified = {2016-10-03 19:17:29 +0000},
	Journal = {Biometrika},
	Pages = {601-614},
	Title = {On the theory of screening for chronic diseases},
	Volume = {56},
	Year = {1969},
	url = {https://doi.org/10.1093/biomet/56.3.601}}

@article{Asgharianetal2002,
	Author = {Asgharian, M. and M'Lan, C. E. and Wolfson, D. B.},
	Date-Added = {2016-10-03 17:00:08 +0000},
	Date-Modified = {2016-10-31 22:52:01 +0000},
	Journal = {Journal of American Statistical Association},
	Pages = {201-209},
	Title = {Length-biased sampling with right censoring: an unconditional approach},
	Volume = {97},
	Year = {2002}}

@article{Wolfsonetal2001,
	Author = {Wolfson, C. and Wolfson, D. B. and Asgharian, M. and M'Lan, C. E. and Ostbye, T. and Rockwood, K. and Hogan, D. B. and for the clinical progression of dementia study group},
	Date-Added = {2016-10-03 16:56:10 +0000},
	Date-Modified = {2017-02-07 20:21:07 +0000},
	Journal = {New England Journal of Medicine},
	Pages = {1111-1116},
	Title = {A reevaluation of the duration of survival after the onset of dementia},
	Volume = {344},
	Year = {2001}}

@article{BorganZhang2015,
	Author = {Borgan, O. and Zhang, Y.},
	Date-Added = {2016-10-03 16:51:51 +0000},
	Date-Modified = {2016-10-03 16:52:59 +0000},
	Journal = {Biometrics},
	Pages = {696-703},
	Title = {Using cumulative sums of martingale residuals for model checking in nested case-control studies},
	Volume = {71},
	Year = {2015}}

@article{Luetal2014,
	Author = {Lu, W. and Liu, M. and Chen, Y.-H.},
	Date-Added = {2016-10-03 16:50:43 +0000},
	Date-Modified = {2016-10-03 16:55:31 +0000},
	Journal = {Biometrics},
	Pages = {845-851},
	Title = {Testing goodness-of-fit for the proportional hazards model based on nested case-control data},
	Volume = {70},
	Year = {2014}}

@article{Huangetal2011,
	Author = {Huang, C.-Y. and Luo, X. and Follmann, D. A.},
	Date-Added = {2016-10-03 16:49:17 +0000},
	Date-Modified = {2016-10-03 16:54:43 +0000},
	Journal = {Biostatistics},
	Pages = {535-547},
	Title = {A model checking method for the proportional hazards model with recurrent gap time data},
	Volume = {12},
	Year = {2011}}

@article{SpiekermanLin1996,
	Author = {Spiekerman, C. F. and Lin, D. Y.},
	Date-Added = {2016-10-03 16:47:51 +0000},
	Date-Modified = {2016-10-03 16:48:49 +0000},
	Journal = {Biometrika},
	Pages = {143-156},
	Title = {Checking the marginal Cox model for correlated failure time data},
	Volume = {83},
	Year = {1996}}

@article{Linetal1993,
	Author = {Lin, D. Y. and Wei, L. J. and Ying, Z. L.},
	Date-Added = {2016-10-03 16:46:38 +0000},
	Date-Modified = {2016-10-03 16:54:48 +0000},
	Journal = {Biometrika},
	Pages = {557-572},
	Title = {Checking the Cox model with cumulative sums of martingale-based residuals},
	Volume = {80},
	Year = {1993},
	url = {https://doi.org/10.2307/2337177}}

@article{Wang1996,
	Author = {Wang, M. C.},
	Date-Added = {2016-10-03 16:41:56 +0000},
	Date-Modified = {2016-10-03 16:55:58 +0000},
	Journal = {Biometrika},
	Pages = {343-354},
	Title = {Hazards regression analysis for length-biased data},
	Volume = {83},
	Year = {1996},
	url = {https://doi.org/10.1093/biomet/83.2.343}}

@article{Cox1972,
	Author = {Cox, D. R.},
	Date-Added = {2016-10-03 16:37:52 +0000},
	Date-Modified = {2016-10-31 22:49:31 +0000},
	Journal = {Journal of Royal Statistical Society B},
	Pages = {187-220},
	Title = {Regression models and life-tables (with discussion)},
	Url = {https://doi.org/10.1111/j.2517-6161.1972.tb00899.x},
	Volume = {34},
	Year = {1972},
	Bdsk-Url-1 = {https://doi.org/10.1111/j.2517-6161.1972.tb00899.x}}
