@book{adolph2003analyzing,
author = {C.~{Adolph and G.~King}},
title = {{Analyzing second-stage ecological regressions: Comment on Herron and Shotts}},
publisher = {Political Analysis 11 (1):},
pages = {65--76},
year = {2003}
}
@book{cho1998iff,
author = {W.~K.~T. {Cho}},
title = {{Iff the assumption fits?: A comment on the King ecological inference solution}},
publisher = {Political Analysis 7 (1):},
pages = {143--163},
year = {1998}
}
@book{ferree2004iterative,
author = {K.~E. {Ferree}},
title = {{Iterative approaches to R$times$C ecological inference problems: where they can go wrong and one quick fix}},
publisher = {Political Analysis 12 (2):},
pages = {143--159},
year = {2004}
}
@book{frair2010resolving,
author = {J.~L. {Frair, J.~Fieberg, M.~Hebblewhite, F.~Cagnacci, N.~J. DeCesare, and L.~Pedrotti}},
title = {{Resolving issues of imprecise and habitat-biased locations in ecological analyses using GPS telemetry data}},
publisher = {Philosophical Transactions of the Royal Society of London B:Biological Sciences 365 (1550):},
pages = {2187--2200},
year = {2010}
}
@book{freedman1999ecological,
author = {D.~A. {Freedman}},
title = {{Ecological inference and the ecological fallacy}},
publisher = {International Encyclopedia of the social & Behavioralsciences 6:},
pages = {4027--4030},
year = {1999}
}
@book{goodman1953ecological,
author = {L.~A. {Goodman}},
title = {{Ecological regressions and behavior of individuals}},
publisher = {American sociological review},
year = {1953}
}
@book{goodman1959some,
author = {L.~A. {Goodman}},
title = {{Some alternatives to ecological correlation}},
publisher = {American Journal of Sociology pages},
pages = {610--625},
year = {1959}
}
@book{greenland2001ecologic,
author = {S.~{Greenland}},
title = {{Ecologic versus individual-level sources of bias in ecologic estimates of contextual health effects}},
publisher = {International journal of epidemiology 30(6):},
pages = {1343--1350},
year = {2001}
}
@book{greenland1994invited,
author = {S.~{Greenland and J.~Robins}},
title = {{Invited commentary: ecologic studies --- biases, misconceptions, and counterexamples}},
publisher = {American Journal of Epidemiology 139 (8):},
pages = {747--760},
year = {1994}
}
@book{greiner2007ecological,
author = {D.~J. {Greiner}},
title = {{Ecological inference in voting rights act disputes: Where are we now, and where do we want to be?}},
publisher = {Jurimetrics pages},
pages = {115--167},
year = {2007}
}
@book{greiner2011quantitative,
author = {D.~J. {Greiner}},
title = {{The quantitative empirics of redistricting litigation: Knowledge, threats to knowledge, and the need for less districting}},
publisher = {Yale Law & Policy Review 29 (2):},
pages = {527--542},
year = {2011}
}
@book{greiner2010exit,
author = {D.~J. {Greiner and K.~M. Quinn}},
title = {{Exit polling and racial bloc voting: Combining individual-level and R$times$C ecological data}},
publisher = {The Annals of Applied Statistics pages},
pages = {1774--1796},
year = {2010}
}
@book{james2009r,
author = {J.~D. {Greiner and K.~M. Quinn}},
title = {{R$times$ c ecological inference: bounds, correlations, flexibility and transparency of assumptions}},
publisher = {Journal of the Royal Statistical Society: Series A (Statisticsin Society) 172 (1):},
pages = {67--81},
year = {2009}
}
@book{grofman2009reply,
author = {B.~{Grofman and M.~A. Barreto}},
title = {{A reply to Zax's () critique of Grofman and Migalski (1988) double-equation approaches to ecological inference when the independent variable is misspecified}},
publisher = {Sociological Methods & Research 37 (4):},
pages = {599--617},
year = {2009}
}
@book{herron2003using,
author = {M.~C. {Herron and K.~W. Shotts}},
title = {{Using ecological inference point estimates as dependent variables in second-stage linear regressions}},
publisher = {Political Analysis 11 (1):},
pages = {44--64},
year = {2003}
}
@book{katz_14,
author = {J.~N. {Katz}},
title = {{Expert report on voting in the city of Whittier}},
publisher = {March 5},
year = {2014}
}
@book{king1997solution,
author = {G.~{King}},
title = {{}},
publisher = {A solution to the ecological inference problem},
year = {1997}
}
@book{king2012ei,
author = {G.~{King and M.~Roberts}},
title = {{Ei: a (n r) program for ecological inference}},
publisher = {Harvard University Retrieved from  harvard.edu/files/ei pdf},
year = {2012},
url = {http://gking}
}
@book{ei_cite,
author = {G.~{King and M.~Roberts}},
title = {{ei: ei, }},
publisher = {R package version 1.3},
year = {2013},
url = {http://gking.harvard.edu/zelig}
}
@book{lau2006eipack,
author = {O.~{Lau, R.~T. Moore, and M.~Kellermann}},
title = {{eipack: R$times$C ecological inference and higher-dimension data management}},
publisher = {New Functions for Multivariate Analysis 18(1): 43},
year = {2006}
}
@book{eipack_cite,
author = {O.~{Lau, R.~T. Moore, and M.~Kellermann}},
title = {{eiPack: eiPack: Ecological Inference and Higher-Dimension Data Management, }},
publisher = {R package version 0.1-7},
year = {2012},
url = {http://CRAN.R-project.org/package=eiPack}
}
@book{martin2005zero,
author = {T.~G. {Martin, B.~A. Wintle, J.~R. Rhodes, P.~M. Kuhnert, S.~A. Field, S.~J. Low-Choy, A.~J. Tyre, and H.~P. Possingham}},
title = {{Zero tolerance ecology: improving ecological inference by modelling the source of zero observations}},
publisher = {Ecology letters 8 (11):},
pages = {1235--1246},
year = {2005}
}
@book{owen1997estimating,
author = {G.~{Owen and B.~Grofman}},
title = {{Estimating the likelihood of fallacious ecological inference: linear ecological regression in the presence of context effects}},
publisher = {Political Geography 16 (8):},
pages = {675--690},
year = {1997}
}
@book{robinson2009ecological,
author = {W.~S. {Robinson}},
title = {{Ecological correlations and the behavior of individuals}},
publisher = {International journal of epidemiology 38(2):},
pages = {337--341},
year = {2009}
}
@book{rosen2001bayesian,
author = {O.~{Rosen, W.~Jiang, G.~King, and M.~A. Tanner}},
title = {{Bayesian and frequentist inference for ecological inference: The R$times$C case}},
publisher = {Statistica Neerlandica 55 (2):},
pages = {134--156},
year = {2001}
}
@book{shively1969ecological,
author = {W.~P. {Shively}},
title = {{``Ecological'' inference: the use of aggregate data to study individuals}},
publisher = {American Political Science Review 63 (04):},
pages = {1183--1196},
year = {1969}
}
@book{tam2004limits,
author = {W.~K. {Tam~Cho and B.~J. Gaines}},
title = {{The limits of ecological inference: The case of split-ticket voting}},
publisher = {American Journal of Political Science 48(1):},
pages = {152--171},
year = {2004}
}
@book{wakefield2004ecological,
author = {J.~{Wakefield}},
title = {{Ecological inference for 2$times$ 2 tables (with discussion)}},
publisher = {Journal of the Royal Statistical Society: Series A (Statisticsin Society) 167 (3):},
pages = {385--445},
year = {2004}
}

