%% This BibTeX bibliography file was created using BibDesk.
%% https://bibdesk.sourceforge.io/

%% Created for Catherine Hurley at 2023-02-10 18:31:55 +0000 


%% Saved with string encoding Unicode (UTF-8) 



@article{Wanghong.2019,
	author = {Wang, Hong and Li, Gang},
	journal = {Statistics in medicine},
	number = {12},
	pages = {2139---2156},
	title = {Extreme learning machine Cox model for high-dimensional survival analysis},
	volume = {38},
	year = {2019}}

@article{Wanghong.2017,
	author = {Hong Wang and Lifeng Zhou},
	journal = {Artificial Intelligence in Medicine},
	pages = {52-61},
	title = {Random survival forest with space extensions for censored data},
	volume = {79},
	year = {2017}}

@article{Alcobacca.2020,
	author = {Alcoba{\c{c}}a, Edesio and Siqueira, Felipe and Rivolli, Adriano and Garcia, Lu{\'\i}s Paulo F and Oliva, Jefferson Tales and de Carvalho, Andr{\'e} CPLF and others},
	journal = {Journal of Machine Learning Research},
	pages = {111--1},
	title = {MFE: Towards reproducible meta-feature extraction.},
	volume = {21},
	year = {2020}}

@article{Amico.2021,
	author = {Amico, M and Van Keilegom, I and Han, B},
	journal = {Biometrika},
	number = {3},
	pages = {727--740},
	publisher = {Oxford University Press},
	title = {Assessing cure status prediction from survival data using receiver operating characteristic curves},
	volume = {108},
	year = {2021}}

@inproceedings{Nemati.2021,
	author = {Nemati, Mohammadreza and Zhang, Haonan and Sloma, Michael and Bekbolsynov, Dulat and Wang, Hong and Stepkowski, Stanislaw and Xu, Kevin S},
	booktitle = {International Conference on Artificial Intelligence in Medicine},
	organization = {Springer},
	pages = {51--60},
	title = {Predicting Kidney Transplant Survival Using Multiple Feature Representations for {HLAS}},
	year = {2021}}

@article{ensor.2021,
	author = {Ensor, Joie and Snell, Kym IE and Debray, Thomas PA and Lambert, Paul C and Look, Maxime P and Mamas, Mamas A and Moons, Karel GM and Riley, Richard D},
	journal = {Statistics in Medicine},
	publisher = {Wiley Online Library},
	title = {Individual participant data meta-analysis for external validation, recalibration, and updating of a flexible parametric prognostic model},
	year = {2021}}

@article{ali.2021,
	author = {Ali, Mehdi and Berrendorf, Max and Hoyt, Charles Tapley and Vermue, Laurent and Sharifzadeh, Sahand and Tresp, Volker and Lehmann, Jens},
	journal = {Journal of Machine Learning Research},
	number = {82},
	pages = {1--6},
	publisher = {MIT Press},
	title = {PyKEEN 1.0: A Python Library for Training and Evaluating Knowledge Graph Embeddings},
	volume = {22},
	year = {2021}}

@inproceedings{Bender.2020,
	address = {Cham},
	author = {Bender, Andreas and R{\"u}gamer, David and Scheipl, Fabian and Bischl, Bernd},
	booktitle = {Machine Learning and Knowledge Discovery in Databases},
	editor = {Hutter, Frank and Kersting, Kristian and Lijffijt, Jefrey and Valera, Isabel},
	isbn = {978-3-030-67664-3},
	pages = {158--173},
	publisher = {Springer International Publishing},
	title = {A General Machine Learning Framework for Survival Analysis},
	year = {2021}}

@inproceedings{bertens.2017,
	author = {Bertens, Paul and Guitart, Anna and Peri{\'a}{\~n}ez, {\'A}frica},
	booktitle = {2017 IEEE conference on computational intelligence and games (CIG)},
	organization = {IEEE},
	pages = {33--36},
	title = {Games and big data: A scalable multi-dimensional churn prediction model},
	year = {2017}}

@article{Biecek.2018,
	author = {Biecek, P.},
	journal = {Journal of Machine Learning Research},
	title = {DALEX: explainers for complex predictive models},
	year = {2018}}

@article{bischl.2016,
	author = {Bischl, Bernd and Lang, Michel and Kotthoff, Lars and Schiffner, Julia and Richter, Jakob and Studerus, Erich and Casalicchio, Giuseppe and Jones, Zachary M},
	journal = {Journal of Machine Learning Research},
	number = {1},
	pages = {5938--5942},
	publisher = {JMLR. org},
	title = {mlr: Machine Learning in R},
	volume = {17},
	year = {2016}}

@article{Bvelstad.2011,
	author = {B{\o}velstad, Hege M and Borgan, {\O}rnulf},
	journal = {Biometrical Journal},
	number = {2},
	pages = {202--216},
	publisher = {Wiley Online Library},
	title = {Assessment of evaluation criteria for survival prediction from genomic data},
	volume = {53},
	year = {2011}}

@article{Brier.1950,
	author = {Brier, G. W.},
	journal = {Monthly Weather Review},
	title = {VERIFICATION OF FORECASTS EXPRESSED IN TERMS OF PROBABILITY},
	volume = {78},
	year = {1950}}

@article{bylinskii.2018,
	author = {Bylinskii, Zoya and Judd, Tilke and Oliva, Aude and Torralba, Antonio and Durand, Fr{\'e}do},
	journal = {IEEE transactions on pattern analysis and machine intelligence},
	number = {3},
	pages = {740--757},
	publisher = {IEEE},
	title = {What do different evaluation metrics tell us about saliency models?},
	volume = {41},
	year = {2018}}

@article{Chen.2012,
	author = {Chen, Li and Lin, DY and Zeng, Donglin},
	journal = {Biometrika},
	number = {3},
	pages = {615--630},
	publisher = {Oxford University Press},
	title = {Predictive accuracy of covariates for event times},
	volume = {99},
	year = {2012}}

@article{Chew.2001,
	author = {Chew, D. P. and Bhatt, D. L. and Robbins, M. A. and Penn, M. S. and Schneider, J. P. and Lauer, M. S. and Topol, E. J. and Ellis, S. G.},
	journal = {Circulation},
	number = {9},
	pages = {992-997},
	title = {Incremental Prognostic Value of Elevated Baseline C-Reactive Protein Among Established Markers of Risk in Percutaneous Coronary Intervention},
	volume = {104},
	year = {2001}}

@article{chicco.2021,
	author = {Chicco, Davide and Warrens, Matthijs J and Jurman, Giuseppe},
	journal = {IEEE Access},
	publisher = {IEEE},
	title = {The Matthews correlation coefficient MCC is more informative than Cohen's {Kappa and Brier} score in binary classification assessment},
	year = {2021}}

@article{cox.1972,
	author = {Cox, David R},
	journal = {Journal of the Royal Statistical Society: Series B (Methodological)},
	number = {2},
	pages = {187--202},
	publisher = {Wiley Online Library},
	title = {Regression models and life-tables},
	volume = {34},
	year = {1972}}

@article{Devlin.2021,
	author = {Devlin, Sean M and Heller, Glenn},
	journal = {Statistical methods in medical research},
	number = {3},
	pages = {816--825},
	publisher = {SAGE Publications Sage UK: London, England},
	title = {Concordance probability as a meaningful contrast across disparate survival times},
	volume = {30},
	year = {2021}}

@article{fan.2016,
	author = {Fan, Jun and Wu, Yirong and Yuan, Ming and Page, David and Liu, Jie and Ong, Irene M and Peissig, Peggy and Burnside, Elizabeth},
	journal = {Journal of Machine Learning Research},
	number = {1},
	pages = {2956--2970},
	publisher = {JMLR. org},
	title = {Structure-leveraged methods in breast cancer risk prediction},
	volume = {17},
	year = {2016}}

@article{Graf.1999,
	author = {Graf, E. and Schmoor, C. and Sauerbrei, W. and Schumacher, M.},
	journal = {Statistics in Medicine},
	number = {17-18},
	pages = {2529-2545},
	title = {Assessment and comparison of prognostic classification schemes for survival data},
	volume = {18},
	year = {1999}}

@article{HEaGerty.2005,
	author = {H Ea Gerty, P. J. , and Zheng, Y.},
	journal = {Biometrics},
	number = {1},
	pages = {92-105},
	title = {Survival Model Predictive Accuracy and {ROC} Curves},
	volume = {61},
	year = {2005}}

@article{Harrell.1982,
	author = {Harrell, F. E. Jun and Califf, R. M. and Pryor, D. B. and Lee, K. L. and Rosati, R. A.},
	journal = {JAMA The Journal of the American Medical Association},
	number = {18},
	pages = {2543-2546},
	title = {Evaluating the Yield of Medical Tests},
	volume = {247},
	year = {1982}}

@article{Harrell.1996,
	author = {Harrell, Frank and Lee, Kerry and MARK, DANIEL},
	journal = {Statistics in Medicine},
	month = {02},
	pages = {361-387},
	title = {MULTIVARIABLE PROGNOSTIC MODELS: ISSUES IN DEVELOPING MODELS, EVALUATING ASSUMPTIONS AND ADEQUACY, AND MEASURING AND REDUCING ERRORS},
	volume = {15},
	year = {1996}}

@inproceedings{Hernandez.2011,
	author = {Hernandez-Orallo, Jose and Flach, Peter and Ferri, C{\`e}sar},
	booktitle = {Proceedings of the 28th International Conference on Machine Learning, ICML 2011},
	month = {01},
	pages = {585-592},
	title = {Brier Curves: a New Cost-Based Visualisation of Classifier Performance.},
	year = {2011}}

@article{Hoora.2017,
	author = {HooraMoradian and DenisLarocque and FranoisBellavance},
	journal = {Lifetime Data Analysis},
	number = {4},
	pages = {671--691},
	title = {L1 splitting rules in survival forests},
	volume = {23},
	year = {2017}}

@article{hothorn.2015,
	author = {Hothorn, Torsten and Zeileis, Achim},
	journal = {Journal of Machine Learning Research},
	number = {1},
	pages = {3905--3909},
	publisher = {JMLR. org},
	title = {partykit: A modular toolkit for recursive partitioning in R},
	volume = {16},
	year = {2015}}

@inproceedings{hsu.2020,
	author = {Hsu, Te-Cheng and Lin, Che},
	booktitle = {2020 42nd Annual International Conference of the IEEE Engineering in Medicine \& Biology Society (EMBC)},
	organization = {IEEE},
	pages = {5669--5672},
	title = {Generative adversarial networks for robust breast cancer prognosis prediction with limited data size},
	year = {2020}}

@inproceedings{imani.2019,
	author = {Imani, Farhad and Chen, Ruimin and Tucker, Conrad and Yang, Hui},
	booktitle = {2019 IEEE 15th International Conference on Automation Science and Engineering (CASE)},
	organization = {IEEE},
	pages = {399--404},
	title = {Random forest modeling for survival analysis of cancer recurrences},
	year = {2019}}

@article{Ishwaran.2008,
	author = {Ishwaran, Hemant and Kogalur, Udaya B and Blackstone, Eugene H and Lauer, Michael S},
	journal = {The annals of applied statistics},
	number = {3},
	pages = {841--860},
	publisher = {Institute of Mathematical Statistics},
	title = {Random survival forests},
	volume = {2},
	year = {2008}}

@article{Ivanescu.2015,
	author = {Ivanescu, AE and Li, Peng and George, B and Brown, Andrew and Keith, Scott and Raju, Dheeraj and Allison, David},
	journal = {International journal of obesity (2005)},
	month = {10},
	title = {The importance of prediction model validation and assessment in obesity and nutrition research},
	volume = {40},
	year = {2015}}

@article{Ji.2020,
	author = {Ji, Gu-Wei and Zhu, Fei-Peng and Xu, Qing and Wang, Ke and Wu, Ming-Yu and Tang, Wei-Wei and Li, Xiang-Cheng and Wang, Xue-Hao},
	journal = {Radiology},
	number = {3},
	pages = {568--579},
	publisher = {Radiological Society of North America},
	title = {Radiomic features at contrast-enhanced CT predict recurrence in early stage hepatocellular carcinoma: a multi-institutional study},
	volume = {294},
	year = {2020}}

@article{Jing.2019,
	author = {Jing, B. and Zhang, T. and Wang, Z. and Jin, Y. and Li, C.},
	journal = {Artificial intelligence in medicine},
	pages = {1-9},
	title = {A deep survival analysis method based on ranking},
	volume = {98},
	year = {2019}}

@article{Kang.2015,
	author = {Kang, L. and Chen, W. and Petrick, N. A. and Gallas, B. D.},
	journal = {Statistics in Medicine},
	number = {4},
	title = {Comparing two correlated C indices with right-censored survival outcome: a one-shot nonparametric approach.},
	volume = {34},
	year = {2015}}

@article{Klein.2010,
	author = {Klein, J. P. and Moeschberger, M. L.},
	journal = {Biometrics},
	number = {467},
	pages = {900-901},
	title = {Survival Analysis: Techniques for Censored and Truncated Data},
	volume = {99},
	year = {2010}}

@article{Korn.1990,
	author = {E. Korn and R. Simon},
	journal = {Statistics in medicine},
	pages = {487-503},
	title = {Measures of explained variation for survival data.},
	volume = {9 5},
	year = {1990}}

@inproceedings{Lee.2018,
	author = {Lee, Changhee and Zame, William and Yoon, Jinsung and van der Schaar, Mihaela},
	booktitle = {Proceedings of the AAAI Conference on Artificial Intelligence},
	number = {1},
	title = {Deephit: A deep learning approach to survival analysis with competing risks},
	volume = {32},
	year = {2018}}

@article{leppaaho.2017,
	author = {Lepp{\"a}aho, Eemeli and Ammad-ud-din, Muhammad and Kaski, Samuel},
	journal = {Journal of Machine Learning Research},
	number = {1},
	pages = {1294--1298},
	publisher = {JMLR. org},
	title = {GFA: exploratory analysis of multiple data sources with group factor analysis},
	volume = {18},
	year = {2017}}

@inproceedings{Li.2016,
	author = {Li, Yan and Wang, Jie and Ye, Jieping and Reddy, Chandan K},
	booktitle = {Proceedings of the 22nd ACM SIGKDD International Conference on Knowledge Discovery and Data Mining},
	pages = {1715--1724},
	title = {A multi-task learning formulation for survival analysis},
	year = {2016}}

@article{Li.2021,
	author = {Li, Zhizhen and Yuan, Lei and Zhang, Chen and Sun, Jiaxing and Wang, Zeyuan and Wang, Yu and Hao, Xin and Gao, Fei and Jiang, Xiaoqing},
	doi = {10.3389/fonc.2020.576901},
	issn = {2234-943X},
	journal = {Frontiers in Oncology},
	pages = {3146},
	title = {A Novel Prognostic Scoring System of Intrahepatic Cholangiocarcinoma With Machine Learning Basing on Real-World Data},
	volume = {10},
	year = {2021},
	bdsk-url-1 = {https://doi.org/10.3389/fonc.2020.576901}}

@article{Obuchowski.2006,
	author = {Obuchowski, N. A.},
	journal = {Statistics in Medicine},
	number = {3},
	pages = {481-493},
	title = {An {ROC}-type measure of diagnostic accuracy when the gold standard is continuous-scale},
	volume = {25},
	year = {2006}}

@inproceedings{pakbin.2018,
	author = {Pakbin, Arash and Rafi, Parvez and Hurley, Nate and Schulz, Wade and Krumholz, M Harlan and Mortazavi, J Bobak},
	booktitle = {2018 40th Annual International Conference of the IEEE Engineering in Medicine and Biology Society (EMBC)},
	organization = {IEEE},
	pages = {4932--4935},
	title = {Prediction of ICU readmissions using data at patient discharge},
	year = {2018}}

@inproceedings{perianez.2016,
	author = {Peri{\'a}{\~n}ez, {\'A}frica and Saas, Alain and Guitart, Anna and Magne, Colin},
	booktitle = {2016 IEEE International Conference on Data Science and Advanced Analytics (DSAA)},
	organization = {IEEE},
	pages = {564--573},
	title = {Churn prediction in mobile social games: Towards a complete assessment using survival ensembles},
	year = {2016}}

@inproceedings{PowersDavid.2013,
	address = {Berlin, Heidelberg},
	author = {Powers, David M. W.},
	booktitle = {Advances in Brain Inspired Cognitive Systems},
	isbn = {978-3-642-38786-9},
	pages = {145--156},
	publisher = {Springer Berlin Heidelberg},
	title = {A Computationally and Cognitively Plausible Model of Supervised and Unsupervised Learning},
	year = {2013}}

@article{Schemper.1992,
	author = {Schemper, M.},
	journal = {Biometrika},
	number = {1},
	pages = {202-204},
	title = {The explained variation in proportional hazards regression},
	volume = {79},
	year = {1992}}

@article{Sonabend.2020,
	author = {Sonabend, Raphael and Kir{\'a}ly, Franz J and Bender, Andreas and Bischl, Bernd and Lang, Michel},
	journal = {arXiv preprint arXiv:2008.08080},
	title = {mlr3proba: An R Package for Machine Learning in Survival Analysis},
	year = {2020}}

@article{Steingrimsson.2019,
	author = {Steingrimsson, J. A. and Diao, L. and Strawderman, R. L.},
	journal = {Journal of the American Statistical Association},
	title = {Censoring Unbiased Regression Trees and Ensembles},
	volume = {114},
	year = {2019}}

@article{Steyerberg.2010,
	author = {Steyerberg, E. W. and Vickers, A. J. and Cook, N. R. and Gerds, T. A. and Gonen, M. and Obuchowski, N. and Pencina, M. and Kattan, M. W.},
	journal = {Epidemiology},
	number = {1},
	pages = {128-138},
	title = {Assessing the performance of prediction models: a framework for traditional and novel measures},
	volume = {21},
	year = {2010}}

@inproceedings{subramanian.2020,
	author = {Subramanian, Vaishnavi and Do, Minh N and Syeda-Mahmood, Tanveer},
	booktitle = {2020 IEEE 17th International Symposium on Biomedical Imaging (ISBI)},
	organization = {IEEE},
	pages = {804--808},
	title = {Multimodal fusion of imaging and genomics for lung cancer recurrence prediction},
	year = {2020}}

@Manual{Rcore.2013,
	author = {Team, R Core and others},
	publisher = {Vienna, Austria},
	title = {R: A language and environment for statistical computing},
	year = {2013}}

@article{uno.2011,
	author = {Uno, Hajime and Cai, Tianxi and Pencina, Michael and D'Agostino, Ralph and Wei, Leejen},
	journal = {Statistics in medicine},
	month = {05},
	pages = {1105-17},
	title = {On the C-statistics for Evaluating Overall Adequacy of Risk Prediction Procedures with Censored Survival Data},
	volume = {30},
	year = {2011}}

@article{Wang.2019,
	author = {Wang, Ping and Li, Yan and Reddy, Chandan K},
	journal = {ACM Computing Surveys (CSUR)},
	number = {6},
	pages = {1--36},
	publisher = {ACM New York, NY, USA},
	title = {Machine learning for survival analysis: A survey},
	volume = {51},
	year = {2019}}

@article{wang.2016,
	author = {Wang, Yuanjia and Chen, Tianle and Zeng, Donglin},
	journal = {Journal of Machine Learning Research},
	number = {1},
	pages = {5825--5861},
	publisher = {JMLR. org},
	title = {Support vector hazards machine: A counting process framework for learning risk scores for censored outcomes},
	volume = {17},
	year = {2016}}

@article{wiens.2016,
	author = {Wiens, Jenna and Guttag, John and Horvitz, Eric},
	journal = {Journal of Machine Learning Research},
	number = {1},
	pages = {2797--2819},
	publisher = {JMLR. org},
	title = {Patient risk stratification with time-varying parameters: a multitask learning approach},
	volume = {17},
	year = {2016}}

@article{Wijethilake.2021,
	author = {Wijethilake, N. and Meedeniya, D. and Chitraranjan, C. and Perera, I. and Ren, H.},
	journal = {IEEE Access},
	pages = {43168-43191},
	title = {Glioma Survival Analysis Empowered With Data Engineering---A Survey},
	volume = {9},
	year = {2021}}

@article{zadeh.2020,
	author = {Zadeh, Shekoufeh Gorgi and Schmid, Matthias},
	journal = {IEEE transactions on pattern analysis and machine intelligence},
	publisher = {IEEE},
	title = {Bias in cross-entropy-based training of deep survival networks},
	year = {2020}}

@article{zhang.2021,
	author = {Zhang, Liwen and Dong, Di and Zhong, Lianzhen and Li, Cong and Hu, Chaoen and Yang, Xin and Liu, Zaiyi and Wang, Rongpin and Zhou, Junlin and Tian, Jie},
	journal = {IEEE Journal of Biomedical and Health Informatics},
	publisher = {IEEE},
	title = {Multi-focus Network to Decode Imaging Phenotype for Overall Survival Prediction of Gastric Cancer Patients.},
	year = {2021}}

@article{Zhu.2012,
	author = {Zhu, Ruoqing and Kosorok, Michael R},
	journal = {Journal of the American Statistical Association},
	number = {497},
	pages = {331--340},
	publisher = {Taylor \& Francis},
	title = {Recursively imputed survival trees},
	volume = {107},
	year = {2012}}

@article{Zou.2021,
	author = {Zou, Y. and Fan, G. and Zhang, R.},
	journal = {Journal of Systems Science and Complexity},
	number = {2},
	pages = {735-758},
	title = {Integrated Square Error of Hazard Rate Estimation for Survival Data with Missing Censoring Indicators},
	volume = {34},
	year = {2021}}

@manual{Hmisc.2019,
	author = {Frank E {Harrell Jr}},
	note = {R package version 4.6-0},
	title = {Hmisc: Harrell Miscellaneous},
	url = {https://CRAN.R-project.org/package=Hmisc},
	year = {2021},
	bdsk-url-1 = {https://CRAN.R-project.org/package=Hmisc}}

@manual{ipred.2009,
	author = {Andrea Peters and Torsten Hothorn},
	note = {R package version 0.9-12},
	title = {ipred: Improved Predictors},
	url = {https://CRAN.R-project.org/package=ipred},
	year = {2021},
	bdsk-url-1 = {https://CRAN.R-project.org/package=ipred}}

@article{survcomp.2011,
	author = {Schr{\"o}der, Markus S and Culhane, Aed{\'\i}n C and Quackenbush, John and Haibe-Kains, Benjamin},
	journal = {Bioinformatics},
	number = {22},
	pages = {3206--3208},
	publisher = {Oxford University Press},
	title = {survcomp: an {R}/Bioconductor package for performance assessment and comparison of survival models},
	volume = {27},
	year = {2011}}

@manual{survival.2014,
	author = {Terry M Therneau},
	note = {R package version 3.2-13},
	title = {A Package for Survival Analysis in R},
	url = {https://CRAN.R-project.org/package=survival},
	year = {2021},
	bdsk-url-1 = {https://CRAN.R-project.org/package=survival}}
