@book{Ardia,
author = {D.~{Ardia}},
title = {{Financial Risk Management with Bayesian Estimation of GARCH Models: Theory and Applications, volume 612 of Lecture Notes in Economics and Mathematical Systems}},
publisher = {Springer-Verlag Berlin Germany June},
year = {2008},
url = {http://www.springer.com/economics/econometrics/book/978-3-540-78656-6},
isbn = {978-3-540-78656-6}
}
@book{bayesGARCH,
author = {D.~{Ardia}},
title = {{bayesGARCH: Bayesian Estimation of the GARCH(1,1) Model with Student-t Innovations in R, }},
publisher = {R~package version~1.00-05},
year = {2007},
url = {http://CRAN.R-project.org/package=bayesGARCH}
}
@book{Bollerslev:86,
author = {T.~{Bollerslev}},
title = {{Generalized autoregressive conditional heteroskedasticity}},
publisher = {Journal of Econometrics 31 (3): ,Apr},
pages = {307--327},
year = {1986}
}
@book{Deschamps:06,
author = {P.~J. {Deschamps}},
title = {{A flexible prior distribution for Markov switching autoregressions with Student-t errors}},
publisher = {Journal of Econometrics 133 (1): ,July},
pages = {153--190},
year = {2006}
}
@book{Engle:82,
author = {R.~F. {Engle}},
title = {{Autoregressive conditional heteroscedasticity with estimates of the variance of United Kingdom inflation}},
publisher = {Econometrica 50 (4):  July},
pages = {987--1008},
year = {1982}
}
@book{Gelman:Rubin:92,
author = {A.~{Gelman and D.~B. Rubin}},
title = {{Inference from iterative simulation using multiple sequences}},
publisher = {Statistical Science 7 (4):  Nov.},
pages = {457--472},
year = {1992}
}
@book{Geweke:04,
author = {J.~F. {Geweke}},
title = {{Getting it right: Joint distribution tests of posterior simulators}},
publisher = {Journal of the American Statistical Association 99(467):  Sept},
pages = {799--804},
year = {2004}
}
@book{Geweke:93,
author = {J.~F. {Geweke}},
title = {{Bayesian treatment of the independent Student-t linear model}},
publisher = {Journal of Applied Econometrics 8 (S1):S19--S40 Dec},
year = {1993}
}
@book{rgarch,
author = {A.~{Ghalanos}},
title = {{rgarch: Flexible GARCH modelling in R, }},
year = {2010},
url = {http://r-forge.r-project.org/projects/rgarch}
}
@book{Hastings:70,
author = {W.~K. {Hastings}},
title = {{Monte Carlo sampling methods using Markov chains and their applications}},
publisher = {Biometrika 57 (1):  Apr},
pages = {97--109},
year = {1970}
}
@book{Koop:03,
author = {G.~{Koop}},
title = {{Bayesian Econometrics}},
publisher = {Wiley-Interscience London UK},
year = {2003},
isbn = {0470845678}
}
@book{Metropolis:Rosenbluth:Rosenbluth:Teller:Teller:53,
author = {N.~{Metropolis, A.~W. Rosenbluth, M.~N. Rosenbluth, A.~H. Teller, and E.~Teller}},
title = {{Equations of state calculations by fast computing machines}},
publisher = {Journal of Chemical Physics 21 (6): June},
pages = {1087--1092},
year = {1953}
}
@book{Nakatsuma:98,
author = {T.~{Nakatsuma}},
title = {{A Markov-chain sampling algorithm for GARCH models}},
publisher = {Studies in Nonlinear Dynamics and Econometrics 3(2):  July    Algorithm nr.1},
pages = {107--117},
year = {1998},
url = {http://www.bepress.com/snde/vol3/iss2/algorithm1/}
}
@book{Plummer:Best:Cowles:Vines:06,
author = {M.~{Plummer, N. Best, K. Cowles, and K.~Vines}},
title = {{CODA: Convergence diagnosis and output analysis for MCMC}},
publisher = {R News 6 (1):  Mar},
pages = {7--11},
year = {2006}
}
@book{coda,
author = {M.~{Plummer, N. Best, K. Cowles, and K.~Vines}},
title = {{coda: Output analysis and diagnostics for MCMC, }},
publisher = {R~package version~0.13-5},
year = {2010},
url = {http://CRAN.R-project.org/package=coda}
}
@book{foreach,
author = {R{Evolution Computing}},
title = {{foreach: Foreach looping construct for R, }},
year = {2009},
url = {http://CRAN.R-project.org/package=foreach}
}
@book{Ritter:Tanner:92,
author = {C.~{Ritter and M.~A. Tanner}},
title = {{Facilitating the Gibbs sampler: The Gibbs stopper and the Griddy-Gibbs sampler}},
publisher = {Journal of the American Statistical Association 87(419):  Sept},
pages = {861--868},
year = {1992}
}
@book{tseries,
author = {A.~{Trapletti and K.~Hornik}},
title = {{tseries: Time series analysis and computational finance, }},
year = {2009},
url = {http://CRAN.R-project.org/package=tseries}
}
@book{fGarch,
author = {D.~{Wuertz and Y.~Chalabi}},
title = {{fGarch: Rmetrics - Autoregressive Conditional Heteroskedastic Modelling, }},
year = {2009},
url = {http://CRAN.R-project.org/package=fGarch}
}



