@Article{BDHP03,
  author =	 {Heinz H. Bauschke and Frank Deutsch and Hein Hundal
                  and Sung-Ho Park},
  title =	 {Accelerating the convergence of the method of
                  alternating projections},
  journal =	 {Transactions of the American Mathematical Society},
  year =	 2003,
  volume =	 355,
  number =	 9,
  url =
                  {http://www.ams.org/journals/tran/2003-355-09/S0002-9947-03-03136-2},
  pages =	 {3433--3461}
}

@Misc{a2reg,
  title =	 {{A2REG}: {S}tata module to estimate models with two
                  fixed effects},
  author =	 {Amine Ouazad},
  year =	 2008,
  howpublished = {Statistical Software Components, Boston College
                  Department of Economics},
  url =
                  {http://econpapers.repec.org/RePEc:boc:bocode:s456942},
}

@TechReport{ack02,
  author =	 {J. M. Abowd and R. H. Creecy and F. Kramarz},
  title =	 {Computing Person and Firm Effects Using Linked
                  Longitudinal Employer-Employee Data},
  institution =	 {Center for Economic Studies, U.S. Census Bureau},
  type =	 {Longitudinal Employer-Household Dynamics Technical
                  Papers},
  url =		 {http://ideas.repec.org/p/cen/tpaper/2002-06.html},
  number =	 {2002-06},
  year =	 2002,
}

@Article{akm99,
  author =	 {J. M. Abowd and F. Kramarz and D. N. Margolis},
  title =	 {High Wage Workers and High Wage Firms},
  journal =	 {Econometrica},
  year =	 1999,
  volume =	 67,
  number =	 2,
  pages =	 {251--333},
  doi =		 {10.1111/1468-0262.00020},
  url =		 {http://www.jstor.org/stable/2999586},
}

@Article{aron50,
  author =	 {L. Aronszajn},
  title =	 {Theory of Reproducing Kernels},
  journal =	 {Transactions of the American Mathematical Society},
  volume =	 68,
  year =	 1950,
  pages =	 {337--404},
  url =
                  {http://www.ams.org/journals/tran/1950-068-03/S0002-9947-1950-0051437-7},
}

@Article{bgm12,
  author =	 {C. Badea and S. Grivaux and V. M{\"u}ller},
  title =	 {The rate of convergence in the method of alternating
                  projections},
  journal =	 {St. Petersburg Mathematical Journal},
  year =	 2012,
  volume =	 23,
  note =	 {preprint in arXiv:1006.2047},
  url =
                  {http://www.ams.org/journals/spmj/2012-23-03/S1061-0022-2012-01202-1},
  pages =	 {413--434},
}

@Article{corn08,
  author =	 {T. Corneli{\ss}en},
  title =	 {The {S}tata command felsdvreg to fit a linear model
                  with two high-dimensional fixed effects},
  journal =	 {Stata Journal},
  publisher =	 {Stata Press},
  address =	 {College Station, TX},
  volume =	 8,
  number =	 2,
  year =	 2008,
  pages =	 {170--189},
  url =
                  {http://www.stata-journal.com/article.html?article=st0143},
}

@Article{dh97,
  title =	 {The rate of convergence for the method of
                  alternating projections, {II}},
  journal =	 {Journal of Mathematical Analysis and Applications},
  volume =	 205,
  number =	 2,
  pages =	 {381--405},
  year =	 1997,
  issn =	 {0022-247X},
  doi =		 {10.1006/jmaa.1997.5202},
  url =
                  {http://www.sciencedirect.com/science/article/pii/S0022247X97952021},
  author =	 {F. Deutsch and H. Hundal},
}

@Article{eh74,
  author =	 {J. A. Eccleston and A. Hedayat},
  title =	 {On the theory of connected designs: Characterization
                  and optimality},
  journal =	 {The Annals of Statistics},
  url =		 {http://www.jstor.org/stable/2958341},
  year =	 1974,
  volume =	 2,
  number =	 6,
  pages =	 {1238--1255},
}

@Article{gg01,
  author =	 {J. D. Godolphin and E. J. Godolphin},
  title =	 {On the connectivity of row-column designs},
  journal =	 {Utilitas Mathematica},
  year =	 2001,
  pages =	 {51--65},
  volume =	 60,
}

@Article{gk89,
  title =	 {Acceleration schemes for the method of alternating
                  projections},
  journal =	 {Journal of Computational and Applied Mathematics},
  volume =	 26,
  number =	 3,
  pages =	 {235--249},
  year =	 1989,
  issn =	 {0377-0427},
  doi =		 {10.1016/0377-0427(89)90296-3},
  author =	 {W. B. Gearhart and M. Koshy},
  url =
                  {http://www.sciencedirect.com/science/article/pii/0377042789902963},
}

@Article{gp10,
  author =	 {P. Guimar{\~a}es and P. Portugal},
  title =	 {A simple feasible procedure to fit models with
                  high-dimensional fixed effects},
  journal =	 {Stata Journal},
  publisher =	 {Stata Press},
  address =	 {College Station, TX},
  volume =	 10,
  number =	 4,
  year =	 2010,
  pages =	 {628--649},
  url =
                  {http://www.stata-journal.com/article.html?article=st0212},
}

@Article{gs13,
  title =	 {{OLS} with multiple high dimensional category
                  variables},
  journal =	 {Computational Statistics \& Data Analysis},
  volume =	 66,
  pages =	 {8--18},
  year =	 2013,
  issn =	 {0167-9473},
  doi =		 {http://dx.doi.org/10.1016/j.csda.2013.03.024},
  url =
                  {http://www.sciencedirect.com/science/article/pii/S0167947313001266},
  author =	 {Simen Gaure},
}

@Article{halp62,
  author =	 {I. Halperin},
  title =	 {The Product of Projection Operators},
  journal =	 {Acta Scientiarum Mathematicarum (Szeged)},
  url =
                  {http://acta.fyx.hu/acta/showCustomerArticle.action?id=7164&dataObjectType=article},
  volume =	 23,
  number =	 {1-2},
  year =	 1962,
  pages =	 {96--99},
}

@Article{kac37,
  author =	 {A. Kaczmarz},
  title =	 {{Angen\"aherte Aufl\"osung von Systemen linearer
                  Gleichungen}},
  journal =	 {Bulletin International de l'Academie Polonaise des
                  Sciences et des Lettres. Classe de Sciences
                  Math\'ematiques et Naturelles.},
  year =	 1937,
  pages =	 {355--357},
  volume =	 35,
  note =	 {S\'erie A, Sciences Math\'ematiques},
}

@Article{kw88,
  author =	 {S. Kayalar and H. L. Weinert},
  title =	 {Error Bounds for the Method of Alternating
                  Projections},
  journal =	 {Mathematics of Control, Signals and Systems},
  doi =		 {10.1007/BF02551235},
  url =
                  {http://link.springer.com/article/10.1007\%2FBF02551235},
  year =	 1988,
  volume =	 1,
  issue =	 1,
  pages =	 {43--59},
}

@TechReport{mr12,
  author =	 {S. Markussen and K. R{\o}ed},
  title =	 {Social Insurance Networks},
  year =	 2012,
  institution =	 {Institute for the Study of Labor (IZA)},
  type =	 {IZA Discussion Papers},
  url =		 {http://ideas.repec.org/p/iza/izadps/dp6446.html},
  number =	 6446,
}

@InCollection{njh90,
  author =	 {N. J. Higham},
  title =	 {Analysis of the {Cholesky} Decomposition of a
                  Semi-definite Matrix},
  booktitle =	 {Reliable Numerical Computation},
  pages =	 {161--185},
  publisher =	 {Oxford University Press},
  year =	 1990,
  editor =	 {M. G. Cox and S. J. Hammarling},
  chapter =	 9,
  note =	 {eprint: http://eprints.ma.man.ac.uk/1193},
}

@Misc{pcomm:sm13,
  author =	 {Simen Markussen},
  howpublished = {Personal Communication},
  year =	 2013,
}

@Article{r:igraph,
  title =	 {The igraph software package for complex network
                  research},
  author =	 {Gabor Csardi and Tamas Nepusz},
  journal =	 {InterJournal},
  volume =	 {Complex Systems},
  pages =	 1695,
  year =	 2006,
  url =		 {http://igraph.sf.net},
}

@Manual{r:lfe,
  title =	 {lfe: Linear group fixed effects},
  author =	 {Simen Gaure},
  year =	 2013,
  note =	 {R package version 1.5-1107},
  url =		 {http://CRAN.R-project.org/package=lfe},
}

@Manual{r:matrix,
  title =	 {Matrix: Sparse and dense matrix classes and methods},
  author =	 {Douglas Bates and Martin Maechler},
  year =	 2013,
  note =	 {R package version 1.0-15},
  url =		 {http://CRAN.R-project.org/package=Matrix},
}

@Manual{r:multicore,
  title =	 {multicore: Parallel processing of R code on machines
                  with multiple cores or CPUs},
  author =	 {Simon Urbanek},
  year =	 2011,
  note =	 {R package version 0.1-7},
  url =		 {http://CRAN.R-project.org/package=multicore},
}

@Article{r:plm,
  title =	 {Panel data econometrics in {R}: The {plm} package},
  author =	 {Yves Croissant and Giovanni Millo},
  journal =	 {Journal of Statistical Software},
  year =	 2008,
  volume =	 27,
  number =	 2,
  url =		 {http://www.jstatsoft.org/v27/i02/},
}

@Misc{reg2hdfe,
  author =	 {Paulo Guimar{\~a}es},
  title =	 {{REG2HDFE}: {Stata} module to estimate a linear
                  regression model with two high dimensional fixed
                  effects},
  year =	 2009,
  howpublished = {Statistical Software Components, Boston College
                  Department of Economics},
  url =		 {http://ideas.repec.org/c/boc/bocode/s457101.html},
}

@Manual{stata,
  author =	 {{StataCorp.}},
  title =	 {Stata Data Analysis Statistical Software:
                  Release~13},
  year =	 2013,
  organization = {StataCorp LP},
  address =	 {College Station, TX},
  url =		 {http://www.stata.com/},
}

@TechReport{tpag13,
  author =	 {S. M. Torres and P. Portugal and J. T. Addison and
                  P. Guimar{\~a}es},
  title =	 {The sources of wage variation: A three-way
                  high-dimensional fixed effects regression model},
  year =	 2013,
  institution =	 {Institute for the Study of Labor (IZA)},
  type =	 {IZA Discussion Paper},
  url =		 {http://ssrn.com/abstract=2238309},
  number =	 7276,
}

@Book{wooldridge2002,
  author =	 {Jeffrey M. Wooldridge},
  title =	 {Econometric Analysis of Cross Section and Panel
                  Data},
  publisher =	 {The MIT Press},
  year =	 2002,
}

@Article{ww64,
  author =	 {D. L. Weeks and D. R. Williams},
  title =	 {A note on the determination of connectedness in an
                  {N}-way cross classification},
  journal =	 {Technometrics},
  year =	 1964,
  volume =	 6,
  number =	 3,
  pages =	 {319--324},
  doi =		 {10.1080/00401706.1964.10490188},
  url =
                  {http://www.tandfonline.com/doi/abs/10.1080/00401706.1964.10490188},
}

@article{CGP12,
  author =	 {A. Carneiro and P. Guimar{\~a}es and P. Portugal},
  title =	 {Real wages and the business cycle: Accounting for
                  worker and firm heterogeneity},
  journal =	 {American Economic Journal: Macroeconomics},
  year =	 2012,
  month =	 apr,
  pages =	 {133--152},
  volume =	 4,
  number =	 2,
  doi =		 "doi:10.1257/mac.4.2.133",
  url =
                  "http://www.ingentaconnect.com/content/aea/aejma/2012/00000004/00000002/art00005"
}

@book{BGM12,
author = {C.~{Badea, S.~Grivaux, and V.~M{\"u}ller}},
title = {{The rate of convergence in the method of alternating projections}},
publisher = {St Petersburg Mathematical Journal 23:   preprint in arXiv:1006.2047},
pages = {413--434},
year = {2012},
url = {http://www.ams.org/journals/spmj/2012-23-03/S1061-0022-2012-01202-1}
}
@book{R:Matrix,
author = {D.~{Bates and M.~Maechler}},
title = {{Matrix: Sparse and dense matrix classes and methods, }},
publisher = {R package version 1.0-15},
year = {2013},
url = {http://CRAN.R-project.org/package=Matrix}
}
@book{R:plm,
author = {Y.~{Croissant and G.~Millo}},
title = {{Panel data econometrics in R: The plm package}},
publisher = {Journal of Statistical Software 27 (2)},
year = {2008},
url = {http://www.jstatsoft.org/v27/i02/}
}
@book{R:igraph,
author = {G.~{Csardi and T.~Nepusz}},
title = {{The igraph software package for complex network research}},
publisher = {InterJournal Complex Systems: 1695},
year = {2006},
url = {http://igraph.sf.net}
}
@book{DH97,
author = {F.~{Deutsch and H.~Hundal}},
title = {{The rate of convergence for the method of alternating projections, II}},
publisher = {Journal of Mathematical Analysis and Applications,205 (2):   ISSN 0022-247X doi10.1006/jmaa..5202},
pages = {381--405},
year = {1997},
url = {http://www.sciencedirect.com/science/article/pii/S0022247X97952021}
}
@book{EH74,
author = {J.~A. {Eccleston and A.~Hedayat}},
title = {{On the theory of connected designs: Characterization and optimality}},
publisher = {The Annals of Statistics 2 (6):},
pages = {1238--1255},
year = {1974},
url = {http://www.jstor.org/stable/2958341}
}
@book{GS13,
author = {S.~{Gaure}},
title = {{OLS with multiple high dimensional category variables}},
publisher = {Computational Statistics & Data Analysis 66: ,natexlaba ISSN 0167-9473 doi},
pages = {8--18},
year = {2013},
url = {http://dx.doi.org/10.1016/j.csda.2013.03.024}
}
@book{R:lfe,
author = {S.~{Gaure}},
title = {{lfe: Linear group fixed effects, natexlabb}},
publisher = {R package version 1.5-1107},
year = {2013},
url = {http://CRAN.R-project.org/package=lfe}
}
@book{GK89,
author = {W.~B. {Gearhart and M.~Koshy}},
title = {{Acceleration schemes for the method of alternating projections}},
publisher = {Journal of Computational and Applied Mathematics 26(3):   ISSN 0377-0427 doi10.1016/0377-0427(89)90296-3},
pages = {235--249},
year = {1989},
url = {http://www.sciencedirect.com/science/article/pii/0377042789902963}
}
@book{GG01,
author = {J.~D. {Godolphin and E.~J. Godolphin}},
title = {{On the connectivity of row-column designs}},
publisher = {Utilitas Mathematica 60:},
pages = {51--65},
year = {2001}
}
@book{GP10,
author = {P.~{Guimar{\~a}es and P.~Portugal}},
title = {{A simple feasible procedure to fit models with high-dimensional fixed effects}},
publisher = {Stata Journal 10 (4):},
pages = {628--649},
year = {2010},
url = {http://www.stata-journal.com/article.html?article=st0212}
}
@book{Halp62,
author = {I.~{Halperin}},
title = {{The product of projection operators}},
publisher = {Acta Scientiarum Mathematicarum (Szeged) 23(1-2):},
pages = {96--99},
year = {1962},
url = {http://acta.fyx.hu/acta/showCustomerArticle.action?id=7164&dataObjectType=article}
}
@book{NJH90,
author = {N.~J. {Higham}},
title = {{Analysis of the Cholesky decomposition of a semi-definite matrix}},
publisher = {In M.~G Cox and S.~J Hammarling editors Reliable NumericalComputation chapter~9 pages  Oxford University Press  eprint:},
pages = {161--185},
year = {1990},
url = {http://eprints.ma.man.ac.uk/1193}
}
@book{KW88,
author = {S.~{Kayalar and H.~L. Weinert}},
title = {{Error bounds for the method of alternating projections}},
publisher = {Mathematics of Control Signals and Systems 1:  doi10.1007/BF02551235},
pages = {43--59},
year = {1988},
url = {http://link.springer.com/article/10.1007%2FBF02551235}
}
@book{pcomm:SM13,
author = {S.~{Markussen}},
title = {{}},
publisher = {Personal Communication},
year = {2013}
}
@book{MR12,
author = {S.~{Markussen and K.~R{\o}ed}},
title = {{Social insurance networks}},
publisher = {IZA Discussion Papers 6446 Institute for the Study of Labor (IZA)},
year = {2012},
url = {http://ideas.repec.org/p/iza/izadps/dp6446.html}
}
@book{TPAG13,
author = {S.~M. {Torres, P.~Portugal, J.~T. Addison, and P.~Guimar{\~a}es}},
title = {{The sources of wage variation: A three-way high-dimensional fixed effects regression model}},
publisher = {IZA Discussion Paper 7276 Institute for the Study of Labor (IZA)},
year = {2013},
url = {http://ssrn.com/abstract=2238309}
}
@book{R:multicore,
author = {S.~{Urbanek}},
title = {{multicore: Parallel processing of R code on machines with multiple cores or CPUs, }},
publisher = {R package version 0.1-7},
year = {2011},
url = {http://CRAN.R-project.org/package=multicore}
}
@book{WW64,
author = {D.~L. {Weeks and D.~R. Williams}},
title = {{A note on the determination of connectedness in an N-way cross classification}},
publisher = {Technometrics 6 (3):   doi10.1080/00401706..10490188},
pages = {319--324},
year = {1964},
url = {http://www.tandfonline.com/doi/abs/10.1080/00401706.1964.10490188}
}

