@Article{hall66,
  title = {Trial of Ranked Set Sampling for Forage Yields},
  author = {L. S. Halls and T. R. Dell},
  journal = {Forest Science},
  volume = {12},
  pages = {22-26},
  year = {1966},
  url = {https://doi.org/10.1093/forestscience/12.1.22},
}

@Article{al2014review,
  title = {Review of Ranked Set Sampling: Modifications and Applications},
  author = {Amer Ibrahim Al-Omari and Carlos N Bouza},
  journal = {Revista Investigaci{\'o}n Operacional},
  number = {35},
  volume = {3},
  pages = {215--240},
  year = {2014},
}

@Article{takwak68,
  author = {K. Takahasi and K. Wakimoto},
  title = {On Unbiased Estimates of the Population Mean Based on the Sample Stratified by Means of Ordering},
  journal = {Annals of the Institute of Statistical Mathematics},
  year = {1968 },
  volume = {20:1 },
  pages = {1–31 },
  url = {https://doi.org/10.1007/BF02911622},
}

@Article{dellclut,
  author = {T. R. Dell and J. L. Clutter},
  title = {Ranked Set Sampling Theory with Order Statistics Background},
  journal = {Biometrika},
  year = {1972 },
  volume = {28},
  pages = {545-555},
  url = {https://doi.org/10.2307/2556166},
}

@Article{david72,
  title = {Ranked Set Sampling in the Presence of Judgment Error},
  author = {H. A. David and D. N. Levine},
  journal = {Biometrics},
  volume = {28},
  pages = {553-555},
  year = {1972},
}

@Article{stok77,
  title = {Ranked Set Sampling with Concomitant Variables},
  author = {S. L. Stokes},
  journal = {Communications in Statistics - Theory and Methods},
  volume = {12},
  pages = {1207--1211},
  year = {1977},
  url = {https://doi.org/10.1080/03610927708827563},
}

@Article{stok80,
  title = {Inferences on the Correlation Coefficient in Bivariate Normal Populations from Ranked Set Samples},
  author = {S. L. Stokes},
  journal = {Journal of the American Statistical Association},
  volume = {75},
  pages = {989--995},
  year = {1980},
  url = {https://doi.org/10.1080/01621459.1980.10477584},
}

@Article{stokvar,
  title = {Estimation of Variance Using Judgment Ordered Ranked Set Samples},
  author = {S. L. Stokes},
  journal = {Biometrics},
  volume = {36},
  pages = {35--42},
  year = {1980},
  url = {https://doi.org/10.2307/2530493},
}

@Article{stoksag,
  title = {Characterization of a Ranked Set Sample with Application to Estimating Distribution Functions},
  author = {S. L. Stokes and T. W. Sager},
  journal = {Journal of the American Statistical Association},
  volume = {83},
  pages = {374--381},
  year = {1988},
  url = {https://doi.org/10.1080/01621459.1988.10478607},
}

@Article{kvam,
  title = {On the Inadmissibility of Empirical Averages as Estimators in Ranked Set Sampling},
  author = {P. H. Kvam and F. J. Samaniego},
  journal = {Journal of Statistical Planning and Inference},
  volume = {36},
  pages = {39--55},
  year = {1993},
  url = {https://doi.org/10.1016/0378-3758(93)90100-K},
}

@Article{chen00,
  title = {On Ranked-Set Sample Quantiles and Their Applications},
  author = {Z. Chen},
  journal = {Journal of Statistical Planning and Inference},
  volume = {83},
  pages = {125--135},
  year = {2000},
  url = {https://doi.org/10.1016/S0378-3758(99)00071-3},
}

@Article{bohn92,
  author = {L. L. Bohn and D. A. Wolfe},
  title = {Nonparametric Two Sample Procedures for Ranked-Set Sampling Data},
  journal = {Journal of the American Statistical Association},
  year = {1992 },
  volume = {87},
  pages = {552--561},
  url = {https://doi.org/10.1080/01621459.1992.10475239},
}

@Article{bohn94,
  author = {L. L. Bohn and D. A. Wolfe},
  title = {The Effect of Imperfect Judgment Rankings on Properties of Procedures Based on the Ranked-Set Samples Analog of the {M}ann-{W}hitney-{W}ilcoxon Statistic},
  journal = {Journal of the American Statistical Association},
  year = {1994 },
  volume = {89},
  pages = {168--176},
  url = {https://doi.org/10.1080/01621459.1994.10476458},
}

@Article{Hett95,
  author = {T. P. Hettmansperger},
  title = {The Ranked Set Sample Sign Test},
  journal = {Journal of Nonparametric Statistics},
  year = {1995},
  volume = {4},
  pages = {263--270},
  url = {https://doi.org/10.1080/10485259508832617},
}

@Article{Chen2001,
  title = {Ranked-Set Sampling with Regression-Type Estimators},
  author = {Z. Chen},
  journal = {Journal of Statistical Planning and Inference},
  volume = {92 },
  pages = {181--192},
  year = {2001},
  url = {https://doi.org/10.1016/S0378-3758(00)00140-3},
}

@Article{muttlak2003investigating,
  title = {Investigating the Use of Quartile Ranked Set Samples for Estimating the Population Mean},
  author = {Hassen A Muttlak},
  journal = {Applied Mathematics and Computation},
  volume = {146},
  number = {2},
  pages = {437--443},
  year = {2003},
  url = {https://doi.org/10.1016/S0096-3003(02)00595-7},
}

@Article{mutlak97,
  title = {Median Ranked Set Sampling},
  author = {H. A. Muttlak},
  journal = {J. Appl. Statist. Sci},
  volume = {6},
  pages = {245-255 },
  year = {1997},
}

@Article{samawiex,
  title = {Estimating the Population Mean Using Extreme Ranked Set Sampling},
  author = {H. M. Samawi and W. {Abu Dayyeh} and M. S. Ahmed},
  journal = {Biometrical Journal},
  volume = {38},
  pages = {577--568},
  year = {1996},
  url = {https://doi.org/10.1002/bimj.4710380506},
}

@Article{AlSaleh2000,
  title = {Double-Ranked Set Sampling},
  journal = {Statistics and Probability Letters},
  volume = {48 },
  number = {2},
  pages = {205--212},
  year = {2000},
  author = {M. F. Al-Saleh and M. A. Al-Kadiri},
  url = {https://doi.org/10.1016/S0167-7152(99)00206-0},
}

@Article{Haqweb,
  title = {Partial Ranked Set Sampling Design},
  author = {Abdul Haq and Jennifer Brown and Elena Moltchanova and Amer Ibrahim Al-Omari},
  journal = {Environmetrics},
  volume = {24},
  number = {3},
  pages = {201--207},
  year = {2013},
  publisher = {John Wiley \& Sons},
  url = {https://doi.org/10.1002/env.2203 },
}

@Article{MUTTLAK03,
  title = {Modified Ranked Set Sampling Methods},
  journal = {Pakistan Journal of Statistics},
  volume = {19},
  number = {3},
  pages = {315--323},
  year = {2003},
  author = {Hassen A Muttlak},
}

@Article{b24,
  author = {D. A. Wolfe},
  title = {Ranked Set Sampling: Its Relevance and Impact on Statistical Inference},
  journal = {ISRN Probability and Statistics},
  year = {2012 },
  volume = {2012},
  pages = {1--32  },
  url = {https://doi.org/10.5402/2012/568385},
}

@Article{Mc52,
  title = {A Method of Unbiased Selective Sampling Using Ranked Sets},
  author = {G. A. McIntyre},
  journal = {Australian Journal of Agricultural Research},
  volume = {3},
  pages = {385--390},
  year = {1952},
  url = {https://doi.org/10.1071/AR9520385},
}

@Book{chen2003ranked,
  title = {Ranked Set Sampling: Theory and Applications},
  author = {Zehua Chen and Zhidong Bai and Bimal Sinha},
  volume = {176},
  year = {2003},
  publisher = {Springer-Verlag},
  url = {https://doi.org/10.1007/978-0-387-21664-5},
}

@Article{philip1997regression,
  title = {Regression Estimator in Ranked Set Sampling},
  author = {Philip L H Yu and K Lam},
  journal = {Biometrics},
  pages = {1070--1080},
  year = {1997},
  publisher = {JSTOR},
  url = {https://doi.org/10.2307/2533564},
}

@Article{tiensuwan2003estimation,
  title = {On Estimation of Population Variance Based on a Ranked Set Sample},
  author = {M Tiensuwan and S Sarikavanij},
  journal = {J Appl Stat Sci},
  volume = {12},
  pages = {283--295},
  year = {2003},
}

@Article{al2013estimation,
  title = {Estimation of the Population Mean and Median Using Truncation-Based Ranked Set Samples},
  author = {Amer Ibrahim Al-Omari and Mohammad Z Raqab},
  journal = {Journal of Statistical Computation and Simulation},
  volume = {83},
  number = {8},
  pages = {1453--1471},
  year = {2013},
  publisher = {Taylor \& Francis},
  url = {https://doi.org/10.1080/00949655.2012.662684},
}

@Article{al2007ranked,
  title = {L Ranked Set Sampling: A Generalization Procedure for Robust Visual Sampling},
  author = {Amjad D Al-Nasser},
  journal = {Communications in Statistics—Simulation and Computation},
  volume = {36},
  number = {1},
  pages = {33--43},
  year = {2007},
  publisher = {Taylor \& Francis},
  url = {https://doi.org/10.1080/03610910601096510},
}

@Article{al2009robust,
  title = {Robust Extreme Ranked Set Sampling},
  author = {Amjad D Al-Nasser and Ahmed Bani Mustafa},
  journal = {Journal of Statistical Computation and Simulation},
  volume = {79},
  number = {7},
  pages = {859--867},
  year = {2009},
  publisher = {Taylor \& Francis},
  url = {https://doi.org/10.1080/00949650701683084},
}

@Article{jemain2008some,
  title = {Some Variations of Ranked Set Sampling},
  author = {Abdul Aziz Jemain and Amer I Al-Omari and Kamarulzaman Ibrahim},
  journal = {Electronic Journal of Applied Statistical Analysis},
  volume = {1},
  pages = {1--15},
  year = {2008},
  url = {https://doi.org/10.1285/i20705948v1n1p1},
}

@Manual{schneider2015nsm3,
  title = {N{SM}3: Functions and Datasets to Accompany {H}ollander, {W}olfe, and {C}hicken--{N}onparametric Statistical Methods},
  author = {G Schneider},
  journal = {R package version 1.5.},
  year = {2015},
  url = {https://CRAN.R-project.org/package=NSM3},
}

@Article{nash1994population,
  title = {The Population Biology of Abalone (Haliotis Species) in Tasmania. I. Blacklip Abalone (H. Rubra) from the North Coast and Islands of Bass Strait},
  author = {Warwick J Nash and Tracy L Sellers and Simon R Talbot and Andrew J Cawthorn and Wes B Ford},
  journal = {Sea Fisheries Division, Technical Report},
  number = {48},
  year = {1994},
}

@Article{sevincc2018partial,
  title = {Partial Groups Ranked Set Sampling and Mean Estimation},
  author = {Büşra Sevinç and Selma Gürler and Bekir Çetintav},
  journal = {Journal of Statistical Computation and Simulation},
  pages = {1--12},
  year = {2018},
  publisher = {Taylor \& Francis},
  url = {https://doi.org/10.1080/00949655.2018.1488255},
}

@InProceedings{cetintav2016mean,
  title = {Mean Estimation Based on FWA Using Ranked Set Sampling with Single and Multiple Rankers},
  author = {Bekir Cetintav and Gozde Ulutagay and Selma Gurler and Neslihan Demirel},
  booktitle = {International Conference on Information Processing and Management of Uncertainty in Knowledge-Based Systems},
  pages = {790--797},
  year = {2016},
  organization = {Springer},
  url = {https://doi.org/10.1007/978-3-319-40581-0_64},
}

@Manual{jim,
  title = {LearnBayes: Functions for Learning Bayesian Inference},
  author = {Jim Albert},
  journal = {R package version 2.15.1.},
  year = {2018},
  url = {https://cran.r-project.org/web/packages/LearnBayes/index.html},
}

@Book{epa,
  title = {Guidance for Choosing a Sampling Design for Environmental Data Collection for Use in Developing a Quality Assurance Project Plan (EPA QA/G-5S)},
  author = {U. S. Environmental Protection Agency EPA},
  year = {2012},
  publisher = {Office of Environmental Information, Washington, DC},
}

@Article{kaur1995ranked,
  title = {Ranked Set Sampling: An Annotated Bibliography},
  author = {A Kaur and GP Patil and AK Sinha and C Taillie},
  journal = {Environmental and Ecological Statistics},
  volume = {2},
  number = {1},
  pages = {25--54},
  year = {1995},
  publisher = {Springer-Verlag},
  url = {https://doi.org/10.1007/BF00452930},
}

@Article{samawi2002double,
  title = {Double Median Ranked Set Sample: Comparing to Other Double Ranked Samples for Mean and Ratio Estimators},
  author = {Hani M Samawi and Eman M Tawalbeh},
  journal = {Journal of Modern Applied Statistical Methods},
  volume = {1},
  number = {2},
  pages = {52},
  year = {2002},
  url = {https://doi.org/10.22237/jmasm/1036109460},
}

@Article{samawi2002doubleext,
  title = {On Double Extreme Rank Set Sample with Application to Regression Estimator},
  author = {Hani M Samawi},
  journal = {Metron International Journal of Statistics},
  volume = {60},
  pages = {50--63},
  year = {2002},
}

@Article{jemain2006double,
  title = {Double Percentile Ranked Set Samples for Estimating the Population Mean},
  author = {AA Jemain and AI Al-Omari},
  journal = {Advances and Applications in Statistics},
  volume = {6},
  number = {3},
  pages = {261--276},
  year = {2006},
}

@Article{zhang2016jackknife,
  title = {Jackknife Empirical Likelihood Inferences for the Population Mean with Ranked Set Samples},
  author = {Zhengjia Zhang and Tianqing Liu and Baoxue Zhang},
  journal = {Statistics \& Probability Letters},
  volume = {108},
  pages = {16--22},
  year = {2016},
  publisher = {Elsevier},
  url = {https://doi.org/10.1016/j.spl.2015.09.016},
}

@Article{zamanzade2015variance,
  title = {Variance Estimation in Ranked Set Sampling Using a Concomitant Variable},
  author = {Ehsan Zamanzade and Michael Vock},
  journal = {Statistics \& Probability Letters},
  volume = {105},
  pages = {1--5},
  year = {2015},
  publisher = {Elsevier},
  url = {https://doi.org/10.1016/j.spl.2015.04.034},
}

@Article{ozturk2018ratio,
  title = {Ratio Estimators Based on a Ranked Set Sample in a Finite Population Setting},
  author = {Omer Ozturk},
  journal = {Journal of the Korean Statistical Society},
  volume = {47},
  number = {2},
  pages = {226--238},
  year = {2018},
  publisher = {Elsevier},
  url = {https://doi.org/10.1016/j.jkss.2018.02.001},
}
