@Book{Agresti2002,
  title = {Categorical Data Analysis},
  author = {A. Agresti},
  publisher = {John Wiley \& Sons},
  year = {2002},
  edition = {2nd},
}

@Article{Aquila2015,
  title = {Petro-Archaeometric Characterization of Potteries from a Kiln in {Adrano, Sicily}.},
  author = {E. Aquilia and G. Barone and P. Mazzoleni and S. Raneri and G. Lamagna},
  journal = {Heritage Science},
  year = {2015},
  number = {1},
  pages = {1-9},
  volume = {3},
}

@InCollection{Ark1998,
  title = {Graphical Display of Latent Budget Analysis and Latent Class Analysis, with Special Reference to Correspondence Analysis},
  author = {L. A. {van der Ark} and P. G. M. {van der Heijden}},
  booktitle = {Visualization of Categorical Data},
  publisher = {London: Academic Press},
  year = {1998},
  editor = {J. Blasius and M. Greenacre},
}

@Article{ArkLA1999,
  title = {On the Identifiability in the Latent Budget Model.},
  author = {L. A. {van der Ark} and P. G. M. {van der Heijden} and D. Sikkel},
  journal = {Journal of Classification},
  year = {1999},
  pages = {117-137},
  volume = {16},
}

@Article{Clogg1981,
  title = {Latent Structure Models of Mobility.},
  author = {C. C. Clogg},
  journal = {American Journal of Sociology},
  year = {1981},
  volume = {86},
  pages = {836-868},
}

@Article{Dempster1977,
  title = {Maximum Likelihood from Incomplete Data via the {EM} Algorithm.},
  author = {A. P. Dempster and N. M. Laird and D. B. Rubin},
  journal = {Journal of the Royal Statistical Society B},
  year = {1977},
  pages = {1-38},
  volume = {39},
}

@Misc{FARIA2008,
  title = {Tinn-R - GUI/Editor for \R Language and Environment Statistical Computing.},
  author = {J. C. Faria and P. Grosjean and E. Jelihovschi},
  url = {http://sourceforge.net/projects/tinn-r},
  year = {2015},
}

@Article{Goodman1987,
  title = {New Methods for Analysing the Intrinsic Character of Qualitative Variables Using Cross-Classified Data.},
  author = {L. A. Goodman},
  journal = {American Journal of Sociology},
  year = {1987},
  volume = {93},
  pages = {529-583},
}

@Article{Goodman1974,
  title = {The Analysis of Systems of Qualitative Variables When Some of the Variables Are Unobservable. {A} Modified Latent Structure Approach.},
  author = {L. A. Goodman},
  journal = {American Journal of Sociology},
  year = {1974},
  volume = {79},
  pages = {1179-1259},
}

@Book{Greenacre2007,
  title = {Correspondence Analysis in Practice},
  author = {M. Greenacre},
  publisher = {Boca Raton: Chapman \& Hall / CRC},
  year = {2007},
}

@Article{Heijden1992,
  title = {Constrained Latent Budget Analysis},
  author = {P. J. M. {van der Heijden} and A. Mooijaart and J. {de Leeuw}},
  journal = {Sociological Methodology},
  year = {1992},
  pages = {279-320},
  volume = {22},
}

@Article{Jelihovschi2011,
  author = {E. G. Jelihovschi and R. R. Alves and F. M. Correa},
  title = {Interacting Latent Budget Analysis and Correspondence Analysis to Analyze Beauty Salon Management Data.},
  journal = {Biometric Brazilian Journal},
  year = {2011},
  volume = {29},
  pages = {657-673},
  url = {http://jaguar.fcav.unesp.br/RME/fasciculos/v29/v29_n4/A8_Enio.pdf},
}

@TechReport{Larrosa2005,
  title = {A Latent Budget Analysis Approach to Classification: Examples from Economics},
  author = {Juan Larrosa},
  institution = {University Library of Munich, Germany},
  year = {2005},
  type = {{MPRA} Paper},
  url = {http://EconPapers.repec.org/RePEc:pra:mprapa:12569},
}

@InCollection{LeeuwJ1988,
  title = {The Analysis of Time-Budgets with a Latent Time-Budget Model.},
  author = {J. {de Leeuw} and P. G. M. {van der Heijden}},
  booktitle = {Data Analysis and Informatics V},
  publisher = {North-Holland},
  year = {1988},
  address = {Amsterdan},
  editor = {E Diday (eds.)},
  pages = {159-166},
}

@Article{Leeuw1990,
  title = {A Latent Time Budget Model},
  author = {J. {de Leeuw} and P. J. M. {van der Heijden} and P. Verboon},
  journal = {Statistica Neerlandica},
  year = {1990},
  volume = {44},
  pages = {1-21},
}

@Article{R:plotrix2006,
  title = {\pkg{Plotrix}: a Package in the Red Light District of {R}},
  author = {J. Lemon},
  journal = {R-News},
  year = {2006},
  number = {4},
  pages = {8-12},
  volume = {6},
}

@Article{MooijaartA1992,
  title = {The {EM} Algorithm for Latent Class Analysis with Equality Constraints.},
  author = {A. Mooijaart and P. G. M. {van der Heijden}},
  journal = {Psychometrika},
  year = {1992},
  number = {2},
  pages = {261-269},
  volume = {57},
}

@Article{MooijaartA1999,
  title = {A Least Squares Algorithm for a Mixture Model for Compositional Data.},
  author = {A. Mooijaart and P. G. M. {van der Heijden} and L. A. {van der Ark}},
  journal = {Computational Statistics \& Data Analysis.},
  year = {1999},
  pages = {359-379},
  volume = {30},
}

@Article{R:ca2007,
  title = {Correspondence Analysis in {R} with Two- And Three-Dimensional Graphics: The \pkg{ca} Package},
  author = {O. Nenadic and M. Greenacre},
  journal = {Journal of Statistical Software},
  year = {2007},
  number = {3},
  pages = {1-13},
  volume = {20},
  url = {http://www.jstatsoft.org},
}

@Misc{votB,
  title = {Statistics of the Elections of the Lower House},
  author = {Statistics Netherlands},
  year = {1987},
}

@TechReport{Renner1988,
  title = {On the Resolution of Compositional Datasets into Convex Combinations of Extreme Vectors},
  author = {R M Renner},
  institution = {Institute of Statistics and Operations Research Technical},
  year = {1988},
}

@Article{Ros-Freixedes2014,
  title = {On the Compositional Analysis of Fatty Acids in Pork},
  author = {R. Ros-Freixedes and J. Estany},
  journal = {Journal of Agricultural, Biological, and Environmental Statistics},
  year = {2014},
  number = {1},
  pages = {136-155},
  volume = {19},
}

@PhdThesis{Ark1999,
  title = {Contributions to Latent Budget Analysis},
  author = {L. A. {Van der Ark}},
  school = {University of Utrecht, Utrecht},
  year = {1999},
}

@Misc{LBAsoft,
  title = {Latent Budget Analysis for Two Way Tables},
  author = {L. A. {Van der Ark}},
  year = {1999},
}

@Manual{Varadhan2015,
  title = {alabama: Constrained Nonlinear Optimization},
  author = {R. Varadhan},
  note = {R package version 2015.3-1},
  year = {2015},
  url = {http://CRAN.R-project.org/package=alabama},
}

@Book{R:MASS2002,
  title = {Modern Applied Statistics with S},
  author = {W. N. Venables and B. D. Ripley},
  publisher = {Springer-Verlag},
  year = {2002},
  address = {New York},
  edition = {4th},
  note = {ISBN 0-387-95457-0},
  url = {http://www.stats.ox.ac.uk/pub/MASS4},
}

@Article{Main2015,
  author = {E. K. Main and C. L. McCain and C. H. Morton and S. Holtby and E. S. Lawton},
  title = {Pregnancy-Related Mortality in {C}alifornia},
  journal = {OBSTETRICS \& GYNECOLOGY},
  year = {2015},
  date = {April},
  subtitle = {Causes, Characteristics, and Improvement Opportunities},
  volume = {4},
  number = {125},
  pages = {938-947},
}

@Article{R:scatterplot3d,
  author = {Uwe Ligges and Martin Mächler},
  title = {Scatterplot3d - An {R} Package for Visualizing Multivariate Data},
  year = {2003},
  volume = {8},
  number = {11},
  pages = {1--20},
  url = {http://www.jstatsoft.org},
  journal = {Journal of Statistical Software},
}

@InCollection{Aria2003,
  author = {Massimo Aria and Ab Mooijaart and Roberta Siciliano},
  editor = {Martin Schader and Wolfgang Gaul and Maurizio Vichi},
  title = {Neural Budget Networks of Sensorial Data},
  booktitle = {Between Data Science and Applied Data Analysis: Proceedings of the 26th Annual Conference of the Gesellschaft f{\"u}r Klassifikation e.V., University of Mannheim, July 22--24, 2002},
  year = {2003},
  publisher = {Springer-Verlag},
  address = {Berlin, Heidelberg},
  pages = {369--377},
  isbn = {978-3-642-18991-3},
  url = {https://doi.org/10.1007/978-3-642-18991-3_42},
}

@Article{Tambrea1999,
  author = {Narcisa Tambrea and Roberta Siciliano},
  title = {Exploratory Analysis of Three‐way Data by Simultaneous Latent Budget Model},
  year = {1999},
  volume = {4},
  number = {15},
  pages = {469--484},
  journal = {Applied Stochastic Models in Business and Industry},
}

@Article{Siciliano1994,
  author = {Roberta Siciliano and Peter G. M. Van Der Heijden},
  title = {Simultaneous Latent Budget Analysis of a Set of Two Way Tables with Constant Row Sum Data},
  year = {1994},
  volume = {53},
  pages = {5--20},
  journal = {Metron},
}

@Article{Aria2008,
  author = {Massimo Aria},
  title = {Parallel Networks for Compositional Longitudinal Data},
  year = {2008},
  volume = {20},
  number = {1},
  pages = {155--179},
  journal = {Statistica Applicata},
}

@InCollection{Siciliano2001,
  author = {Roberta Siciliano and Ab Mooijaart},
  editor = {Simone Borra and Roberto Rocci and Maurizio Vichi and Martin Schader},
  title = {Unconditional Latent Budget Analysis: a Neural Network Approach},
  booktitle = {Advances in Classification and Data Analysis},
  year = {2001},
  publisher = {Springer-Verlag},
  address = {Berlin, Heidelberg},
  pages = {127--134},
  isbn = {978-3-642-59471-7},
  url = {https://doi.org/10.1007/978-3-642-59471-7_16},
}

@Manual{R:rgl,
  author = {Daniel Adler and Duncan Murdoch and {others}},
  title = {Rgl: {3D} Visualization Using OpenGL},
  year = {2016},
  note = {R package version 0.96.0},
  url = {https://CRAN.R-project.org/package=rgl},
}
