@Article{sp,
  author =	 {Edzer J. Pebesma and Roger S. Bivand},
  title =	 {Classes and methods for spatial data in {R}},
  journal =	 {R News},
  year =	 2005,
  volume =	 5,
  number =	 2,
  pages =	 {9--13},
  month =	 {November},
  url =		 {http://CRAN.R-project.org/doc/Rnews/},
}

@Book{sp1,
  author =	 {Roger S. Bivand and Edzer Pebesma and Virgilio
                  Gomez-Rubio},
  title =	 {Applied Spatial Data Analysis with {R}},
  edition =	 {2nd},
  year =	 2013,
  publisher =	 {Springer},
  address =	 {New York},
  url =		 {http://www.asdar-book.org/},
}

@Manual{rgdal,
  title =	 {rgdal: Bindings for the Geospatial Data Abstraction
                  Library},
  author =	 {Roger Bivand and Tim Keitt and Barry Rowlingson},
  year =	 2016,
  note =	 {R package version 1.1-8},
  url =		 {https://CRAN.R-project.org/package=rgdal},
}

@Manual{raster,
  title =	 {raster: Geographic Data Analysis and Modeling},
  author =	 {Robert J. Hijmans},
  year =	 2015,
  note =	 {R package version 2.5-2},
  url =		 {https://CRAN.R-project.org/package=raster},
}

@Article{geostatsp,
  title =	 {Model-Based Geostatistics the Easy Way},
  author =	 {Patrick E. Brown},
  journal =	 {Journal of Statistical Software},
  year =	 2015,
  volume =	 63,
  number =	 12,
  pages =	 {1--24},
  url =		 {http://www.jstatsoft.org/v63/i12/},
}

@Manual{classInt,
  title =	 {classInt: Choose Univariate Class Intervals},
  author =	 {Roger Bivand},
  year =	 2015,
  note =	 {R package version 0.1-23},
  url =		 {https://CRAN.R-project.org/package=classInt},
}

@Manual{geonames,
  title =	 {geonames: Interface to www.geonames.org web service},
  author =	 {Barry Rowlingson},
  year =	 2014,
  note =	 {R package version 0.998},
  url =		 {https://CRAN.R-project.org/package=geonames},
}

@Manual{rgeos,
  title =	 {rgeos: Interface to Geometry Engine -- Open Source
                  (GEOS)},
  author =	 {Roger Bivand and Colin Rundel},
  year =	 2016,
  note =	 {R package version 0.3-19},
  url =		 {https://CRAN.R-project.org/package=rgeos},
}

@Manual{geosphere,
  title =	 {geosphere: Spherical Trigonometry},
  author =	 {Robert J. Hijmans},
  year =	 2015,
  note =	 {R package version 1.5-1},
  url =		 {https://CRAN.R-project.org/package=geosphere},
}

@Manual{knitr,
  title =	 {knitr: A General-Purpose Package for Dynamic Report
                  Generation in R},
  author =	 {Yihui Xie},
  year =	 2016,
  note =	 {R package version 1.13},
  url =		 {http://yihui.name/knitr/},
}

@Book{knitr1,
  title =	 {Dynamic Documents with {R} and knitr},
  author =	 {Yihui Xie},
  publisher =	 {Chapman and Hall/CRC},
  address =	 {Boca Raton, Florida},
  year =	 2015,
  edition =	 {2nd},
  url =		 {http://yihui.name/knitr/},
}

@InCollection{knitr2,
  booktitle =	 {Implementing Reproducible Computational Research},
  editor =	 {Victoria Stodden and Friedrich Leisch and Roger
                  D. Peng},
  title =	 {knitr: A Comprehensive Tool for Reproducible
                  Research in {R}},
  author =	 {Yihui Xie},
  publisher =	 {Chapman and Hall/CRC},
  year =	 2014,
}

@Manual{RColorBrewer,
  title =	 {RColorBrewer: ColorBrewer Palettes},
  author =	 {Erich Neuwirth},
  year =	 2014,
  note =	 {R package version 1.1-2},
  url =		 {https://CRAN.R-project.org/package=RColorBrewer},
}

@Book{ggplot2,
  author =	 {Hadley Wickham},
  title =	 {ggplot2: Elegant Graphics for Data Analysis},
  publisher =	 {Springer-Verlag New York},
  year =	 2009,
  url =		 {http://ggplot2.org},
}

@Manual{dismo,
  title =	 {dismo: Species Distribution Modeling},
  author =	 {Robert J. Hijmans and Steven Phillips and John
                  Leathwick and Jane Elith},
  year =	 2016,
  note =	 {R package version 1.0-15},
  url =		 {https://CRAN.R-project.org/package=dismo},
}

@misc{ wiki:greatCircle,
  author =	 "Wikipedia",
  title =	 "Great-circle distance -- {W}ikipedia{,} {T}he
                  {F}ree {E}ncyclopedia",
  year =	 2015,
  url =
                  "https://en.wikipedia.org/w/index.php?title=Great-circle_distance&oldid=688488703",
  note =	 "[Online; accessed 3-November-2015]"
}

@misc{ wiki:tmerc,
  author =	 "Wikipedia",
  title =	 "Transverse Mercator projection -- {W}ikipedia{,}
                  {T}he {F}ree {E}ncyclopedia",
  year =	 2015,
  url =
                  "https://en.wikipedia.org/w/index.php?title=Transverse_Mercator_projection&oldid=681330001",
  note =	 "[Online; accessed 3-November-2015]"
}

@misc{ wiki:webMerc,
  author =	 "Wikipedia",
  title =	 "Web {M}ercator -- {W}ikipedia{,} {T}he {F}ree
                  {E}ncyclopedia",
  year =	 2016,
  url =
                  "https://en.wikipedia.org/w/index.php?title=Web_Mercator&oldid=714750105",
  note =	 "[Online; accessed 19-May-2016]"
}

@misc{ wiki:moll,
  author =	 "Wikipedia",
  title =	 "Mollweide projection -- {W}ikipedia{,} {T}he {F}ree
                  {E}ncyclopedia",
  year =	 2015,
  url =
                  "https://en.wikipedia.org/w/index.php?title=Mollweide_projection&oldid=689173007",
  note =	 "[Online; accessed 25-November-2015]"
}

@techreport{snyder1987map,
  title =	 {Map Projections -- {A} Working Manual},
  institution =	 {US Geologic Survey},
  type =	 {Professional Paper},
  number =	 1395,
  author =	 {Snyder, John P},
  year =	 1987,
  publisher =	 {US Government Printing Office},
  address =	 {Washington, DC},
  url =		 {http://pubs.usgs.gov/pp/1395/report.pdf}
}

@misc{xkcd,
  author =	 {Randall Munroe},
  title =	 {Map Projections},
  year =	 2011,
  howpublished = {xkcd Web Comic},
  url =		 {http://xkcd.com/977},
  note =	 {[Online; accessed 11-March-2015]}
}

@inproceedings{sweave,
  author =	 {Friedrich Leisch},
  title =	 {Sweave: Dynamic Generation of Statistical Reports
                  Using Literate Data Analysis},
  booktitle =	 {CompStat 2002 -- Proceedings in Computational
                  Statistics},
  pages =	 {575--580},
  year =	 2002,
  editor =	 {Wolfgang H{"a}rdle and Bernd R{"o}nz},
  publisher =	 {Physica Verlag, Heidelberg},
  url =		 {http://www.stat.uni-muenchen.de/~leisch/Sweave}
}

@article{jenks,
  title =	 {Error on choroplethic maps: Definition, measurement,
                  reduction},
  author =	 {Jenks, George F and Caspall, Fred C},
  journal =	 {The Annals of the Association of American Geographers},
  volume =	 61,
  number =	 2,
  pages =	 {217--244},
  year =	 1971,
  publisher =	 {Taylor and Francis}
}

@Manual{mapmisc,
  title =	 {mapmisc: Utilities for Producing Maps},
  author =	 {Patrick Brown},
  year =	 {2016},
  note =	 {R package version 1.5.0},
  url =		 {https://CRAN.R-project.org/package=mapmisc},
}

@Manual{maptools,
  title =	 {maptools: Tools for Reading and Handling Spatial
                  Objects},
  author =	 {Roger Bivand and Nicholas Lewin-Koh},
  year =	 {2016},
  note =	 {R package version 0.8-39},
  url =		 {https://CRAN.R-project.org/package=maptools},
}

@Manual{R.utils,
  title =	 {R.utils: Various Programming Utilities},
  author =	 {Henrik Bengtsson},
  year =	 {2016},
  note =	 {R package version 2.3.0},
  url =		 {https://CRAN.R-project.org/package=R.utils},
}

@Manual{leaflet,
  title =	 {leaflet: Create Interactive Web Maps with the
                  JavaScript ``Leaflet'' Library},
  author =	 {Joe Cheng and Yihui Xie},
  year =	 {2016},
  note =	 {R package version 1.0.1},
  url =		 {https://CRAN.R-project.org/package=leaflet},
}
@book{ggplot2a,
author = {H.~{Wickham}},
title = {{ggplot2: Elegant Graphics for Data Analysis}},
publisher = {Springer-Verlag New York},
year = {2009},
url = {http://ggplot2.org}
}
@book{wiki:greatCircle,
author = {{Wikipedia}},
title = {{Great-circle distance -- Wikipedia, The Free Encyclopedia, natexlaba}},
publisher = {[Online; accessed 3-November-]},
year = {2015},
url = {https://en.wikipedia.org/w/index.php?title=Great-circle_distance&oldid=688488703}
}
@book{wiki:moll,
author = {{Wikipedia}},
title = {{Mollweide projection -- Wikipedia, The Free Encyclopedia, natexlabb}},
publisher = {[Online; accessed 25-November-]},
year = {2015},
url = {https://en.wikipedia.org/w/index.php?title=Mollweide_projection&oldid=689173007}
}
@book{wiki:webMerc,
author = {{Wikipedia}},
title = {{Web Mercator -- Wikipedia, The Free Encyclopedia, }},
publisher = {[Online; accessed 19-May-]},
year = {2016},
url = {https://en.wikipedia.org/w/index.php?title=Web_Mercator&oldid=714750105}
}






