@Article{abramson1982bandwidth,
  title = {On Bandwidth Variation in Kernel Estimates -- {A}   Square Root Law},
  author = {Ian S Abramson},
  journal = {The Annals of Statistics},
  pages = {1217--1223},
  volume = {10},
  number = {4},
  year = {1982},
  publisher = {JSTOR},
  doi = {10.1214/aos/1176345986},
}

@Article{AJG76,
  title = {Multivariate Binary Discrimination by the Kernel   Method},
  author = {John Aitchison and Colin GG Aitken},
  journal = {Biometrika},
  volume = {63},
  number = {3},
  pages = {413--420},
  year = {1976},
  publisher = {Biometrika Trust},
  doi = {10.2307/2335719},
}

@Article{AzzBow90,
  title = {A Look at Some Data on the Old Faithful Geyser},
  author = {Adelchi Azzalini and Adrian W Bowman},
  journal = {Applied Statistics},
  pages = {357--365},
  volume = {39},
  number = {3},
  year = {1990},
  publisher = {JSTOR},
  doi = {10.2307/2347385},
}

@Article{mfbow,
  title = {An Alternative Method of Cross-Validation for the   Smoothing of Density Estimates},
  author = {Adrian W Bowman},
  journal = {Biometrika},
  volume = {71},
  number = {2},
  pages = {353--360},
  year = {1984},
  publisher = {Biometrika Trust},
  doi = {10.1093/biomet/71.2.353},
}

@Article{breiman1977variable,
  title = {Variable Kernel Estimates of Multivariate Densities},
  author = {Leo Breiman and William Meisel and Edward Purcell},
  journal = {Technometrics},
  volume = {19},
  number = {2},
  pages = {135--144},
  year = {1977},
  publisher = {Taylor \& Francis Group},
  doi = {10.2307/1268623},
}

@Book{breiman1984olshen,
  title = {Classification and Regression Trees},
  author = {Leo Breiman and Jerome Friedman and Charles J {Stone} and Richard A Olshen},
  year = {1984},
  publisher = {CRC Press},
}

@Article{brewer2000bayesian,
  title = {A {B}ayesian Model for Local Smoothing in Kernel   Density Estimation},
  author = {Mark J Brewer},
  journal = {Statistics and Computing},
  volume = {10},
  number = {4},
  pages = {299--309},
  year = {2000},
  publisher = {Springer-Verlag},
  doi = {10.1023/a:1008925425102},
}

@Article{Chen99,
  title = {Beta Kernel Estimators for Density Functions},
  author = {Song Xi Chen},
  journal = {Computational Statistics \& Data Analysis},
  volume = {31},
  number = {2},
  pages = {131--145},
  year = {1999},
  publisher = {Elsevier},
  doi = {10.1016/s0167-9473(99)00010-9},
}

@Article{Chen00a,
  title = {Probability Density Function Estimation Using Gamma   Kernels},
  author = {Song Xi Chen},
  journal = {Annals of the Institute of Statistical Mathematics},
  volume = {52},
  number = {3},
  pages = {471--480},
  year = {2000},
  publisher = {Springer-Verlag},
  doi = {10.1023/a:1004165218295},
}

@Article{Duong2007,
  title = {ks: Kernel Density Estimation and Kernel   Discriminant Analysis for Multivariate Data in {R}},
  author = {Tarn Duong},
  journal = {Journal of Statistical Software},
  volume = {21},
  number = {7},
  pages = {1--16},
  year = {2007},
  doi = {10.18637/jss.v021.i07},
}

@Article{E69,
  title = {Non-Parametric Estimation of a Multivariate   Probability Density},
  author = {Vassiliy A Epanechnikov},
  journal = {Theory of Probability \& Its Applications},
  volume = {14},
  number = {1},
  pages = {153--158},
  year = {1969},
  publisher = {SIAM},
  doi = {10.1137/1114019},
}

@Article{geoffroy1980synthesis,
  title = {Synthesis, Molecular Dynamics, and Reactivity of   Mixed-Metal Clusters},
  author = {Gregory L Geoffroy},
  journal = {Accounts of Chemical Research},
  volume = {13},
  number = {12},
  pages = {469--476},
  year = {1980},
  publisher = {ACS Publications},
  doi = {10.1021/ar50156a006},
}

@Book{Hardle91,
  title = {Smoothing Techniques: With Implementation in {S}},
  author = {Wolfgang H{\"a}rdle},
  year = {2012},
  publisher = {Springer-Verlag},
  doi = {10.1007/978-1-4612-4432-5},
}

@Article{HayfieldRacine,
  title = {Nonparametric Econometrics: The np Package},
  author = {Tristen Hayfield and Jeffrey S Racine},
  journal = {Journal of Statistical Software},
  volume = {27},
  number = {5},
  pages = {1--32},
  year = {2008},
  doi = {10.18637/jss.v027.i05},
}

@Manual{hayfield2007np,
  title = {np: Nonparametric Kernel Smoothing Methods for Mixed   Datatypes},
  author = {Tristen Hayfield and Jeffrey S Racine},
  note = {R package version 0.60-2},
  url = {https://CRAN.R-project.org/package=np},
  year = {2014},
}

@Article{IgaKaki15,
  title = {Bias Corrections for Some Asymmetric Kernel   Estimators},
  author = {Gaku Igarashi and Yoshihide Kakizawa},
  journal = {Journal of Statistical Planning and Inference},
  volume = {159},
  pages = {37--63},
  year = {2015},
  publisher = {Elsevier},
  doi = {10.1016/j.jspi.2014.11.003},
}

@Article{JXK,
  title = {Birnbaum-{S}aunders and Lognormal Kernel Estimators   for Modelling Durations in High Frequency Financial   Data},
  author = {Xiaodong Jin and Janusz Kawczak},
  journal = {Annals of Economics and Finance},
  volume = {4},
  pages = {103--124},
  year = {2003},
}

@Article{KSK11,
  title = {Discrete Associated Kernels Method and Extensions},
  author = {C{\'e}lestin C Kokonendji and Tristan {Senga Kiess{\' e}}},
  journal = {Statistical Methodology},
  volume = {8},
  number = {6},
  pages = {497--516},
  year = {2011},
  publisher = {Elsevier},
  doi = {10.1016/j.stamet.2011.07.002},
}

@Article{KokonendjiSengaDemetrio09,
  title = {Appropriate Kernel Regression on a Count Explanatory   Variable and Applications},
  author = {C{\'e}lestin C Kokonendji and Tristan {Senga Kiess{\'e}} and C G B Dem{\'e}trio},
  journal = {Advances and Applications in Statistics},
  volume = {12},
  number = {1},
  pages = {99--125},
  year = {2009},
  doi = {10.1007/s00180-015-0627-1},
}

@Article{KSKZ07,
  title = {Discrete Triangular Distributions and Non-Parametric   Estimation for Probability Mass Function},
  author = {C C Kokonendji and T {Senga Kiess{\' e}} and Silvio S Zocchi},
  journal = {Journal of Nonparametric Statistics},
  volume = {19},
  number = {6-8},
  pages = {241--254},
  year = {2007},
  publisher = {Taylor \& Francis},
  doi = {10.1080/10485250701733747},
}

@Article{KokonendjiZocchi10,
  title = {Extensions of Discrete Triangular Distributions and   Boundary Bias in Kernel Estimation for Discrete   Functions},
  author = {C{\'e}lestin C Kokonendji and Silvio S Zocchi},
  journal = {Statistics \& Probability Letters},
  volume = {80},
  number = {21},
  pages = {1655--1662},
  year = {2010},
  publisher = {Elsevier},
  doi = {10.1016/j.spl.2010.07.008},
}

@Article{lecoutre1990uniform,
  title = {Uniform Consistency of a Class of Regression   Function Estimators for {B}anach-Space Valued Random   Variable},
  author = {Jean-Pierre Lecoutre},
  journal = {Statistics \& Probability Letters},
  volume = {10},
  number = {2},
  pages = {145--149},
  year = {1990},
  publisher = {Elsevier},
  doi = {10.1016/0167-7152(90)90010-5},
}

@Article{mfom,
  title = {A Comparison of Cross-Validation Techniques in   Density Estimation},
  author = {JS Marron},
  journal = {The Annals of Statistics},
  pages = {152--162},
  year = {1987},
  publisher = {JSTOR},
  doi = {10.1214/aos/1176350258},
}

@Article{Nadaraya69,
  title = {On Estimating Regression},
  author = {Elizbar A Nadaraya},
  journal = {Theory of Probability \& Its Applications},
  volume = {9},
  number = {1},
  pages = {141--142},
  year = {1964},
  publisher = {SIAM},
  doi = {10.1137/1109020},
}

@Article{parzen1962estimation,
  title = {On Estimation of a Probability Density Function and   Mode},
  author = {Emanuel Parzen},
  journal = {The Annals of Mathematical Statistics},
  volume = {33},
  number = {3},
  pages = {1065--1076},
  year = {1962},
  publisher = {JSTOR},
  doi = {10.1214/aoms/1177704472},
}

@Article{RacineLi04,
  title = {Nonparametric Estimation of Regression Functions   with Both Categorical and Continuous Data},
  author = {Jeff Racine and Qi Li},
  journal = {Journal of Econometrics},
  volume = {119},
  number = {1},
  pages = {99--130},
  year = {2004},
  publisher = {Elsevier},
  doi = {10.1016/s0304-4076(03)00157-x},
}

@Article{reinsch1967smoothing,
  title = {Smoothing by Spline Functions},
  author = {Christian H Reinsch},
  journal = {Numerische Mathematik},
  volume = {10},
  number = {3},
  pages = {177--183},
  year = {1967},
  publisher = {Springer-Verlag},
  doi = {10.1007/bf02162161},
}

@Article{rosenblatt1956remarks,
  title = {Remarks on Some Nonparametric Estimates of a Density   Function},
  author = {Murray Rosenblatt},
  journal = {The Annals of Mathematical Statistics},
  volume = {27},
  number = {3},
  pages = {832--837},
  year = {1956},
  publisher = {Institute of Mathematical Statistics},
  doi = {10.1214/aoms/1177728190},
}

@Article{CS,
  title = {Density Estimation Using Inverse and Reciprocal   Inverse {G}aussian Kernels},
  author = {Olivier Scaillet},
  journal = {Nonparametric Statistics},
  volume = {16},
  number = {1--2},
  pages = {217--226},
  year = {2004},
  publisher = {Taylor \& Francis},
  doi = {10.1080/10485250310001624819},
}

@Article{S02,
  title = {Multivariate Locally Adaptive Density Estimation},
  author = {Stephan R Sain},
  journal = {Computational Statistics \& Data Analysis},
  volume = {39},
  number = {2},
  pages = {165--186},
  year = {2002},
  publisher = {Elsevier},
  doi = {10.1016/s0167-9473(01)00053-6},
}

@Article{Silver1985,
  title = {Some Aspects of the Spline Smoothing Approach to   Non-Parametric Regression Curve Fitting},
  author = {Bernhard W Silverman},
  journal = {Journal of the Royal Statistical Society. Series B   (Methodological)},
  volume = {47},
  number = {1},
  pages = {1--52},
  year = {1985},
  publisher = {JSTOR},
  doi = {10.2307/2982831},
}

@Article{some2016effects,
  title = {Effects of Associated Kernels in Nonparametric   Multiple Regressions},
  author = {Sobom M Som{\' e} and C{\'e}lestin C Kokonendji},
  journal = {Journal of Statistical Theory and Practice},
  volume = {10},
  number = {2},
  pages = {456--471},
  year = {2016},
  publisher = {Taylor \& Francis},
  doi = {10.1080/15598608.2016.1160010},
}

@PhdThesis{L13,
  title = {M{\'e}thode Non-Param{\'e}trique des Noyaux   Associ{\'e}s Mixtes et Applications},
  author = {F G Libengu{\' e}},
  year = {2013},
  school = {Besan{\c{c}}on},
}

@Article{WKK15a,
  title = {Disake: Discrete Associated Kernel Estimators},
  author = {W E Wansouw{\' e} and C C Kokonendji and {Kolyang} and D T},
  journal = {R package Version},
  volume = {1.5},
  year = {2015},
  doi = {10.1016/j.spl.2015.10.008},
}

@Article{WLK15b,
  title = {Conake: Continuous Associated Kernel Estimators},
  author = {W E Wansouw{\' e} and F G Libengu{\' e} and C C Kokonendji},
  journal = {R package Version},
  volume = {1.0},
  year = {2015},
  doi = {10.1016/j.spl.2015.10.008},
}

@Article{KokonendjiSome14,
  title =	 {On Multivariate Associated Kernels for Smoothing
                  Some Density Function},
  author =	 {C C Kokonendji and S M Som\'e},
  journal =	 {arXiv:1502.01173},
  year =	 {2015},
  url =		 {https://arxiv.org/abs/1502.01173},
}

@Article{sain1996locally,
  title = {On Locally Adaptive Density Estimation},
  author = {Stephan R Sain and David W Scott},
  journal = {Journal of the American Statistical Association},
  volume = {91},
  number = {436},
  pages = {1525--1534},
  year = {1996},
  publisher = {Taylor \& Francis},
  doi = {10.2307/2291578},
}

@Article{tukey1961discussion,
  title = {Discussion, Emphasizing the Connection between   Analysis of Variance and Spectrum Analysis},
  author = {John W Tukey},
  journal = {Technometrics},
  volume = {3},
  number = {2},
  pages = {191--219},
  year = {1961},
  publisher = {Taylor \& Francis Group},
  doi = {10.1080/00401706.1961.10489940},
}

@Book{wahba1990spline,
  title = {Spline Models for Observational Data},
  author = {Grace Wahba},
  volume = {59},
  year = {1990},
  publisher = {SIAM},
  doi = {10.1137/1.9781611970128},
}

@Article{Watson64,
  title = {Smooth Regression Analysis},
  author = {Geoffrey S Watson},
  journal = {Sankhy{\=a}: The Indian Journal of Statistics,   Series A},
  pages = {359--372},
  year = {1964},
  publisher = {JSTOR},
}

@Article{Zhang2010,
  title = {A Note on the Performance of the Gamma Kernel   Estimators at the Boundary},
  author = {Shunpu Zhang},
  journal = {Statistics \& Probability Letters},
  volume = {80},
  number = {7},
  pages = {548--557},
  year = {2010},
  publisher = {Elsevier},
  doi = {10.1016/j.spl.2009.12.009},
}

@Article{ZhangandKarunamuni2010,
  title = {Boundary Performance of the Beta Kernel Estimators},
  author = {Shunpu Zhang and Rohana J Karunamuni},
  journal = {Journal of Nonparametric Statistics},
  volume = {22},
  number = {1},
  pages = {81--104},
  year = {2010},
  publisher = {Taylor \& Francis},
  doi = {10.1080/10485250903124984},
}

@Article{zhang2006bayesian,
  title = {A {B}ayesian Approach to Bandwidth Selection for   Multivariate Kernel Density Estimation},
  author = {Xibin Zhang and Maxwell L King and Rob J Hyndman},
  journal = {Computational Statistics \& Data Analysis},
  volume = {50},
  number = {11},
  pages = {3009--3031},
  year = {2006},
  publisher = {Elsevier},
  doi = {10.1016/j.csda.2005.06.019},
}

@Article{zhang2016bayesian,
  title = {Bayesian Bandwidth Selection for a Nonparametric   Regression Model with Mixed Types of Regressors},
  author = {Xibin Zhang and Maxwell L King and Han Lin Shang},
  journal = {Econometrics},
  volume = {4},
  number = {2},
  pages = {24},
  year = {2016},
  publisher = {Multidisciplinary Digital Publishing Institute},
  doi = {10.3390/econometrics4020024},
}

@Article{Ziane2015,
  title = {Adaptive {B}ayesian Bandwidth Selection in   Asymmetric Kernel Density Estimation for Nonnegative   Heavy-Tailed Data},
  author = {Y Ziane and S Adjabi and N Zougab},
  journal = {Journal of Applied Statistics},
  volume = {42},
  number = {8},
  pages = {1645--1658},
  year = {2015},
  publisher = {Taylor \& Francis},
  doi = {10.1080/02664763.2015.1004626},
}

@Article{ZAK12,
  title = {Binomial Kernel and {B}ayes Local Bandwidth in   Discrete Function Estimation},
  author = {N Zougab and S Adjabi and CC Kokonendji},
  journal = {Journal of Nonparametric Statistics},
  volume = {24},
  number = {3},
  pages = {783--795},
  year = {2012},
  publisher = {Taylor \& Francis},
  doi = {10.1080/10485252.2012.678847},
}

@Article{ZAK13a,
  title = {A {B}ayesian Approach to Bandwidth Selection in   Univariate Associate Kernel Estimation},
  author = {Nabil Zougab and Smail Adjabi and C{\'e}lestin C Kokonendji},
  journal = {Journal of Statistical Theory and Practice},
  volume = {7},
  number = {1},
  pages = {8--23},
  year = {2013},
  publisher = {Taylor \& Francis},
  doi = {10.1080/15598608.2013.756286},
}

@Article{ZAK1a,
  title = {Bayesian Approach in Nonparametric Count Regression   with Binomial Kernel},
  author = {Nabil Zougab and Smail Adjabi and C{\'e}lestin C Kokonendji},
  journal = {Communications in Statistics -- Simulation and   Computation},
  volume = {43},
  number = {5},
  pages = {1052--1063},
  year = {2014},
  publisher = {Taylor \& Francis},
  doi = {10.1080/03610918.2012.725145},
}

@Article{ZAK14b,
  title = {Bayesian Estimation of Adaptive Bandwidth Matrices   in Multivariate Kernel Density Estimation},
  author = {Nabil Zougab and Smail Adjabi and C{\'e}lestin C Kokonendji},
  journal = {Computational Statistics \& Data Analysis},
  volume = {75},
  pages = {28--38},
  year = {2014},
  publisher = {Elsevier},
  doi = {10.1016/j.csda.2014.02.002},
}


























