% Encoding: UTF-8

@Article{erum2016,
  author  = {Beresewicz, Maciej and Alvarez, Adolfo and Biecek, Przemys{\l}aw and Dyderski, Marcin K and Kosinski, Marcin and Nowosad, Jakub and Rotter, Kamil and Szabelska-Beresewicz, Alicja and Szymkowiak, Marcin and Wawrowski, {\L}ukasz and others},
  journal = {R Journal},
  title   = {Conference {R}eport: {E}uropean {R} {U}sers {M}eeting 2016},
  year    = {2017},
  number  = {1},
  volume  = {9},
}

@Article{erum2018,
  author  = {Dar{\'o}czi, Gergely},
  journal = {R Journal},
  title   = {Conference {R}eport: e{R}um 2018},
  year    = {2018},
  number  = {1},
  volume  = {10},
}

@Comment{jabref-meta: databaseType:bibtex;}
