@book{kane:backtest,
author = {K.~{Campbell, J.~Enos, D.~Gerlanc, and D.~Kane}},
title = {{Backtests}},
publisher = {R News 7 (1):  April},
pages = {36--41},
year = {2007}
}
@book{cao:orderbook,
author = {C.~{Cao, O.~Hansch, and X.~Wang}},
title = {{The information content of an open limit-order book}},
publisher = {The Journal of Futures Markets 29 (1):},
pages = {16--41},
year = {2009}
}
@book{gilles:daniel,
author = {D.~{Gilles}},
title = {{Asynchronous Simulations of a Limit Order Book}},
publisher = {PhD thesis University of Manchester},
year = {2006}
}
@book{johnson:barry,
author = {B.~{Johnson}},
title = {{Algorithmic Trading & DMA: An introduction to direct access trading strategies}},
publisher = {4Myeloma Press London},
year = {2010}
}
@book{kane:portfolio,
author = {D.~{Kane and J.~Enos}},
title = {{Analysing equity portfolios in R}},
publisher = {R News 6 (2):  May},
pages = {13--19},
year = {2006}
}

