%% This BibTeX bibliography file was created using BibDesk.
%% http://bibdesk.sourceforge.net/

%% Created for Nicholas Tarabelloni at 2016-05-09 12:21:20 +0200


%% Saved with string encoding Unicode (UTF-8)



@techreport{spearman_2015,
	Address = {http://EconPapers.repec.org/RePEc:cte:wsrepe:ws133329},
	Author = {Valencia, D. and Romo, J. and Lillo, R.},
	Date-Added = {2016-05-09 10:20:45 +0000},
	Date-Modified = {2016-05-09 10:21:20 +0000},
	Institution = {Universidad Carlos III de Madrid},
	Title = {Spearman coefficient for functions},
	Year = {2015}}

@techreport{kendall_2015,
	Address = {http://EconPapers.repec.org/RePEc:cte:wsrepe:ws133228},
	Author = {Valencia, D. and Romo, J. and Lillo, R.},
	Date-Added = {2016-05-09 10:18:58 +0000},
	Date-Modified = {2016-05-09 10:20:24 +0000},
	Institution = {Universidad Carlos III de Madrid},
	Title = {A Kendall correlation coefficient for functional dependence},
	Year = {2015}}

@article{Sun_Genton_2011,
	Author = {Sun, Y. and Genton, M. G.},
	Date-Added = {2016-03-02 09:46:23 +0000},
	Date-Modified = {2016-03-02 09:46:52 +0000},
	Journal = {Journal of Computational and Graphical Statistics},
	Number = {2},
	Pages = {316-334},
	Title = {Functional Boxplots},
	Volume = {20},
	Year = {2011},
	Bdsk-Url-1 = {http://dx.doi.org/10.1198/jcgs.2011.09224}}

@article{Sun_Genton_2012_boxplot,
	Author = {Sun, Y. and Genton, M. G.},
	Date-Added = {2016-03-02 09:44:57 +0000},
	Date-Modified = {2016-03-02 09:46:58 +0000},
	Journal = {Environmetrics},
	Number = {1},
	Pages = {54--64},
	Title = {Adjusted functional boxplots for spatio-temporal data visualization and outlier detection},
	Volume = {23},
	Year = {2012},
	Bdsk-Url-1 = {http://dx.doi.org/10.1002/env.1136}}

@article{tarabelloni_ieva_etal_2015,
	Author = {Tarabelloni, N. and Ieva, F. and Biasi, R. and Paganoni, A.M.},
	Date-Added = {2016-03-01 11:16:46 +0000},
	Date-Modified = {2016-03-01 11:18:33 +0000},
	Journal = {The international journal of biostatistics},
	Number = {2},
	Pages = {189-201},
	Title = {Use of Depth Measure for Multivariate Functional Data in Disease Prediction: An Application to Electrocardiograph Signals},
	Volume = {11},
	Year = {2015}}

@article{Sun_Genton_2012,
	Author = {Sun, Y. and Genton, M. G. and Nychka, D. W.},
	Date-Added = {2016-03-01 10:56:09 +0000},
	Date-Modified = {2016-03-01 10:56:48 +0000},
	Journal = {Stat},
	Number = {1},
	Pages = {68--74},
	Title = {Exact fast computation of band depth for large functional datasets: How quickly can one million curves be ranked?},
	Volume = {1},
	Year = {2012},
	Bdsk-Url-1 = {http://dx.doi.org/10.1002/sta4.8}}

@article{lopezpintado_romo_2011,
	Author = {L{\'o}pez-Pintado, S. and Romo, J.},
	Date-Added = {2016-03-01 10:41:16 +0000},
	Date-Modified = {2016-03-01 10:43:12 +0000},
	Journal = {Computational Statistics \& Data Analysis},
	Number = {4},
	Pages = {1679--1695},
	Title = {A half-region depth for functional data},
	Volume = {55},
	Year = {2011}}

@article{lopezpintado_romo_2007,
	Author = {L{\'o}pez-Pintado, S. and Romo, J.},
	Date-Added = {2016-03-01 10:40:18 +0000},
	Date-Modified = {2016-03-01 11:09:06 +0000},
	Journal = {Computational Statistics \& Data Analysis},
	Number = {10},
	Pages = {4957-4968},
	Title = {Depth-based inference for functional data},
	Volume = {51},
	Year = {2007}}

@article{lopezpintado_romo_2009,
	Author = {L{\'o}pez-Pintado, S. and Romo, J.},
	Date-Added = {2016-03-01 10:40:18 +0000},
	Date-Modified = {2016-03-01 11:09:06 +0000},
	Journal = {Journal of the American Statistical Association},
	Number = {486},
	Pages = {718 - 734},
	Title = {On the Concept of Depth for Functional Data},
	Volume = {104},
	Year = {2009}}

@article{arribasgil_romo_2014,
	Author = {Arribas-Gil, A. and Romo, J.},
	Date-Added = {2016-03-01 10:40:09 +0000},
	Date-Modified = {2016-03-01 10:40:09 +0000},
	Journal = {Biostatistics},
	Number = {4},
	Pages = {603--619},
	Title = {Shape outlier detection and visualization for functional data: the outliergram},
	Volume = {15},
	Year = {2014}}


 @Manual{roahd,
    title = {roahd: Robust Analysis of High Dimensional Data},
    author = {Nicholas Tarabelloni and Ana Arribas-Gil and Francesca Ieva and Anna Maria Paganoni and Juan Romo},
    year = {2017},
    note = {R package version 1.3},
    url = {https://CRAN.R-project.org/package=roahd},
  }

 @Manual{fda,
    title = {fda: Functional Data Analysis},
    author = {J. O. Ramsay and Hadley Wickham and Spencer Graves and Giles Hooker},
    year = {2014},
    note = {R package version 2.4.4},
    url = {https://CRAN.R-project.org/package=fda},
  }



@InProceedings{Tuckey75,
title = "Mathematics and the picturing of data",
year = "1975",
volume = "2",
pages = "523 - 531",
author = "J. Tuckey",
booktitle = "Proceedings of the International Congress of Mathematicians, Vancouver",
}


@article{LiuSingh93,
title ="A Quality Index Based on Data Depth and Multivariate Rank Tests",
author="R. Liu and K. Singh",
volume ="88",
number ="421",
pages="252 - 260",
year ="1993",
journal ="Journal of the American Statistical Association",
}

@article{Liuetal99,
author = "R. Liu and  J.M. Parelius  and K. Singh",
title =  "Multivariate analysis by data depth:
  Descriptive statistics, graphics and inference",
  year=" 1999",
  journal =" The Annals of Statistics",
  volume = "27",
  number="3",
  pages = "783--858",
}

@article{ZuoSerfling00,
    author = " Y. Zuo and R. Serfling",
    title = "General Notions of Statistical Depth Function",
    journal = "The Annals of Statistics",
    volume = "28",
    number = "2",
    year = "2000",
    pages = "461-482"
}


@article{Claeskensetal14,
author = {Claeskens, Gerda and Hubert, Mia and Slaets, Leen and Vakili, Kaveh},
title = {Multivariate Functional Halfspace Depth},
journal = {Journal of the American Statistical Association},
volume = {109},
number = {505},
pages = {411-423},
year = {2014},
}


@article{Lopez-Pintadoetal14,
title =" Simplicial band depth for multivariate functional data",
author = "S. Lopez-Pintado and Y. Sun and M.G. Genton",
volume = "8",
pages = "321-338",
year = "2014",
journal = "Advances in Data Analysis and Classification",
}

@article{IevaPaganoni13a,
title = "Depth Measures for Multivariate Functional Data",
author = "Ieva, Francesca and Paganoni, Anna Maria",
volume = "42",
number = "7",
pages ="1265 - 1276",
year="2013",
journal = "Communication in Statistics - Theory and Methods",
}

@article{Ievaetal13,
title = "Multivariate Functional Clustering for the Morphological Analysis of ECG Curves",
author = "F. Ieva and A.M. Paganoni and D. Pigoli and V. Vitelli",
volume = "62",
number = "3",
pages ="401 - 418",
year="2013",
journal = "Journal of the Royal Statistical Society: Series C (Applied Statistics)",
}

@article{IevaPaganoni17,
title = "Component-wise outlier detection methods for robustifying
multivariate functional samples",
author = "F. Ieva and A.M. Paganoni",
year="2017",
journal = "Statistical Papers",
}

@techreport{Ievaetal2018,
	Author = "F. Ieva and F. Palma and J. Romo",
	Institution = "Politecnico di Milano",
	Title = "Bootstrap-based Inference for Dependence in Multivariate Functional Data",
 type = "MOX Report",
   number = "30/2018",
   year = 2018,
   url = "https://www.mate.polimi.it/biblioteca/add/qmox/30-2018.pdf",	
}

@Book{EfronTib93,
  author =       "Efron, B. and Tibshirani, R.J.",
  title =        "An Introduction to the Bootstrap",
  publisher =    "Chapman \& Hall",
  year =         "1993",
}

@article{Maronna_Zamar_02,
author = {Ricardo A Maronna and Ruben H Zamar},
title = {Robust Estimates of Location and Dispersion for High-Dimensional Datasets},
journal = {Technometrics},
volume = {44},
number = {4},
pages = {307-317},
year  = {2002},
}

@Book{RamsaySilverman05,
  author =       "J.O. Ramsay and B.W. Silverman",
  title =        "Functional Data Analysis",
  publisher =    "Springer",
  address =      "New York",
  edition =      "Second",
  year =         "2005",
}

@Book{RamsaySilverman02,
  author =       "J.O. Ramsay and B.W. Silverman",
  title =        "Applied Functional Data Analysis: Methods and Case Studies",
  publisher =    "Springer",
  address =      "New York",
  year =         "2002",
}

@Book{FerratyVieu06,
  author =       "F. Ferraty  and P. Vieu ",
  title =        "Nonparametric Functional Data Analysis:  Theory and Practice",
  publisher =    "Springer",
  address =      "New York",
  year =         "2006",
}

@Book{HorvathKokoszka12,
  author =       "L. Horvath and P. Kokoszka",
  title =        "Inference for Functional Data with Applications",
  publisher =    "Springer",
  address =      "New York",
  year =         "2012",
}

@Book{KokoszkaReimherr17,
  author =       "P. Kokoszka and M. Reimherr ",
  title =        "Introduction to Functional Data Analysis",
  publisher =    "Chapman \& Hall",
  year =         "2017",
}

@Book{Rasmussen06,
    author =    "C.E. Rasmussen and C. Williams",
    title =     "Gaussian Processes for Machine Learning",
    publisher = "MIT Press",
    year =      "2006",
}


@book{Ramsayetal09,
 author = {Ramsay, J. O. and Hooker, Giles and Graves, Spencer},
 title = {Functional Data Analysis with R and MATLAB},
 year = {2009},
 edition = {1st},
 publisher = {Springer Publishing Company, Incorporated},
}


 @Article{fda.usc,
    title = {Statistical Computing in Functional Data Analysis: The {R}
      Package {fda.usc}},
    author = {Manuel Febrero-Bande and Manuel {Oviedo de la Fuente}},
    journal = {Journal of Statistical Software},
    year = {2012},
    volume = {51},
    number = {4},
    pages = {1--28},
  }


@Article{CRAN_view,
    title = {{CRAN} Task Views},
    author = {Achim Zeileis},
    journal = {R News},
    year = {2005},
    volume = {5},
    number = {1},
    pages = {39--40},
    url = {https://CRAN.R-project.org/doc/Rnews/},
  }


@Manual{fdasrvf,
    title = {fdasrvf: Elastic Functional Data Analysis},
    author = {J. Derek Tucker},
    year = {2017},
    note = {R package version 1.8.3},
    url = {https://CRAN.R-project.org/package=fdasrvf},
  }

 @Manual{fdapace,
    title = {fdapace: Functional Data Analysis and Empirical Dynamics},
    author = {Xiongtao Dai and Pantelis Z. Hadjipantelis and Kynghee Han and Hao Ji},
    year = {2018},
    note = {R package version 0.4.0},
    url = {https://CRAN.R-project.org/package=fdapace},
  }


  @Manual{rainbow,
    title = {rainbow: Bagplots, Boxplots and Rainbow Plots for Functional Data},
    author = {Han Lin Shang and Rob Hyndman},
    year = {2019},
    note = {R package version 3.6},
    url = {https://CRAN.R-project.org/package=rainbow},
  }


  @Manual{fds,
    title = {fds: Functional Data Sets},
    author = {Han Lin Shang and Rob J Hyndman},
    year = {2018},
    note = {R package version 1.8},
    url = {https://CRAN.R-project.org/package=fds},
  }
