@Article{Akidau2015,
  author = {Tyler Akidau and Robert Bradshaw and Craig Chambers and Slava Chernyak and Rafael J. Fernandez-Moctezuma and Reuven Lax and Sam McVeety and Daniel Mills and Frances Perry and Eric Schmidt and Sam Whittle},
  title = {The Dataflow Model: A Practical Approach to Balancing Correctness, Latency, and Cost in Massive-Scale, Unbounded, Out-of-Order Data Processing},
  journal = {Proc. VLDB Endow.},
  issue_date = {August 2015},
  volume = {8},
  number = {12},
  year = {2015},
  issn = {2150-8097},
  pages = {1792--1803},
  numpages = {12},
  acmid = {2824076},
  publisher = {VLDB Endowment},
  url = {https://doi.org/10.14778/2824032.2824076},
}

@Book{Baddeley2015,
  author = {Adrian Baddeley and Ege Rubak and Rolf Turner},
  title = {Spatial Point Patterns: Methodology and Applications with {R}},
  publisher = {Chapman and Hall/CRC Press},
  address = {London},
  year = {2015},
  url = {https://doi.org/10.1201/b19708},
}

@Manual{hash2013,
  title = {Hash: Full Feature Implementation of Hash/Associated Arrays/Dictionaries},
  author = {Christopher Brown},
  year = {2013},
  note = {R package version 2.2.6},
  url = {http://CRAN.R-project.org/package=hash},
}

@Manual{data.table2017,
  title = {Data.table: Extension of `data.frame`},
  author = {Matt Dowle and Arun Srinivasan},
  year = {2017},
  note = {R package version 1.10.4-3},
  url = {https://CRAN.R-project.org/package=data.table},
}

@Book{Diamond2005,
  author = {Jared Diamond},
  title = {{Collapse: How Societies Choose to Fail or Succeed}},
  publisher = {Penguin Group (USA) Inc.},
  address = {New York},
  year = {2005},
}

@Book{Diggle1985,
  author = {Peter Diggle},
  title = {{Statistical Analysis of Spatial Point Patterns}},
  publisher = {Academic Press Inc.},
  address = {London},
  year = {1983},
}

@Misc{ESRI2018,
  author = {{Environmental Systems Research Institute (ESRI)}},
  title = {{ArcGIS Release 10.6.1}},
  address = {{Redlands, CA}},
  year = {2018},
}

@Manual{ggmap2013,
  title = {Ggmap: A Package for Spatial Visualization with Google Maps and OpenStreetMap},
  author = {David Kahle and Hadley Wickham},
  year = {2013},
  note = {R package version 2.3},
  url = {http://CRAN.R-project.org/package=ggmap},
}

@Article{Harper2018,
  author = {Jon Harper},
  title = {{Artificial Intelligence to Sort Through ISR Data Glut}},
  journal = {National Defense},
  pages = {33-35},
  year = {2013},
}

@Article{KahleWickham2011,
  author = {David Kahle and Hadley Wickham},
  title = {{ggmap: Spatial Visualization with Ggplot2}},
  journal = {The R Journal},
  volume = {5},
  number = {1},
  pages = {144-161},
  year = {2013},
}

@Manual{KernSmooth2014,
  title = {KernSmooth: Functions for Kernel Smoothing for Wand \& Jones (1995)},
  author = {Matt Wand and Brian Ripley},
  year = {2014},
  note = {R package version 2.3-13},
  url = {http://CRAN.R-project.org/package=KernSmooth},
}

@Book{Lloyd2010,
  author = {Christopher D. Lloyd},
  title = {{Spatial Data Analysis}},
  publisher = {Oxford University Press},
  address = {Oxford},
  year = {2010},
}

@Manual{MASS2015,
  title = {MASS: Support Functions and Datasets for Venables and Ripley's MASS},
  author = {Brian D. Ripley and William N. Venables and Douglas M. Bates and Kurt Hornik and Albrecht Gebhardt and David Firth},
  year = {2015},
  note = {R package version 7.3-37},
  url = {http://CRAN.R-project.org/package=MASS},
}

@Manual{pointdensityP2018,
  title = {pointdensityP: Point Density for Geospatial Data},
  author = {Paul Evangelista and David Beskow},
  year = {2018},
  note = {R package version 0.3.4},
  url = {https://CRAN.R-project.org/package=pointdensityP},
}

@Misc{SD_crime2013,
  author = {{San Diego Regional Data Library}},
  title = {San Diego Region Crime Incidents 2007-2013},
  url = {{https://s3.amazonaws.com/s3.sandiegodata.org/repo/clarinova.com/crime-incidents-casnd-7ba4-r3/incidents-5y.csv}},
  note = {Accessed: 2018-03-01},
  year = {2015},
}

@Article{Tadjdeh2018,
  author = {Yasmin Tadjdeh},
  title = {{Big Data, AI to Advance Modeling and Simulation}},
  journal = {National Defense},
  pages = {13},
  year = {2018},
}

@Book{Tzu1910,
  author = {Sun Tzu},
  title = {{The Art of War}},
  translator = {Lionel Giles},
  editor = {Lionel Giles},
  publisher = {n.p. 1910},
  address = {Web},
  year = {2005},
}

@Article{Veljan2000,
  author = {Darko Veljan},
  title = {{The 2500-Year-Old Pythagorean Theorem}},
  journal = {Mathematics Magazine},
  volume = {73},
  number = {4},
  pages = {259-272},
  year = {2018},
  url = {https://doi.org/10.1080/0025570x.2000.11996853},
}

@Book{VenablesRipley2002,
  author = {William N. Venables and Brian D. Ripley},
  title = {{Modern Applied Statistics with S}},
  publisher = {Springer-Verlag},
  address = {New York},
  edition = {4th},
  year = {2002},
}

@Article{Wand1994,
  author = {Mat Wand},
  title = {{Fast Computation of Multivariate Kernel Estimators}},
  journal = {Journal of Computational and Graphical Statistics},
  volume = {3},
  number = {4},
  pages = {433-445},
  year = {1994},
}

@Book{WandJones1995,
  title = {Kernel Smoothing},
  author = {Matthew P. Wand and M. Chris Jones},
  series = {Monographs on statistics and applied probability},
  publisher = {Chapman \& Hall/CRC},
  address = {Boca Raton (Fla.), London, New York},
  isbn = {0-412-55270-1},
  year = {1995},
}

@Article{ZhouShekharAli2014,
  author = {Xun Shou and Shashi Shekhar and Reem Y. Ali},
  title = {{Spatiotemporal Change Footprint Pattern Discovery: An Inter-Disciplinary Survey}},
  journal = {WIREs Data Mining and Knowledge Discovery},
  volume = {4},
  number = {1},
  pages = {1-23},
  year = {2014},
}
