%% This BibTeX bibliography file was created using BibDesk.

%% Created for Luigi Augugliaro at 2018-10-02 11:41:48 +0200 

%% Saved with string encoding Unicode (UTF-8) 



@article{rosset04,
	Author = {S. Rosset and J. Zhu},
	Journal = {Annals of Statistics},
	Pages = {469-475},
	Title = {Discussion of ``Least Angle Regression'' by Efron},
	Url = {http://www.ams.org/mathscinet-getitem?mr=2060166},
	Volume = {32},
	Year = {2004},
	Bdsk-Url-1 = {http://www.ams.org/mathscinet-getitem?mr=2060166}
}

@article{hasti07,
	Author = {T. Hastie and J. Taylor and R. Tibshirani and G. Walther},
	Journal = {Electronic Journal of Statistics},
	Pages = {1-29},
	Title = {Forward stagewise regression and the monotone lasso},
	Url = {http://www.ams.org/mathscinet-getitem?mr=2312144},
	Volume = {1},
	Year = {2007},
	Bdsk-Url-1 = {http://www.ams.org/mathscinet-getitem?mr=2312144}
}

@article{hester08,
	Author = {T. Hesterberg and N. H. Choi and L. Meier and C. Fraley},
	Journal = {Statistics Surveys},
	Pages = {61-93},
	Title = {Least angle and $L_1$ penalized regression: A review},
	Url = {http://projecteuclid.org/euclid.ssu/1211317636},
	Volume = {2},
	Year = {2008},
	Bdsk-Url-1 = {http://projecteuclid.org/euclid.ssu/1211317636}
}

@book{hasti01,
	Address = {New York},
	Author = {T. Hastie and R. Tibshirani and J. Friedman},
	Publisher = {Springer},
	Title = {The Elements of Statistical Learning: Data Mining, Inference and Prediction},
	Url = {http://www.ams.org/mathscinet-getitem?mr=1851606},
	Year = {2001},
	Bdsk-Url-1 = {http://www.ams.org/mathscinet-getitem?mr=1851606}
}

@article{aho14,
	Author = {K. Aho and D. Derryberry and T. Peterson},
	Journal = {Ecology},
	Number = {3},
	Pages = {631-636},
	Title = {Model selection for ecologists: the worldviews of AIC and BIC},
	Volume = {95},
	Year = {2014}
}

@article{aka74,
	Author = {H. Akaike},
	Journal = {IEEE Transactions on Automatic Control},
	Pages = {716-723},
	Title = {A New Look at the Statistical Model Identification},
	Volume = {19},
	Year = {1974}
}

@book{all03,
	Address = {New York},
	Author = {E. Allgower and K. Georg},
	Publisher = {Society for Industrial and Applied Mathematics},
	Title = {Introduction to Numerical Continuation Methods},
	Year = {2003}
}

@article{arl10,
	Author = {S. Arlot and A. Celisse},
	Journal = {Statistics Surveys},
	Pages = {40-79},
	Title = {A survey of cross-validation procedures for model selection},
	Volume = {4},
	Year = {2010}}

@article{Augug12,
	Author = {L. Augugliaro and A. M. Mineo and E. C. Wit},
	Journal = {International Conference on Computational Statistics (COMPSTAT 2012)},
	Note = {Limassol, Cyprus},
	Pages = {67-79},
	Title = {Differential Geometric LARS via Cyclic Coordinate Descent Method},
	Year = {2012}}

@article{Augug13,
	Author = {L. Augugliaro and A. M. Mineo and E. C. Wit},
	Journal = {Journal of the Royal Statistical Society: Series B},
	Number = {3},
	Pages = {471-498},
	Title = {Differential Geometric Least Angle Regression: A Differential Geometric Approach to Sparse Generalized Linear Models},
	Volume = {75},
	Year = {2013}}

@article{Augug14a,
	Author = {L. Augugliaro and A. M. Mineo and E. C. Wit},
	Journal = {Journal of Statistical Software},
	Number = {8},
	Pages = {1-40},
	Title = {dglars: An {R} package to estimate sparse generalized linear models},
	Volume = {59},
	Year = {2014}}


@manual{Augug14b,
	Author = {L. Augugliaro and  A. M. Mineo and E. C. Wit and H. Pazira},
	Date-Modified = {2020-02-26 00:40:51 +0000},
	Note = {\url{http://CRAN.R-project.org/package=dglars}},
	Organization = {R package version 2.1.6},
	Title = {dglars: Differential Geometric LARS Method},
	Year = {2020}}

@article{Augug16,
	Author = {L. Augugliaro and A. M. Mineo and E. C. Wit},
	Journal = {Biometrika},
	Pages = {563-593},
	Title = {A Differential Geometric Approach to Generalized Linear Models with Grouped Predictors},
	Volume = {103},
	Year = {2016}}

@book{bur02,
	Address = {New York},
	Author = {K. P. Burnham and D. R. Anderson},
	Edition = {$2^{nd}$},
	Publisher = {Springer},
	Title = {Model selection and multimodel inference: a practical information-theoretic approach},
	Year = {2002}}

@article{cand07,
	Author = {E. J. Candes and T. Tao},
	Journal = {Annals of Statistics},
	Pages = {2313-2351},
	Title = {The Dantzig selector: Statistical estimation when p is much larger than n},
	Volume = {35},
	Year = {2007}}

@article{chen14,
	Author = {Y. Chen and P. Du and Y. Wang},
	Journal = {Wiley Interdisciplinary Reviews: Computational Statistics},
	Pages = {1-9},
	Title = {Variable selection in linear models},
	Volume = {6},
	Year = {2014}}

@article{cord91,
	Author = {G. M. Cordeiro and P. McCullagh},
	Journal = {Journal of the Royal Statistical Society: Series B},
	Number = {3},
	Pages = {629-643},
	Title = {Bias correction in generalized linear models},
	Volume = {53},
	Year = {1991}}

@article{efron04,
	Author = {B. Efron and T. Hastie and I. Johnstone and R. Tibshirani},
	Journal = {The Annals of Statistics},
	Number = {2},
	Pages = {407-499},
	Title = {Least Angle Regression},
	Volume = {32},
	Year = {2004}}

@article{fan01,
	Author = {J. Fan and R. Li},
	Journal = {Journal of the American Statistical Association},
	Number = {456},
	Pages = {1348-1360},
	Title = {Variable Selection via Nonconcave Penalized Likelihood and Its Oracle Properties},
	Volume = {96},
	Year = {2001}}

@article{fan08,
	Author = {J. Fan and J. Lv},
	Journal = {Journal of the Royal Statistical Society: Series B},
	Pages = {849-911},
	Title = {Sure independence screening for ultrahigh dimensional feature space},
	Volume = {70},
	Year = {2008}}

@article{fan10,
	Author = {J. Fan and J. Lv},
	Journal = {Journal of the Royal Statistical Society: Series B},
	Note = {with discussion},
	Pages = {101-148},
	Title = {A selective overview of variable selection in high dimensional feature space},
	Volume = {20},
	Year = {2010}}

@article{fan12,
	Author = {J. Fan and S. Guo and N. Hao},
	Journal = {Journal of the Royal Statistical Society: Series B},
	Number = {1},
	Pages = {37-65},
	Title = {Variance estimation using refitted cross-validation in ultrahigh dimensional regression},
	Volume = {74},
	Year = {2012}}

@article{far96,
	Author = {C. P. Farrington},
	Journal = {Journal of the Royal Statistical Society: Series B},
	Number = {2},
	Pages = {349-360},
	Title = {On assessing goodness of fit of generalized linear model to sparse data},
	Volume = {58},
	Year = {1996}}

@article{fri10a,
	Author = {J. Friedman and T. Hastie and R.Tibshirani},
	Journal = {Journal of Statistical Software},
	Number = {1},
	Pages = {1-22},
	Title = {Regularization Paths for Generalized Linear Models via Coordinate Descent},
	Volume = {33},
	Year = {2010a}}

@manual{fri10b,
	Author = {J. Friedman and T. Hastie and R.Tibshirani},
	Note = {\url{http://CRAN.R-project.org/package=glmnet}},
	Organization = {R package version 1.1-5},
	Title = {{glmnet}: Lasso and Elastic-Net Regularized Generalized Linear Models},
	Year = {2010b}}

@article{goe10a,
	Author = {J. Goeman},
	Doi = {10.1002/bimj.200900028},
	Journal = {Biometrical Journal},
	Number = {1},
	Pages = {70-84},
	Title = {$L_1$ Penalized Estimation in the Cox Proportional Hazards Model},
	Volume = {52},
	Year = {2010a},
	Bdsk-Url-1 = {https://doi.org/10.1002/bimj.200900028}}

@manual{goe10b,
	Author = {J. Goeman},
	Note = {\url{http://CRAN.R-project.org/package=penalized}},
	Organization = {R package version 0.9-27},
	Title = {{penalized}: $L_1$ (Lasso) and $L_2$ (Ridge) Penalized Estimation in GLMs and in the Cox Model},
	Year = {2010b}}

@book{hasti09,
	Address = {New York},
	Author = {T. Hastie and R. Tibshirani and J. Friedman},
	Publisher = {Springer},
	Title = {The Elements of Statistical Learning: Data Mining, Inference, and Prediction},
	Year = {2009}}

@manual{hasti13,
	Author = {T. Hastie and B. Efron},
	Note = {\url{http://CRAN.R-project.org/package=lars}},
	Organization = {R package version 1.2},
	Title = {{lars}: Least Angle Regression, Lasso and Forward Stagewise},
	Year = {2013}}

@article{ridge70,
	Author = {A. E. Hoerl and R. Kennard},
	Journal = {Technometrics},
	Pages = {55-67},
	Title = {Ridge regression: Biased estimation for nonorthogonal problems},
	Volume = {12},
	Year = {1970}}

@article{ish10a,
	Author = {H. Ishwaran and U. B. Kogalur and J.S. Rao},
	Journal = {The R Journal},
	Number = {2},
	Pages = {68-73},
	Title = {spikeslab: Prediction and variable selection using spike and slab regression},
	Volume = {2},
	Year = {2010}}

@manual{ish10b,
	Author = {H. Ishwaran and U. B. Kogalur and J.S. Rao},
	Note = {\url{http://CRAN.R-project.org/package=spikeslab}},
	Organization = {R package version 1.1.2},
	Title = {{spikeslab}: Prediction and variable selection using spike and slab regression},
	Year = {2010b}}

@article{jr09,
	Author = {G. James and P. Radchenko},
	Journal = {Biometrika},
	Pages = {323-337},
	Title = {A generalized dantzig selector with shrinkage tuning},
	Volume = {96},
	Year = {2009}}

@article{jor87,
	Author = {B. Jorgensen},
	Journal = {Journal of the Royal Statistical Society, Series B},
	Pages = {127-162},
	Title = {Exponential dispersion models},
	Volume = {49},
	Year = {1987}}

@book{jor97,
	Address = {London},
	Author = {B. Jorgensen},
	Publisher = {Chapman $\&$ Hall},
	Title = {The Theory of Dispersion Models},
	Year = {1997}}

@article{kul51,
	Author = {S. Kullback and R. A. Leibler},
	Journal = {The Annals of Mathematical Statistics},
	Pages = {79-86},
	Title = {On Information and Sufficiency},
	Volume = {22},
	Year = {1951}}

@article{li87,
	Author = {K. C. Li},
	Journal = {Annals of Statistics},
	Pages = {958-975},
	Title = {Asymptotic Optimality for $C_p$ , $C_L$ , Cross-Validation and Generalized Cross-Validation: Discrete Index Set},
	Volume = {15},
	Year = {1987}}

@book{lit02,
	Address = {Cary, North Carolina},
	Author = {R. C. Littell and W. W. Stroup and R. J. Feund},
	Edition = {$4^{th}$},
	Publisher = {Sas Institute Inc.},
	Title = {SAS for Linear Models},
	Year = {2002}}

@book{mcc89,
	Address = {London},
	Author = {P. McCullagh and J. A. Nelder},
	Edition = {$2^{nd}$},
	Publisher = {Chapman $\&$ Hall},
	Title = {Generalized Liner Models},
	Year = {1989}}

@book{mcq98,
	Address = {Singapore},
	Author = {A. D. R. McQuarrie and C. L. Tsai},
	Edition = {$1^{st}$},
	Publisher = {World Scientific Publishing Co. Pte. Ltd.},
	Title = {Regression and Time Series Model Selection},
	Year = {1998}}

@techreport{oh03,
	Address = {Stockholm University},
	Author = {E. Ohlsson and B. Johansson},
	Institution = {Institute of Mathematical Statistics},
	Note = {Research Report 2003:15},
	Title = {Credibility theory and GLM revisited},
	Year = {2003}}

@book{panj06,
	Address = {New York},
	Author = {H. H. Panjer},
	Publisher = {John Wiley $\&$ Sons},
	Title = {Operational Risk: Modeling Analytics},
	Year = {2006}}

@article{park07a,
	Author = {M. Y. Park and T. Hastie},
	Journal = {Journal of the Royal Statistical Society, Series B},
	Number = {4},
	Pages = {659-677},
	Title = {$L_1$-Regularization Path Algorithm for Generalized Linear Models},
	Volume = {69},
	Year = {2007a}}

@manual{park07b,
	Author = {M. Y. Park and T. Hastie},
	Note = {\url{http://CRAN.R-project.org/package=glmpath}},
	Organization = {R package version 0.94},
	Title = {{glmpath}: $L_1$ Regularization Path for Generalized Linear Models and Cox Proportional Hazards Model},
	Year = {2007b}}

@book{press92,
	Address = {England},
	Author = {W. H. Press and B. P. Flannery and S. A. Teukolsky and W. T. Vetterling},
	Edition = {$2^{nd}$},
	Publisher = {Cambridge University Press},
	Title = {Numerical Recipes in Fortran 77: The Art of Scientific Computing},
	Year = {1992}}

@manual{r12,
	Address = {Vienna, Austria},
	Author = {{R Development Core Team}},
	Note = {{ISBN} 3900051-07-0},
	Organization = {R Foundation for Statistical Computing},
	Title = {R: A Language and Environment for Statistical Computing},
	Url = {http://www.R-project.org},
	Year = {2012},
	Bdsk-Url-1 = {http://www.R-project.org}}

@mastersthesis{rouy04,
	Author = {Ruoyan Meng},
	Institution = {Institute of Mathematical Statistics},
	School = {Stockholm University},
	Title = {Estimation of Dispersion Parameters in GLMs with and without Random Effects},
	Year = {2004}}

@article{schw78,
	Author = {G. Schwarz},
	Journal = {Annals of Statistics},
	Number = {2},
	Pages = {461-464},
	Title = {Estimating the Dimension of a Model},
	Volume = {6},
	Year = {1978}}

@article{shao97,
	Author = {J. Shao},
	Journal = {Statistica Sinica},
	Pages = {221-264},
	Title = {An Asymptotic Theory for Linear Model Selection},
	Volume = {7},
	Year = {1997}}

@article{shen04,
	Author = {X. Shen and H. C. Huang and J. Ye},
	Journal = {Technometrics},
	Pages = {306-317},
	Title = {Adaptive model selection and assessment for exponential family distribution},
	Volume = {46},
	Year = {2004}}

@article{shib81,
	Author = {R. Shibata},
	Journal = {Biometrika},
	Pages = {45-54},
	Title = {An Optimal Selection of Regression Variables},
	Volume = {68},
	Year = {1981}}

@article{shib84,
	Author = {R. Shibata},
	Journal = {Biometrika},
	Pages = {43-49},
	Title = {Approximation Efficiency of a Selection Procedure for the Number of Regression Variables},
	Volume = {71},
	Year = {1984}}

@article{ston77,
	Author = {M. Stone},
	Journal = {Biometrika},
	Pages = {29-35},
	Title = {Asymptotics for and against cross-validation},
	Volume = {64},
	Year = {1977}}

@article{tib96,
	Author = {R. Tibshirani},
	Journal = {Journal of the Royal Statistical Society, Series B},
	Number = {1},
	Pages = {267-288},
	Title = {Regression Shrinkage and Selection Via the Lasso},
	Volume = {58},
	Year = {1996}}

@techreport{ult11,
	Address = {Munich University},
	Author = {J. Ultricht and G. Tutz},
	Institution = {Department of Statistics},
	Note = {Technical Reports No. 99},
	Title = {Combining Quadratic Penalization and Variable Selection via Forward Boosting},
	Year = {2011}}

@book{vena02,
	Author = {W. N. Venables and B. D. Ripley},
	Edition = {$4^{th}$},
	Publisher = {Springer},
	Title = {Modern Applied Statistics with S},
	Year = {2002}}

@article{vos91,
	Author = {P. W. Vos},
	Journal = {Annals of Statistics},
	Pages = {1570-1581},
	Title = {A geometric approach to detecting influential cases},
	Volume = {19},
	Year = {1991}}

@book{wr67,
	Address = {New York},
	Author = {E. T. Whittaker and G. Robinson},
	Edition = {$4^{th}$},
	Publisher = {Dover Publications},
	Title = {The Calculus of Observations: An Introduction to Numerical Analysis},
	Year = {1967}}

@book{wood06,
	Address = {Boca Raton},
	Author = {S. N. Wood},
	Publisher = {Chapman $\&$ Hall/CRC},
	Title = {Generalized Additive Models: An Introduction with R},
	Year = {2006}}

@article{zhan10,
	Author = {C. H. Zhang},
	Journal = {Annals of Statistics},
	Number = {2},
	Pages = {894-942},
	Title = {Nearly Unbiased Variable Selection Under Minimax Concave Penalty},
	Volume = {38},
	Year = {2010}}

@article{zou05a,
	Author = {H. Zou and T. Hastie},
	Journal = {Journal of the Royal Statistical Society, Series B},
	Number = {2},
	Pages = {301-320},
	Title = {Regularization and Variable Selection via the Elastic Net},
	Volume = {67},
	Year = {2005a}}

@manual{zou05b,
	Author = {H. Zou and T. Hastie},
	Note = {\url{http://CRAN.R-project.org/package=elasticnet}},
	Organization = {R package version 1.1},
	Title = {{elasticnet}: Elastic-Net for Sparse Estimation and Sparse PCA},
	Year = {2005b}}

@article{zou07,
	Author = {H. Zou and T. Hastie and R. Tibshirani},
	Journal = {Annals of Statistics},
	Number = {5},
	Pages = {2173-2192},
	Title = {On the Degrees of Freedom of the Lasso},
	Volume = {35},
	Year = {2007}}

@article{bao2004prevalent,
	Author = {Bao, L. and Kimzey, A. and Sauter, G. and Sowadski, J. M. and Lu, K. P. and Wang, D. G.},
	Journal = {The American journal of pathology},
	Number = {5},
	Pages = {1727--1737},
	Publisher = {Elsevier},
	Title = {Prevalent overexpression of prolyl isomerase Pin1 in human cancers},
	Volume = {164},
	Year = {2004}}

@article{nagel2012metabolic,
	Author = {Nagel, G. and Bj{\o}rge, T. and Stocks, T. and Manjer, J. and Hallmans, G. and Edlinger, M. and H{\"a}ggstr{\"o}m, C. and Engeland, A. and Johansen, D. and Kleiner, A. and others},
	Journal = {British Journal of Dermatology},
	Number = {1},
	Pages = {59--67},
	Publisher = {Wiley Online Library},
	Title = {Metabolic risk factors and skin cancer in the Metabolic Syndrome and Cancer Project (Me-Can)},
	Volume = {167},
	Year = {2012}}

@article{boldrini2006telomerase,
	Author = {Boldrini, L. and Pistolesi, S. and Gisfredi, S. and Ursino, S. and Ali, G. and Pieracci, N. and Basolo, F. and Parenti, G. and Fontanini, G.},
	Journal = {International journal of oncology},
	Number = {6},
	Pages = {1555--1560},
	Publisher = {Spandidos Publications},
	Title = {Telomerase activity and hTERT mRNA expression in glial tumors},
	Volume = {28},
	Year = {2006}}

@article{sohn2009gradient,
	Author = {Sohn, I. and Kim, J. and Jung, S. and Park, C.},
	Journal = {Bioinformatics},
	Number = {14},
	Pages = {1775--1781},
	Publisher = {Oxford Univ Press},
	Title = {Gradient lasso for Cox proportional hazards model},
	Volume = {25},
	Year = {2009}}

@article{goeman2010l1,
	Author = {Goeman, J. J.},
	Journal = {Biometrical journal},
	Number = {1},
	Pages = {70--84},
	Publisher = {Wiley Online Library},
	Title = {L1 penalized estimation in the Cox proportional hazards model},
	Volume = {52},
	Year = {2010}}

@article{gui2005penalized,
	Author = {Gui, J. and Li, H.},
	Journal = {Bioinformatics},
	Number = {13},
	Pages = {3001--3008},
	Publisher = {Oxford Univ Press},
	Title = {Penalized Cox regression analysis in the high-dimensional and low-sample size settings, with applications to microarray gene expression data},
	Volume = {21},
	Year = {2005}}

@article{rippe2012visualization,
	Author = {Rippe, R. C. A. and Meulman, J. J. and Eilers, P. H. C.},
	Journal = {PloS one},
	Number = {6},
	Pages = {e38230},
	Publisher = {Public Library of Science},
	Title = {Visualization of genomic changes by segmented smoothing using an L 0 penalty},
	Volume = {7},
	Year = {2012}}

@article{zou2005regularization,
	Author = {Zou, H. and Hastie, T.},
	Journal = {Journal of the Royal Statistical Society: Series B (Statistical Methodology)},
	Number = {2},
	Pages = {301--320},
	Publisher = {Wiley Online Library},
	Title = {Regularization and variable selection via the elastic net},
	Volume = {67},
	Year = {2005}}

@article{Peto,
	Abstract = {Asymptotically efficient rank invariant test procedures for detecting differences between two groups of independent observations are derived. These are generalized to test between two groups of independent censored observations, to test between many groups of observations, and to test between groups after allowance for the effects of concomitant variables. One of these test procedures--the logrank--is particularly appropriate for comparing life tables, and can therefore be used in the analysis of clinical trials, industrial life-testing experiments and laboratory studies of animal carcinogenesis. It has greater local power than any other rank-invariant test procedure for detecting Lehmann-type differences between groups of independent observations subject to some right-censoring. The logrank test, although a rank test, can be presented in a format which exhibits the physical significance as well as the statistical significance of any important differences between groups of events.},
	Author = {Peto, R. and Peto, J.},
	Copyright = {Copyright {\copyright} 1972 Royal Statistical Society},
	Issn = {00359238},
	Journal = {Journal of the Royal Statistical Society. Series A (General)},
	Jstor_Articletype = {research-article},
	Jstor_Formatteddate = {1972},
	Language = {English},
	Number = {2},
	Pages = {pp. 185-207},
	Publisher = {Wiley for the Royal Statistical Society},
	Title = {Asymptotically Efficient Rank Invariant Test Procedures},
	Url = {http://www.jstor.org/stable/2344317},
	Volume = {135},
	Year = {1972},
	Bdsk-Url-1 = {http://www.jstor.org/stable/2344317}}

@article{Guillen,
	Abstract = {{Purpose: This study assesses the ability of multidrug resistance (MDR)--associated gene expression patterns to predict survival in patients with newly diagnosed carcinoma of the ovary. The scope of this research differs substantially from that of previous reports, as a very large set of genes was evaluated whose expression has been shown to affect response to chemotherapy.}},
	Author = {Gillet, J. P. and Calcagno, A. M. and Varma, S. and Davidson, B. and Elstrand, Mari B. and Ganapathi, Ram and Kamat, Aparna A. and Sood, Anil K. and Ambudkar, Suresh V. and Seiden, Michael V. and Rueda, Bo R. and Gottesman, Michael M.},
	Citeulike-Article-Id = {10576755},
	Citeulike-Linkout-0 = {http://dx.doi.org/10.1158/1078-0432.ccr-12-0056},
	Citeulike-Linkout-1 = {http://clincancerres.aacrjournals.org/content/early/2012/04/05/1078-0432.CCR-12-0056.abstract},
	Citeulike-Linkout-2 = {http://clincancerres.aacrjournals.org/content/early/2012/04/05/1078-0432.CCR-12-0056.full.pdf},
	Citeulike-Linkout-3 = {http://view.ncbi.nlm.nih.gov/pubmed/22492981},
	Citeulike-Linkout-4 = {http://www.hubmed.org/display.cgi?uids=22492981},
	Day = {01},
	Doi = {10.1158/1078-0432.ccr-12-0056},
	Issn = {1557-3265},
	Journal = {Clinical Cancer Research},
	Month = jun,
	Number = {11},
	Pages = {3197--3206},
	Pmid = {22492981},
	Posted-At = {2012-04-18 17:23:40},
	Priority = {2},
	Publisher = {American Association for Cancer Research},
	Title = {{Multidrug Resistance--Linked Gene Signature Predicts Overall Survival of Patients with Primary Ovarian Serous Carcinoma}},
	Url = {http://dx.doi.org/10.1158/1078-0432.ccr-12-0056},
	Volume = {18},
	Year = {2012},
	Bdsk-Url-1 = {http://dx.doi.org/10.1158/1078-0432.ccr-12-0056}}

@article{Galsky,
	Author = {Ross, R. W. and Galsky, M. D. and Scher, H. I. and Magidson, J. and Wassmann, K. and Lee, G. S. Mary and Katz, L. and Subudhi, S. K. and Anand, A. and Fleisher, Martin and Kantoff, Philip W and Oh, William K},
	Journal = {Lancet Oncol},
	Number = {11},
	Pages = {1105-13},
	Title = {A whole-blood RNA transcript-based prognostic model in men with castration-resistant prostate cancer: a prospective study.},
	Volume = {13},
	Year = {2012}}

@article{Loboda,
	Author = {Loboda, A. and Nebozhyn, M. V. and Watters, J. W. and Buser, C. A., and et al},
	Journal = {BMC Med Genomics},
	Number = 20,
	Pages = {4-9},
	Title = {EMT is the dominant program in human colon cancer},
	Year = 2011}

@article{Mok,
	Author = {Mok, S. C. and Bonome, T. and Vathipadiekal, V. and Bell, A. and et al},
	Journal = {Cancer Cell},
	Number = 6,
	Pages = {321-32},
	Title = {A gene signature predictive for outcome in advanced ovarian cancer identifies a survival factor: microfibril-associated glycoprotein 2},
	Volume = 16,
	Year = 2009}

@article{Jonsson,
	Author = {Jonsson, G. and Busch, C. and Knappskog, S. and Geisler, J. and et al},
	Journal = {Clin Cancer Res},
	Number = 13,
	Pages = {3356-67},
	Title = {Gene expression profiling-based identification of molecular subtypes in stage IV melanomas with different clinical outcome.},
	Volume = 16,
	Year = 2010}

@article{journals/bioinformatics/TroyanskayaCSBHTBA01,
	Added-At = {2011-06-29T00:00:00.000+0200},
	Author = {Troyanskaya, O. G. and Cantor, M. and Sherlock, G. and Brown, P. O. and Hastie, T. and Tibshirani, R. and Botstein, D. and Altman, R. B.},
	Biburl = {http://www.bibsonomy.org/bibtex/2fa8d87c47e3d951d7c5c6a5eba086606/dblp},
	Ee = {http://dx.doi.org/10.1093/bioinformatics/17.6.520},
	Interhash = {e0f3e53620a7a7b40e74772ef8b21a89},
	Intrahash = {fa8d87c47e3d951d7c5c6a5eba086606},
	Journal = {Bioinformatics},
	Keywords = {dblp},
	Number = 6,
	Pages = {520-525},
	Timestamp = {2011-06-29T00:00:00.000+0200},
	Title = {Missing value estimation methods for DNA microarrays.},
	Url = {http://dblp.uni-trier.de/db/journals/bioinformatics/bioinformatics17.html#TroyanskayaCSBHTBA01},
	Volume = 17,
	Year = 2001,
	Bdsk-Url-1 = {http://dblp.uni-trier.de/db/journals/bioinformatics/bioinformatics17.html#TroyanskayaCSBHTBA01}}

@article{Rosenwald2002,
	Abstract = {{BACKGROUND: The survival of patients with diffuse large-B-cell lymphoma
	after chemotherapy is influenced by molecular features of the tumors.
	We used the gene-expression profiles of these lymphomas to develop
	a molecular predictor of survival. METHODS: Biopsy samples of diffuse
	large-B-cell lymphoma from 240 patients were examined for gene expression
	with the use of DNA microarrays and analyzed for genomic abnormalities.
	Subgroups with distinctive gene-expression profiles were defined
	on the basis of hierarchical clustering. A molecular predictor of
	risk was constructed with the use of genes with expression patterns
	that were associated with survival in a preliminary group of 160
	patients and was then tested in a validation group of 80 patients.
	The accuracy of this predictor was compared with that of the international
	prognostic index. RESULTS: Three gene-expression subgroups--germinal-center
	B-cell-like, activated B-cell-like, and type 3 diffuse large-B-cell
	lymphoma--were identified. Two common oncogenic events in diffuse
	large-B-cell lymphoma, bcl-2 translocation and c-rel amplification,
	were detected only in the germinal-center B-cell-like subgroup. Patients
	in this subgroup had the highest five-year survival rate. To identify
	other molecular determinants of outcome, we searched for individual
	genes with expression patterns that correlated with survival in the
	preliminary group of patients. Most of these genes fell within four
	gene-expression signatures characteristic of germinal-center B cells,
	proliferating cells, reactive stromal and immune cells in the lymph
	node, or major-histocompatibility-complex class II complex. We used
	17 genes to construct a predictor of overall survival after chemotherapy.
	This gene-based predictor and the international prognostic index
	were independent prognostic indicators. CONCLUSIONS: DNA microarrays
	can be used to formulate a molecular predictor of survival after
	chemotherapy for diffuse large-B-cell lymphoma.}},
	Author = {Rosenwald, A. and Wright, G. and Chan, W. C. and Connors, J. M. and Campo, E. and Fisher, R. I. and Gascoyne, R. D. and Konrad and Smeland, Erlend B. and Giltnane, Jena M. and Hurt, Elaine M. and Zhao, Hong and Averett, Lauren and Yang, Liming and Wilson, Wyndham H. and Jaffe, Elaine S. and Simon, Richard and Klausner, Richard D. and Powell, John and Duffey, Patricia L. and Longo, Dan L. and Greiner, Timothy C. and Weisenburger, Dennis D. and Sanger, Warren G. and Dave, Bhavana J. and Lynch, James C. and Vose, Julie and Armitage, James O. and Montserrat, Emilio and Guillermo, Armando L. and Grogan, Thomas M. and Miller, Thomas P. and Leblanc, Michel and Ott, German and Kvaloy, Stein and Delabie, Jan and Holte, Harald and Krajci, Peter and Stokke, Trond and Staudt, Louis M.},
	Citeulike-Article-Id = {1925685},
	Doi = {10.1056/NEJMoa012914},
	Journal = {N Engl J Med},
	Keywords = {aged, analysis, antibiotics, antineoplastic, array, b-cell, bibtex-import, biopsy, chemotherapy, combined, diffuse, expression, female, gene, hazards, humans, large-cell, lymphoma, male, middle, models, oligonucleotide, profiling, prognosis, proportional, protocols, retrospective, sequence, studies, survival},
	Month = jun,
	Number = {25},
	Pages = {1937--1947},
	Posted-At = {2007-11-16 09:48:19},
	Priority = {2},
	Title = {The use of molecular profiling to predict survival after chemotherapy for diffuse large-{B}-cell lymphoma.},
	Volume = {346},
	Year = {2002},
	Bdsk-Url-1 = {https://doi.org/10.1056/NEJMoa012914}}

@article{BIMJ:BIMJ200900028,
	Author = {Goeman, J. J.},
	Doi = {10.1002/bimj.200900028},
	Issn = {1521-4036},
	Journal = {Biometrical Journal},
	Keywords = {Gradient ascent, Lasso, Penalty, Survival},
	Number = {1},
	Pages = {70--84},
	Publisher = {WILEY-VCH Verlag},
	Title = {L1 Penalized Estimation in the Cox Proportional Hazards Model},
	Url = {http://dx.doi.org/10.1002/bimj.200900028},
	Volume = {52},
	Year = {2010},
	Bdsk-Url-1 = {http://dx.doi.org/10.1002/bimj.200900028}}

@article{konishi1996generalised,
	Author = {Konishi, S. and Kitagawa, G.},
	Journal = {Biometrika},
	Number = {4},
	Pages = {875--890},
	Publisher = {Biometrika Trust},
	Title = {Generalised information criteria in model selection},
	Volume = {83},
	Year = {1996}}

@book{konishi2008information,
	Author = {Konishi, S. and Kitagawa, G.},
	Publisher = {Springer},
	Title = {Information criteria and statistical modeling},
	Year = {2008}}

@article{CaiEtAl_BioK_05,
	Author = {J. Cai and J. Fan and R. Li},
	Date-Added = {2013-05-29 12:33:38 +0200},
	Date-Modified = {2013-05-29 12:33:51 +0200},
	Journal = {Biometrika},
	Keywords = {cox regression, relative risk, proportial hazards model, scad},
	Number = {2},
	Pages = {303-316},
	Title = {Variable selection for multivariate failure time data},
	Volume = {92},
	Year = {2005},
	Bdsk-File-1 = {YnBsaXN0MDDUAQIDBAUGJCVYJHZlcnNpb25YJG9iamVjdHNZJGFyY2hpdmVyVCR0b3ASAAGGoKgHCBMUFRYaIVUkbnVsbNMJCgsMDxJXTlMua2V5c1pOUy5vYmplY3RzViRjbGFzc6INDoACgAOiEBGABIAFgAdccmVsYXRpdmVQYXRoWWFsaWFzRGF0YV8QHy4uLy4uLy4uLy4uL0NhaUV0QWxfQmlvS18wNS5wZGbSFwsYGVdOUy5kYXRhTxECzAAAAAACzAACAAAFbHVpZ2kAAAAAAAAAAAAAAAAAAAAAAAAAAAAAxklLE0grAAUAAAA5E0NhaUV0QWxfQmlvS18wNS5wZGYAAAAAAAAAAAAAAAAAAAAAAAAAAAAAAAAAAAAAAAAAAAAAAAAAAAAAAAAAAAA8X7zNy6NkAAAAAAAAAAAABAABAAANAgAAAAAAAAAAAAAAAAAAAAdEZXNrdG9wAAAQAAgAAMZJLvMAAAARAAgAAM3Lh0QAAAABAAQAAAA5AAIAIWx1aWdpOkRlc2t0b3A6Q2FpRXRBbF9CaW9LXzA1LnBkZgAADgAoABMAQwBhAGkARQB0AEEAbABfAEIAaQBvAEsAXwAwADUALgBwAGQAZgAPAAwABQBsAHUAaQBnAGkAEgAcL0Rlc2t0b3AvQ2FpRXRBbF9CaW9LXzA1LnBkZgATAAwvVXNlcnMvbHVpZ2kAFAFqAAAAAAFqAAIAAQxNYWNpbnRvc2ggSEQAAAAAAAAAAAAAAAAAAADFqaTeSCsAAAANCC0SbHVpZ2kuc3BhcnNlYnVuZGxlAAAAAAAAAAAAAAAAAAAAAAAAAAAAAAAAAAAAAAAAAAAAAAAAAAAAAAAAAAAAAA0FmsZJSxIAAAAAAAAAAP////8AAAkgAAAAAAAAAAAAAAAAAAAABi5sdWlnaQAQAAgAAMWpls4AAAARAAgAAMZJLvIAAAABAAgADQgtAAB8UwACACxNYWNpbnRvc2ggSEQ6VXNlcnM6Lmx1aWdpOmx1aWdpLnNwYXJzZWJ1bmRsZQAOACYAEgBsAHUAaQBnAGkALgBzAHAAYQByAHMAZQBiAHUAbgBkAGwAZQAPABoADABNAGEAYwBpAG4AdABvAHMAaAAgAEgARAASAB9Vc2Vycy8ubHVpZ2kvbHVpZ2kuc3BhcnNlYnVuZGxlAAATAAEvAP//AAAAFQACAAz//wAAgAbSGxwdHlokY2xhc3NuYW1lWCRjbGFzc2VzXU5TTXV0YWJsZURhdGGjHR8gVk5TRGF0YVhOU09iamVjdNIbHCIjXE5TRGljdGlvbmFyeaIiIF8QD05TS2V5ZWRBcmNoaXZlctEmJ1Ryb290gAEACAARABoAIwAtADIANwBAAEYATQBVAGAAZwBqAGwAbgBxAHMAdQB3AIQAjgCwALUAvQONA48DlAOfA6gDtgO6A8EDygPPA9wD3wPxA/QD+QAAAAAAAAIBAAAAAAAAACgAAAAAAAAAAAAAAAAAAAP7}}

@article{Zou_BioK_08,
	Author = {H. Zou},
	Date-Added = {2013-05-29 12:11:36 +0200},
	Date-Modified = {2013-05-29 12:11:43 +0200},
	Journal = {Biometrika},
	Keywords = {cox regression, daptive path, lasso, Oracle estimator, Penalized likelihood, SCAD, Variable Selection},
	Number = {1},
	Pages = {241--247},
	Title = {A note on path-based variable selection in the penalized proportional hazards model},
	Volume = {95},
	Year = {2008},
	Bdsk-File-1 = {YnBsaXN0MDDUAQIDBAUGJCVYJHZlcnNpb25YJG9iamVjdHNZJGFyY2hpdmVyVCR0b3ASAAGGoKgHCBMUFRYaIVUkbnVsbNMJCgsMDxJXTlMua2V5c1pOUy5vYmplY3RzViRjbGFzc6INDoACgAOiEBGABIAFgAdccmVsYXRpdmVQYXRoWWFsaWFzRGF0YV8Qby4uLy4uLy4uLy4uLy4uL0RvY3VtZW50cy9BcmNoaXZpb0FydGljb2xpL0hpZ2hEaW1lbnNpb25hbERhdGEvU2hyaW5rYWdlL2xhc3NvL2FkYXB0aXZlIGxhc3NvL1pvdV9CaW9LXzA4KFApLnBkZtIXCxgZV05TLmRhdGFPEQNuAAAAAANuAAIAAAVsdWlnaQAAAAAAAAAAAAAAAAAAAAAAAAAAAADGSUsTSCsABQAAOoQSWm91X0Jpb0tfMDgoUCkucGRmAAAAAAAAAAAAAAAAAAAAAAAAAAAAAAAAAAAAAAAAAAAAAAAAAAAAAAAAAAAAAAA6iMXxXMgAAAAAAAAAAAAFAAcAAA0CAAAAAAAAAAAAAAAAAAAADmFkYXB0aXZlIGxhc3NvABAACAAAxkku8wAAABEACAAAxfFOuAAAAAEAGAAAOoQAADqCAAA6SgAAOkEAADdJAAAB3AACAGZsdWlnaTpEb2N1bWVudHM6QXJjaGl2aW9BcnRpY29saTpIaWdoRGltZW5zaW9uYWxEYXRhOlNocmlua2FnZTpsYXNzbzphZGFwdGl2ZSBsYXNzbzpab3VfQmlvS18wOChQKS5wZGYADgAmABIAWgBvAHUAXwBCAGkAbwBLAF8AMAA4ACgAUAApAC4AcABkAGYADwAMAAUAbAB1AGkAZwBpABIAYS9Eb2N1bWVudHMvQXJjaGl2aW9BcnRpY29saS9IaWdoRGltZW5zaW9uYWxEYXRhL1Nocmlua2FnZS9sYXNzby9hZGFwdGl2ZSBsYXNzby9ab3VfQmlvS18wOChQKS5wZGYAABMADC9Vc2Vycy9sdWlnaQAUAWoAAAAAAWoAAgABDE1hY2ludG9zaCBIRAAAAAAAAAAAAAAAAAAAAMWppN5IKwAAAA0ILRJsdWlnaS5zcGFyc2VidW5kbGUAAAAAAAAAAAAAAAAAAAAAAAAAAAAAAAAAAAAAAAAAAAAAAAAAAAAAAAAAAAAADQWaxklLEgAAAAAAAAAA/////wAACSAAAAAAAAAAAAAAAAAAAAAGLmx1aWdpABAACAAAxamWzgAAABEACAAAxkku8gAAAAEACAANCC0AAHxTAAIALE1hY2ludG9zaCBIRDpVc2VyczoubHVpZ2k6bHVpZ2kuc3BhcnNlYnVuZGxlAA4AJgASAGwAdQBpAGcAaQAuAHMAcABhAHIAcwBlAGIAdQBuAGQAbABlAA8AGgAMAE0AYQBjAGkAbgB0AG8AcwBoACAASABEABIAH1VzZXJzLy5sdWlnaS9sdWlnaS5zcGFyc2VidW5kbGUAABMAAS8A//8AAAAVAAIADP//AACABtIbHB0eWiRjbGFzc25hbWVYJGNsYXNzZXNdTlNNdXRhYmxlRGF0YaMdHyBWTlNEYXRhWE5TT2JqZWN00hscIiNcTlNEaWN0aW9uYXJ5oiIgXxAPTlNLZXllZEFyY2hpdmVy0SYnVHJvb3SAAQAIABEAGgAjAC0AMgA3AEAARgBNAFUAYABnAGoAbABuAHEAcwB1AHcAhACOAQABBQENBH8EgQSGBJEEmgSoBKwEswS8BMEEzgTRBOME5gTrAAAAAAAAAgEAAAAAAAAAKAAAAAAAAAAAAAAAAAAABO0=}}

@article{DuEtAl_AOS_10,
	Author = {P. Du and S. Ma and H. Liang},
	Date-Added = {2013-05-29 12:06:00 +0200},
	Date-Modified = {2013-05-29 12:07:02 +0200},
	Journal = {The Annals of Statistics},
	Keywords = {relative risk, lasso, scad},
	Number = {4},
	Pages = {2092-2117},
	Title = {Penalized variable selection procedure for {Cox}-model with semiparametric relative risk},
	Volume = {38},
	Year = {2010},
	Bdsk-File-1 = {YnBsaXN0MDDUAQIDBAUGJCVYJHZlcnNpb25YJG9iamVjdHNZJGFyY2hpdmVyVCR0b3ASAAGGoKgHCBMUFRYaIVUkbnVsbNMJCgsMDxJXTlMua2V5c1pOUy5vYmplY3RzViRjbGFzc6INDoACgAOiEBGABIAFgAdccmVsYXRpdmVQYXRoWWFsaWFzRGF0YV8Qei4uLy4uLy4uLy4uLy4uL0RvY3VtZW50cy9BcmNoaXZpb0FydGljb2xpL0hpZ2hEaW1lbnNpb25hbERhdGEvU2hyaW5rYWdlL25vbmNvbnZleCBwZW5hbHR5IGZ1bmN0aW9ucy9zY2FkL0R1RXRBbF9BT1NfMTAucGRm0hcLGBlXTlMuZGF0YU8RA3gAAAAAA3gAAgAABWx1aWdpAAAAAAAAAAAAAAAAAAAAAAAAAAAAAMZJSxNIKwAFAAA6oRFEdUV0QWxfQU9TXzEwLnBkZgAAAAAAAAAAAAAAAAAAAAAAAAAAAAAAAAAAAAAAAAAAAAAAAAAAAAAAAAAAAAAAO1dtzbe+DwAAAAAAAAAAAAUABwAADQIAAAAAAAAAAAAAAAAAAAAEc2NhZAAQAAgAAMZJLvMAAAARAAgAAM23oe8AAAABABgAADqhABK7BwAAOkoAADpBAAA3SQAAAdwAAgBxbHVpZ2k6RG9jdW1lbnRzOkFyY2hpdmlvQXJ0aWNvbGk6SGlnaERpbWVuc2lvbmFsRGF0YTpTaHJpbmthZ2U6bm9uY29udmV4IHBlbmFsdHkgZnVuY3Rpb25zOnNjYWQ6RHVFdEFsX0FPU18xMC5wZGYAAA4AJAARAEQAdQBFAHQAQQBsAF8AQQBPAFMAXwAxADAALgBwAGQAZgAPAAwABQBsAHUAaQBnAGkAEgBsL0RvY3VtZW50cy9BcmNoaXZpb0FydGljb2xpL0hpZ2hEaW1lbnNpb25hbERhdGEvU2hyaW5rYWdlL25vbmNvbnZleCBwZW5hbHR5IGZ1bmN0aW9ucy9zY2FkL0R1RXRBbF9BT1NfMTAucGRmABMADC9Vc2Vycy9sdWlnaQAUAWoAAAAAAWoAAgABDE1hY2ludG9zaCBIRAAAAAAAAAAAAAAAAAAAAMWppN5IKwAAAA0ILRJsdWlnaS5zcGFyc2VidW5kbGUAAAAAAAAAAAAAAAAAAAAAAAAAAAAAAAAAAAAAAAAAAAAAAAAAAAAAAAAAAAAADQWaxklLEgAAAAAAAAAA/////wAACSAAAAAAAAAAAAAAAAAAAAAGLmx1aWdpABAACAAAxamWzgAAABEACAAAxkku8gAAAAEACAANCC0AAHxTAAIALE1hY2ludG9zaCBIRDpVc2VyczoubHVpZ2k6bHVpZ2kuc3BhcnNlYnVuZGxlAA4AJgASAGwAdQBpAGcAaQAuAHMAcABhAHIAcwBlAGIAdQBuAGQAbABlAA8AGgAMAE0AYQBjAGkAbgB0AG8AcwBoACAASABEABIAH1VzZXJzLy5sdWlnaS9sdWlnaS5zcGFyc2VidW5kbGUAABMAAS8A//8AAAAVAAIADP//AACABtIbHB0eWiRjbGFzc25hbWVYJGNsYXNzZXNdTlNNdXRhYmxlRGF0YaMdHyBWTlNEYXRhWE5TT2JqZWN00hscIiNcTlNEaWN0aW9uYXJ5oiIgXxAPTlNLZXllZEFyY2hpdmVy0SYnVHJvb3SAAQAIABEAGgAjAC0AMgA3AEAARgBNAFUAYABnAGoAbABuAHEAcwB1AHcAhACOAQsBEAEYBJQElgSbBKYErwS9BMEEyATRBNYE4wTmBPgE+wUAAAAAAAAAAgEAAAAAAAAAKAAAAAAAAAAAAAAAAAAABQI=}}

@article{SimonEtAl_JSS_11,
	Author = {N. Simon and J. H. Friedman and T. Hastie and R. Tibshirani},
	Date-Added = {2013-05-29 11:55:28 +0200},
	Date-Modified = {2013-05-29 11:56:52 +0200},
	Journal = {Journal of Statistical Software},
	Keywords = {lasso, Co-ordinate descent algorithm, cox regression},
	Number = {5},
	Pages = {1-13},
	Title = {Regularization Paths for {Cox}'s Proportional Hazards Model via Coordinate Descent},
	Volume = {39},
	Year = {2011},
	Bdsk-File-1 = {YnBsaXN0MDDUAQIDBAUGJCVYJHZlcnNpb25YJG9iamVjdHNZJGFyY2hpdmVyVCR0b3ASAAGGoKgHCBMUFRYaIVUkbnVsbNMJCgsMDxJXTlMua2V5c1pOUy5vYmplY3RzViRjbGFzc6INDoACgAOiEBGABIAFgAdccmVsYXRpdmVQYXRoWWFsaWFzRGF0YV8QYi4uLy4uLy4uLy4uLy4uL0RvY3VtZW50cy9BcmNoaXZpb0FydGljb2xpL0hpZ2hEaW1lbnNpb25hbERhdGEvU2hyaW5rYWdlL2xhc3NvL1NpbW9uRXRBbF9KU1NfMTEucGRm0hcLGBlXTlMuZGF0YU8RA0wAAAAAA0wAAgAABWx1aWdpAAAAAAAAAAAAAAAAAAAAAAAAAAAAAMZJSxNIKwAFAAA6ghRTaW1vbkV0QWxfSlNTXzExLnBkZgAAAAAAAAAAAAAAAAAAAAAAAAAAAAAAAAAAAAAAAAAAAAAAAAAAAAAAAAAAJs7+y7xLBVBERiBDQVJPAAUABgAADQIAAAAAAAAAAAAAAAAAAAAFbGFzc28AABAACAAAxkku8wAAABEACAAAy7wu5QAAAAEAFAAAOoIAADpKAAA6QQAAN0kAAAHcAAIAWWx1aWdpOkRvY3VtZW50czpBcmNoaXZpb0FydGljb2xpOkhpZ2hEaW1lbnNpb25hbERhdGE6U2hyaW5rYWdlOmxhc3NvOlNpbW9uRXRBbF9KU1NfMTEucGRmAAAOACoAFABTAGkAbQBvAG4ARQB0AEEAbABfAEoAUwBTAF8AMQAxAC4AcABkAGYADwAMAAUAbAB1AGkAZwBpABIAVC9Eb2N1bWVudHMvQXJjaGl2aW9BcnRpY29saS9IaWdoRGltZW5zaW9uYWxEYXRhL1Nocmlua2FnZS9sYXNzby9TaW1vbkV0QWxfSlNTXzExLnBkZgATAAwvVXNlcnMvbHVpZ2kAFAFqAAAAAAFqAAIAAQxNYWNpbnRvc2ggSEQAAAAAAAAAAAAAAAAAAADFqaTeSCsAAAANCC0SbHVpZ2kuc3BhcnNlYnVuZGxlAAAAAAAAAAAAAAAAAAAAAAAAAAAAAAAAAAAAAAAAAAAAAAAAAAAAAAAAAAAAAA0FmsZJSxIAAAAAAAAAAP////8AAAkgAAAAAAAAAAAAAAAAAAAABi5sdWlnaQAQAAgAAMWpls4AAAARAAgAAMZJLvIAAAABAAgADQgtAAB8UwACACxNYWNpbnRvc2ggSEQ6VXNlcnM6Lmx1aWdpOmx1aWdpLnNwYXJzZWJ1bmRsZQAOACYAEgBsAHUAaQBnAGkALgBzAHAAYQByAHMAZQBiAHUAbgBkAGwAZQAPABoADABNAGEAYwBpAG4AdABvAHMAaAAgAEgARAASAB9Vc2Vycy8ubHVpZ2kvbHVpZ2kuc3BhcnNlYnVuZGxlAAATAAEvAP//AAAAFQACAAz//wAAgAbSGxwdHlokY2xhc3NuYW1lWCRjbGFzc2VzXU5TTXV0YWJsZURhdGGjHR8gVk5TRGF0YVhOU09iamVjdNIbHCIjXE5TRGljdGlvbmFyeaIiIF8QD05TS2V5ZWRBcmNoaXZlctEmJ1Ryb290gAEACAARABoAIwAtADIANwBAAEYATQBVAGAAZwBqAGwAbgBxAHMAdQB3AIQAjgDzAPgBAARQBFIEVwRiBGsEeQR9BIQEjQSSBJ8EogS0BLcEvAAAAAAAAAIBAAAAAAAAACgAAAAAAAAAAAAAAAAAAAS+}}

@book{KassEtAl_Book_97,
	Address = {New York},
	Author = {R. E. Kass and P. W. Vos},
	Date-Added = {2013-05-29 11:51:41 +0200},
	Date-Modified = {2013-05-29 11:51:41 +0200},
	Keywords = {differential geometry, exponential family, Maximum likelihood estimate, information geometry},
	Publisher = {John Wiley \& Sons},
	Title = {Geometrical {F}oundations of Asymptotic Inference},
	Year = {1997},
	Bdsk-File-1 = {YnBsaXN0MDDUAQIDBAUGJCVYJHZlcnNpb25YJG9iamVjdHNZJGFyY2hpdmVyVCR0b3ASAAGGoKgHCBMUFRYaIVUkbnVsbNMJCgsMDxJXTlMua2V5c1pOUy5vYmplY3RzViRjbGFzc6INDoACgAOiEBGABIAFgAdccmVsYXRpdmVQYXRoWWFsaWFzRGF0YV8Qoy4uLy4uLy4uLy4uLy4uL0RvY3VtZW50cy9CaWJsaW90ZWNhL1N0YXRpc3RpY2EvSW5mZXJlbmNlL1JvYmVydCBFLiBLYXNzLCBQYXVsIFcuIFZvcy1HZW9tZXRyaWNhbCBGb3VuZGF0aW9ucyBvZiBBc3ltcHRvdGljIEluZmVyZW5jZS1XaWxleS1JbnRlcnNjaWVuY2UgKDE5OTcpLmRqdnXSFwsYGVdOUy5kYXRhTxEEMAAAAAAEMAACAAAFbHVpZ2kAAAAAAAAAAAAAAAAAAAAAAAAAAAAAxklLE0grAAUAKVbdH1JvYmVydCBFLiBLYXNzLCBQYXUjM0FCNEVFLmRqdnUAAAAAAAAAAAAAAAAAAAAAAAAAAAAAAAAAAAAAAAAAAAA6tO7NpXTmAAAAAAAAAAAABQAFAAANAgAAAAAAAAAAAAAAAAAAAAlJbmZlcmVuY2UAABAACAAAxkku8wAAABEACAAAzaVYxgAAAAEAEAApVt0AAAcXAAAFdQAAAdwAAgBPbHVpZ2k6RG9jdW1lbnRzOkJpYmxpb3RlY2E6U3RhdGlzdGljYTpJbmZlcmVuY2U6Um9iZXJ0IEUuIEthc3MsIFBhdSMzQUI0RUUuZGp2dQAADgDWAGoAUgBvAGIAZQByAHQAIABFAC4AIABLAGEAcwBzACwAIABQAGEAdQBsACAAVwAuACAAVgBvAHMALQBHAGUAbwBtAGUAdAByAGkAYwBhAGwAIABGAG8AdQBuAGQAYQB0AGkAbwBuAHMAIABvAGYAIABBAHMAeQBtAHAAdABvAHQAaQBjACAASQBuAGYAZQByAGUAbgBjAGUALQBXAGkAbABlAHkALQBJAG4AdABlAHIAcwBjAGkAZQBuAGMAZQAgACgAMQA5ADkANwApAC4AZABqAHYAdQAPAAwABQBsAHUAaQBnAGkAEgCVL0RvY3VtZW50cy9CaWJsaW90ZWNhL1N0YXRpc3RpY2EvSW5mZXJlbmNlL1JvYmVydCBFLiBLYXNzLCBQYXVsIFcuIFZvcy1HZW9tZXRyaWNhbCBGb3VuZGF0aW9ucyBvZiBBc3ltcHRvdGljIEluZmVyZW5jZS1XaWxleS1JbnRlcnNjaWVuY2UgKDE5OTcpLmRqdnUAABMADC9Vc2Vycy9sdWlnaQAUAWoAAAAAAWoAAgABDE1hY2ludG9zaCBIRAAAAAAAAAAAAAAAAAAAAMWppN5IKwAAAA0ILRJsdWlnaS5zcGFyc2VidW5kbGUAAAAAAAAAAAAAAAAAAAAAAAAAAAAAAAAAAAAAAAAAAAAAAAAAAAAAAAAAAAAADQWaxklLEgAAAAAAAAAA/////wAACSAAAAAAAAAAAAAAAAAAAAAGLmx1aWdpABAACAAAxamWzgAAABEACAAAxkku8gAAAAEACAANCC0AAHxTAAIALE1hY2ludG9zaCBIRDpVc2VyczoubHVpZ2k6bHVpZ2kuc3BhcnNlYnVuZGxlAA4AJgASAGwAdQBpAGcAaQAuAHMAcABhAHIAcwBlAGIAdQBuAGQAbABlAA8AGgAMAE0AYQBjAGkAbgB0AG8AcwBoACAASABEABIAH1VzZXJzLy5sdWlnaS9sdWlnaS5zcGFyc2VidW5kbGUAABMAAS8A//8AAAAVAAIADP//AACABtIbHB0eWiRjbGFzc25hbWVYJGNsYXNzZXNdTlNNdXRhYmxlRGF0YaMdHyBWTlNEYXRhWE5TT2JqZWN00hscIiNcTlNEaWN0aW9uYXJ5oiIgXxAPTlNLZXllZEFyY2hpdmVy0SYnVHJvb3SAAQAIABEAGgAjAC0AMgA3AEAARgBNAFUAYABnAGoAbABuAHEAcwB1AHcAhACOATQBOQFBBXUFdwV8BYcFkAWeBaIFqQWyBbcFxAXHBdkF3AXhAAAAAAAAAgEAAAAAAAAAKAAAAAAAAAAAAAAAAAAABeM=}}

@book{AmariEtAl_Book_00,
	Address = {Providence, R. I.},
	Author = {S.-I. Amari and H. Nagaoka},
	Date-Added = {2013-05-29 11:50:42 +0200},
	Date-Modified = {2013-05-29 11:52:06 +0200},
	Publisher = {American Mathematical Society},
	Series = {Translations of Mathematical Monographs},
	Title = {Methods of Information Geometry},
	Volume = {191},
	Year = {2000},
	Bdsk-File-1 = {YnBsaXN0MDDUAQIDBAUGJCVYJHZlcnNpb25YJG9iamVjdHNZJGFyY2hpdmVyVCR0b3ASAAGGoKgHCBMUFRYaIVUkbnVsbNMJCgsMDxJXTlMua2V5c1pOUy5vYmplY3RzViRjbGFzc6INDoACgAOiEBGABIAFgAdccmVsYXRpdmVQYXRoWWFsaWFzRGF0YV8QYC4uLy4uLy4uLy4uLy4uL0RvY3VtZW50cy9CaWJsaW90ZWNhL21hdGVtYXRpY2EvZ2VvbWV0cmlhIGRpZmZlcmVuemlhbGUvYm9vay9BbWFyaUV0QWxfQm9va18uZGp2ddIXCxgZV05TLmRhdGFPEQNGAAAAAANGAAIAAAVsdWlnaQAAAAAAAAAAAAAAAAAAAAAAAAAAAADGSUsTSCsABQAABaAUQW1hcmlFdEFsX0Jvb2tfLmRqdnUAAAAAAAAAAAAAAAAAAAAAAAAAAAAAAAAAAAAAAAAAAAAAAAAAAAAAAAAAAAAFocGggNAAAAAAAAAAAAAFAAYAAA0CAAAAAAAAAAAAAAAAAAAABGJvb2sAEAAIAADGSS7zAAAAEQAIAADBoHLAAAAAAQAUAAAFoAAABZkAAAWWAAAFdQAAAdwAAgBXbHVpZ2k6RG9jdW1lbnRzOkJpYmxpb3RlY2E6bWF0ZW1hdGljYTpnZW9tZXRyaWEgZGlmZmVyZW56aWFsZTpib29rOkFtYXJpRXRBbF9Cb29rXy5kanZ1AAAOACoAFABBAG0AYQByAGkARQB0AEEAbABfAEIAbwBvAGsAXwAuAGQAagB2AHUADwAMAAUAbAB1AGkAZwBpABIAUi9Eb2N1bWVudHMvQmlibGlvdGVjYS9tYXRlbWF0aWNhL2dlb21ldHJpYSBkaWZmZXJlbnppYWxlL2Jvb2svQW1hcmlFdEFsX0Jvb2tfLmRqdnUAEwAML1VzZXJzL2x1aWdpABQBagAAAAABagACAAEMTWFjaW50b3NoIEhEAAAAAAAAAAAAAAAAAAAAxamk3kgrAAAADQgtEmx1aWdpLnNwYXJzZWJ1bmRsZQAAAAAAAAAAAAAAAAAAAAAAAAAAAAAAAAAAAAAAAAAAAAAAAAAAAAAAAAAAAAANBZrGSUsSAAAAAAAAAAD/////AAAJIAAAAAAAAAAAAAAAAAAAAAYubHVpZ2kAEAAIAADFqZbOAAAAEQAIAADGSS7yAAAAAQAIAA0ILQAAfFMAAgAsTWFjaW50b3NoIEhEOlVzZXJzOi5sdWlnaTpsdWlnaS5zcGFyc2VidW5kbGUADgAmABIAbAB1AGkAZwBpAC4AcwBwAGEAcgBzAGUAYgB1AG4AZABsAGUADwAaAAwATQBhAGMAaQBuAHQAbwBzAGgAIABIAEQAEgAfVXNlcnMvLmx1aWdpL2x1aWdpLnNwYXJzZWJ1bmRsZQAAEwABLwD//wAAABUAAgAM//8AAIAG0hscHR5aJGNsYXNzbmFtZVgkY2xhc3Nlc11OU011dGFibGVEYXRhox0fIFZOU0RhdGFYTlNPYmplY3TSGxwiI1xOU0RpY3Rpb25hcnmiIiBfEA9OU0tleWVkQXJjaGl2ZXLRJidUcm9vdIABAAgAEQAaACMALQAyADcAQABGAE0AVQBgAGcAagBsAG4AcQBzAHUAdwCEAI4A8QD2AP4ESARKBE8EWgRjBHEEdQR8BIUEigSXBJoErASvBLQAAAAAAAACAQAAAAAAAAAoAAAAAAAAAAAAAAAAAAAEtg==}}

@book{Amari85,
	Address = {New York},
	Author = {S. -I. Amari and H. Nagaoka},
	Publisher = {Springer},
	Title = {Differential-geometrical Methods in Statistics},
	Year = {1985}}

@article{RossetZhu_AOS_07,
	Author = {S. Rosset and J. Zhu},
	Date-Added = {2013-05-29 11:27:15 +0200},
	Date-Modified = {2013-05-29 11:27:33 +0200},
	Journal = {The Annals of Statistics},
	Keywords = {LASSO, polynomial splines, regularization, solution paths, Sparsity, total variation},
	Number = {3},
	Pages = {1012-1030},
	Title = {Piecewise linear regularizated solution paths},
	Volume = {35},
	Year = {2007},
	Bdsk-File-1 = {YnBsaXN0MDDUAQIDBAUGJCVYJHZlcnNpb25YJG9iamVjdHNZJGFyY2hpdmVyVCR0b3ASAAGGoKgHCBMUFRYaIVUkbnVsbNMJCgsMDxJXTlMua2V5c1pOUy5vYmplY3RzViRjbGFzc6INDoACgAOiEBGABIAFgAdccmVsYXRpdmVQYXRoWWFsaWFzRGF0YV8Qdy4uLy4uLy4uLy4uLy4uL0RvY3VtZW50cy9BcmNoaXZpb0FydGljb2xpL0hpZ2hEaW1lbnNpb25hbERhdGEvU2hyaW5rYWdlL0dlbmVyYWxpemVkUGF0aFNlZWtpbmcvUm9zc2V0Wmh1X0FPU18wNyAoUCkucGRm0hcLGBlXTlMuZGF0YU8RA44AAAAAA44AAgAABWx1aWdpAAAAAAAAAAAAAAAAAAAAAAAAAAAAAMZJSxNIKwAFAAA6WhhSb3NzZXRaaHVfQU9TXzA3IChQKS5wZGYAAAAAAAAAAAAAAAAAAAAAAAAAAAAAAAAAAAAAAAAAAAAAAAAAAAAAADpjxZn40AAAAAAAAAAAAAUABgAADQIAAAAAAAAAAAAAAAAAAAAWR2VuZXJhbGl6ZWRQYXRoU2Vla2luZwAQAAgAAMZJLvMAAAARAAgAAMWZ6sAAAAABABQAADpaAAA6SgAAOkEAADdJAAAB3AACAG5sdWlnaTpEb2N1bWVudHM6QXJjaGl2aW9BcnRpY29saTpIaWdoRGltZW5zaW9uYWxEYXRhOlNocmlua2FnZTpHZW5lcmFsaXplZFBhdGhTZWVraW5nOlJvc3NldFpodV9BT1NfMDcgKFApLnBkZgAOADIAGABSAG8AcwBzAGUAdABaAGgAdQBfAEEATwBTAF8AMAA3ACAAKABQACkALgBwAGQAZgAPAAwABQBsAHUAaQBnAGkAEgBpL0RvY3VtZW50cy9BcmNoaXZpb0FydGljb2xpL0hpZ2hEaW1lbnNpb25hbERhdGEvU2hyaW5rYWdlL0dlbmVyYWxpemVkUGF0aFNlZWtpbmcvUm9zc2V0Wmh1X0FPU18wNyAoUCkucGRmAAATAAwvVXNlcnMvbHVpZ2kAFAFqAAAAAAFqAAIAAQxNYWNpbnRvc2ggSEQAAAAAAAAAAAAAAAAAAADFqaTeSCsAAAANCC0SbHVpZ2kuc3BhcnNlYnVuZGxlAAAAAAAAAAAAAAAAAAAAAAAAAAAAAAAAAAAAAAAAAAAAAAAAAAAAAAAAAAAAAA0FmsZJSxIAAAAAAAAAAP////8AAAkgAAAAAAAAAAAAAAAAAAAABi5sdWlnaQAQAAgAAMWpls4AAAARAAgAAMZJLvIAAAABAAgADQgtAAB8UwACACxNYWNpbnRvc2ggSEQ6VXNlcnM6Lmx1aWdpOmx1aWdpLnNwYXJzZWJ1bmRsZQAOACYAEgBsAHUAaQBnAGkALgBzAHAAYQByAHMAZQBiAHUAbgBkAGwAZQAPABoADABNAGEAYwBpAG4AdABvAHMAaAAgAEgARAASAB9Vc2Vycy8ubHVpZ2kvbHVpZ2kuc3BhcnNlYnVuZGxlAAATAAEvAP//AAAAFQACAAz//wAAgAbSGxwdHlokY2xhc3NuYW1lWCRjbGFzc2VzXU5TTXV0YWJsZURhdGGjHR8gVk5TRGF0YVhOU09iamVjdNIbHCIjXE5TRGljdGlvbmFyeaIiIF8QD05TS2V5ZWRBcmNoaXZlctEmJ1Ryb290gAEACAARABoAIwAtADIANwBAAEYATQBVAGAAZwBqAGwAbgBxAHMAdQB3AIQAjgEIAQ0BFQSnBKkErgS5BMIE0ATUBNsE5ATpBPYE+QULBQ4FEwAAAAAAAAIBAAAAAAAAACgAAAAAAAAAAAAAAAAAAAUV}}

@article{Rao_Sankhya_49,
	Author = {C. R. Rao},
	Date-Added = {2013-05-28 09:42:09 +0200},
	Date-Modified = {2013-05-28 09:42:09 +0200},
	Journal = {Sankhy\={a}},
	Pages = {246-248},
	Title = {On the distance between two populations},
	Volume = {9},
	Year = {1949}}

@article{BurbeaEtAl_JMA_82,
	Author = {J. Burbea and R. C. Rao},
	Date-Added = {2013-05-28 09:40:17 +0200},
	Date-Modified = {2013-05-28 09:41:27 +0200},
	Journal = {Journal of Multivariate Analysis},
	Pages = {575-596},
	Title = {Entropy Differential Metric, Distance and Divergence Measures in Probability Spaces - A Unified Approach},
	Volume = {12},
	Year = {1982}}

@article{ZhangLu_BioK_07,
	Annote = {Gli autori propongono di utilizzare l'adaptive lasso per il modello di regressione di Cox. Interessante l'osservazione a pg. 693 sulla relazione tra adaptive lasso e best-subset selection.

Valutazione complessiva C!!!},
	Author = {H. H. Zhang and W. Lu},
	Date-Added = {2013-05-23 10:51:28 +0200},
	Date-Modified = {2013-05-29 12:13:25 +0200},
	Journal = {Biometrika},
	Keywords = {Adaptive lasso, Lasso, Penalized partial likelihood, proportional hazards model, variable selection},
	Number = {3},
	Pages = {691-703},
	Title = {Adaptive Lasso for {Cox}'s proportional hazards model},
	Volume = {94},
	Year = {2007},
	Bdsk-File-1 = {YnBsaXN0MDDUAQIDBAUGJCVYJHZlcnNpb25YJG9iamVjdHNZJGFyY2hpdmVyVCR0b3ASAAGGoKgHCBMUFRYaIVUkbnVsbNMJCgsMDxJXTlMua2V5c1pOUy5vYmplY3RzViRjbGFzc6INDoACgAOiEBGABIAFgAdccmVsYXRpdmVQYXRoWWFsaWFzRGF0YV8Qcy4uLy4uLy4uLy4uLy4uL0RvY3VtZW50cy9BcmNoaXZpb0FydGljb2xpL0hpZ2hEaW1lbnNpb25hbERhdGEvU2hyaW5rYWdlL2xhc3NvL2FkYXB0aXZlIGxhc3NvL1poYW5nTHVfQmlvS18wNyhQKS5wZGbSFwsYGVdOUy5kYXRhTxEDfgAAAAADfgACAAAFbHVpZ2kAAAAAAAAAAAAAAAAAAAAAAAAAAAAAxklLE0grAAUAADqEFlpoYW5nTHVfQmlvS18wNyhQKS5wZGYAAAAAAAAAAAAAAAAAAAAAAAAAAAAAAAAAAAAAAAAAAAAAAAAAAAAAAAAAOofFriJTAAAAAAAAAAAABQAHAAANAgAAAAAAAAAAAAAAAAAAAA5hZGFwdGl2ZSBsYXNzbwAQAAgAAMZJLvMAAAARAAgAAMWuFEMAAAABABgAADqEAAA6ggAAOkoAADpBAAA3SQAAAdwAAgBqbHVpZ2k6RG9jdW1lbnRzOkFyY2hpdmlvQXJ0aWNvbGk6SGlnaERpbWVuc2lvbmFsRGF0YTpTaHJpbmthZ2U6bGFzc286YWRhcHRpdmUgbGFzc286WmhhbmdMdV9CaW9LXzA3KFApLnBkZgAOAC4AFgBaAGgAYQBuAGcATAB1AF8AQgBpAG8ASwBfADAANwAoAFAAKQAuAHAAZABmAA8ADAAFAGwAdQBpAGcAaQASAGUvRG9jdW1lbnRzL0FyY2hpdmlvQXJ0aWNvbGkvSGlnaERpbWVuc2lvbmFsRGF0YS9TaHJpbmthZ2UvbGFzc28vYWRhcHRpdmUgbGFzc28vWmhhbmdMdV9CaW9LXzA3KFApLnBkZgAAEwAML1VzZXJzL2x1aWdpABQBagAAAAABagACAAEMTWFjaW50b3NoIEhEAAAAAAAAAAAAAAAAAAAAxamk3kgrAAAADQgtEmx1aWdpLnNwYXJzZWJ1bmRsZQAAAAAAAAAAAAAAAAAAAAAAAAAAAAAAAAAAAAAAAAAAAAAAAAAAAAAAAAAAAAANBZrGSUsSAAAAAAAAAAD/////AAAJIAAAAAAAAAAAAAAAAAAAAAYubHVpZ2kAEAAIAADFqZbOAAAAEQAIAADGSS7yAAAAAQAIAA0ILQAAfFMAAgAsTWFjaW50b3NoIEhEOlVzZXJzOi5sdWlnaTpsdWlnaS5zcGFyc2VidW5kbGUADgAmABIAbAB1AGkAZwBpAC4AcwBwAGEAcgBzAGUAYgB1AG4AZABsAGUADwAaAAwATQBhAGMAaQBuAHQAbwBzAGgAIABIAEQAEgAfVXNlcnMvLmx1aWdpL2x1aWdpLnNwYXJzZWJ1bmRsZQAAEwABLwD//wAAABUAAgAM//8AAIAG0hscHR5aJGNsYXNzbmFtZVgkY2xhc3Nlc11OU011dGFibGVEYXRhox0fIFZOU0RhdGFYTlNPYmplY3TSGxwiI1xOU0RpY3Rpb25hcnmiIiBfEA9OU0tleWVkQXJjaGl2ZXLRJidUcm9vdIABAAgAEQAaACMALQAyADcAQABGAE0AVQBgAGcAagBsAG4AcQBzAHUAdwCEAI4BBAEJAREEkwSVBJoEpQSuBLwEwATHBNAE1QTiBOUE9wT6BP8AAAAAAAACAQAAAAAAAAAoAAAAAAAAAAAAAAAAAAAFAQ==}}

@article{BennerEtAl_BiometJ_10,
	Author = {A. Benner and M. Zucknick and T. Hielscher and C. Ittrich and U. Mansmann},
	Date-Added = {2013-05-23 10:34:53 +0200},
	Date-Modified = {2013-05-23 10:36:40 +0200},
	Journal = {Biometrical Journal},
	Keywords = {cox regression, lasso, Adaptive lasso, scad},
	Pages = {50-69},
	Title = {High-dimensional {Cox} models: the choice of penalty as part of the model building process},
	Volume = {52},
	Year = {2010},
	Bdsk-File-1 = {YnBsaXN0MDDUAQIDBAUGJCVYJHZlcnNpb25YJG9iamVjdHNZJGFyY2hpdmVyVCR0b3ASAAGGoKgHCBMUFRYaIVUkbnVsbNMJCgsMDxJXTlMua2V5c1pOUy5vYmplY3RzViRjbGFzc6INDoACgAOiEBGABIAFgAdccmVsYXRpdmVQYXRoWWFsaWFzRGF0YV8QZy4uLy4uLy4uLy4uLy4uL0RvY3VtZW50cy9BcmNoaXZpb0FydGljb2xpL0hpZ2hEaW1lbnNpb25hbERhdGEvU2hyaW5rYWdlL2xhc3NvL0Jlbm5lckV0QWxfQmlvbWV0Sl8xMC5wZGbSFwsYGVdOUy5kYXRhTxEDYAAAAAADYAACAAAFbHVpZ2kAAAAAAAAAAAAAAAAAAAAAAAAAAAAAxklLE0grAAUAADqCGUJlbm5lckV0QWxfQmlvbWV0Sl8xMC5wZGYAAAAAAAAAAAAAAAAAAAAAAAAAAAAAAAAAAAAAAAAAAAAAAAAAAAA7UGjNtq3JAAAAAAAAAAAABQAGAAANAgAAAAAAAAAAAAAAAAAAAAVsYXNzbwAAEAAIAADGSS7zAAAAEQAIAADNtpGpAAAAAQAUAAA6ggAAOkoAADpBAAA3SQAAAdwAAgBebHVpZ2k6RG9jdW1lbnRzOkFyY2hpdmlvQXJ0aWNvbGk6SGlnaERpbWVuc2lvbmFsRGF0YTpTaHJpbmthZ2U6bGFzc286QmVubmVyRXRBbF9CaW9tZXRKXzEwLnBkZgAOADQAGQBCAGUAbgBuAGUAcgBFAHQAQQBsAF8AQgBpAG8AbQBlAHQASgBfADEAMAAuAHAAZABmAA8ADAAFAGwAdQBpAGcAaQASAFkvRG9jdW1lbnRzL0FyY2hpdmlvQXJ0aWNvbGkvSGlnaERpbWVuc2lvbmFsRGF0YS9TaHJpbmthZ2UvbGFzc28vQmVubmVyRXRBbF9CaW9tZXRKXzEwLnBkZgAAEwAML1VzZXJzL2x1aWdpABQBagAAAAABagACAAEMTWFjaW50b3NoIEhEAAAAAAAAAAAAAAAAAAAAxamk3kgrAAAADQgtEmx1aWdpLnNwYXJzZWJ1bmRsZQAAAAAAAAAAAAAAAAAAAAAAAAAAAAAAAAAAAAAAAAAAAAAAAAAAAAAAAAAAAAANBZrGSUsSAAAAAAAAAAD/////AAAJIAAAAAAAAAAAAAAAAAAAAAYubHVpZ2kAEAAIAADFqZbOAAAAEQAIAADGSS7yAAAAAQAIAA0ILQAAfFMAAgAsTWFjaW50b3NoIEhEOlVzZXJzOi5sdWlnaTpsdWlnaS5zcGFyc2VidW5kbGUADgAmABIAbAB1AGkAZwBpAC4AcwBwAGEAcgBzAGUAYgB1AG4AZABsAGUADwAaAAwATQBhAGMAaQBuAHQAbwBzAGgAIABIAEQAEgAfVXNlcnMvLmx1aWdpL2x1aWdpLnNwYXJzZWJ1bmRsZQAAEwABLwD//wAAABUAAgAM//8AAIAG0hscHR5aJGNsYXNzbmFtZVgkY2xhc3Nlc11OU011dGFibGVEYXRhox0fIFZOU0RhdGFYTlNPYmplY3TSGxwiI1xOU0RpY3Rpb25hcnmiIiBfEA9OU0tleWVkQXJjaGl2ZXLRJidUcm9vdIABAAgAEQAaACMALQAyADcAQABGAE0AVQBgAGcAagBsAG4AcQBzAHUAdwCEAI4A+AD9AQUEaQRrBHAEewSEBJIElgSdBKYEqwS4BLsEzQTQBNUAAAAAAAACAQAAAAAAAAAoAAAAAAAAAAAAAAAAAAAE1w==}}

@article{Tibshirani_StatMed_97,
	Author = {R. Tibshirani},
	Date-Added = {2013-05-23 09:52:22 +0200},
	Date-Modified = {2013-05-23 09:53:24 +0200},
	Journal = {Statistics in medicine},
	Keywords = {Lasso, cox regression, Variable Selection},
	Pages = {385-395},
	Title = {The lasso method for variable selection in the Cox model},
	Volume = {16},
	Year = {1997},
	Bdsk-File-1 = {YnBsaXN0MDDUAQIDBAUGJCVYJHZlcnNpb25YJG9iamVjdHNZJGFyY2hpdmVyVCR0b3ASAAGGoKgHCBMUFRYaIVUkbnVsbNMJCgsMDxJXTlMua2V5c1pOUy5vYmplY3RzViRjbGFzc6INDoACgAOiEBGABIAFgAdccmVsYXRpdmVQYXRoWWFsaWFzRGF0YV8Qai4uLy4uLy4uLy4uLy4uL0RvY3VtZW50cy9BcmNoaXZpb0FydGljb2xpL0hpZ2hEaW1lbnNpb25hbERhdGEvU2hyaW5rYWdlL2xhc3NvL1RpYnNoaXJhbmlfU3RhdE1lZF85NyhQKS5wZGbSFwsYGVdOUy5kYXRhTxEDbAAAAAADbAACAAAFbHVpZ2kAAAAAAAAAAAAAAAAAAAAAAAAAAAAAxklLE0grAAUAADqCHFRpYnNoaXJhbmlfU3RhdE1lZF85NyhQKS5wZGYAAAAAAAAAAAAAAAAAAAAAAAAAAAAAAAAAAAAAAAAAAAAAAAAAOprF48MtAAAAAAAAAAAABQAGAAANAgAAAAAAAAAAAAAAAAAAAAVsYXNzbwAAEAAIAADGSS7zAAAAEQAIAADF47UdAAAAAQAUAAA6ggAAOkoAADpBAAA3SQAAAdwAAgBhbHVpZ2k6RG9jdW1lbnRzOkFyY2hpdmlvQXJ0aWNvbGk6SGlnaERpbWVuc2lvbmFsRGF0YTpTaHJpbmthZ2U6bGFzc286VGlic2hpcmFuaV9TdGF0TWVkXzk3KFApLnBkZgAADgA6ABwAVABpAGIAcwBoAGkAcgBhAG4AaQBfAFMAdABhAHQATQBlAGQAXwA5ADcAKABQACkALgBwAGQAZgAPAAwABQBsAHUAaQBnAGkAEgBcL0RvY3VtZW50cy9BcmNoaXZpb0FydGljb2xpL0hpZ2hEaW1lbnNpb25hbERhdGEvU2hyaW5rYWdlL2xhc3NvL1RpYnNoaXJhbmlfU3RhdE1lZF85NyhQKS5wZGYAEwAML1VzZXJzL2x1aWdpABQBagAAAAABagACAAEMTWFjaW50b3NoIEhEAAAAAAAAAAAAAAAAAAAAxamk3kgrAAAADQgtEmx1aWdpLnNwYXJzZWJ1bmRsZQAAAAAAAAAAAAAAAAAAAAAAAAAAAAAAAAAAAAAAAAAAAAAAAAAAAAAAAAAAAAANBZrGSUsSAAAAAAAAAAD/////AAAJIAAAAAAAAAAAAAAAAAAAAAYubHVpZ2kAEAAIAADFqZbOAAAAEQAIAADGSS7yAAAAAQAIAA0ILQAAfFMAAgAsTWFjaW50b3NoIEhEOlVzZXJzOi5sdWlnaTpsdWlnaS5zcGFyc2VidW5kbGUADgAmABIAbAB1AGkAZwBpAC4AcwBwAGEAcgBzAGUAYgB1AG4AZABsAGUADwAaAAwATQBhAGMAaQBuAHQAbwBzAGgAIABIAEQAEgAfVXNlcnMvLmx1aWdpL2x1aWdpLnNwYXJzZWJ1bmRsZQAAEwABLwD//wAAABUAAgAM//8AAIAG0hscHR5aJGNsYXNzbmFtZVgkY2xhc3Nlc11OU011dGFibGVEYXRhox0fIFZOU0RhdGFYTlNPYmplY3TSGxwiI1xOU0RpY3Rpb25hcnmiIiBfEA9OU0tleWVkQXJjaGl2ZXLRJidUcm9vdIABAAgAEQAaACMALQAyADcAQABGAE0AVQBgAGcAagBsAG4AcQBzAHUAdwCEAI4A+wEAAQgEeAR6BH8EigSTBKEEpQSsBLUEugTHBMoE3ATfBOQAAAAAAAACAQAAAAAAAAAoAAAAAAAAAAAAAAAAAAAE5g==}}

@article{FanEtAl_AOS_02,
	Author = {J. Fan and R. Li},
	Date-Added = {2013-05-23 08:48:29 +0200},
	Date-Modified = {2013-05-23 08:48:48 +0200},
	Journal = {The Annals of Statistics},
	Keywords = {cox regression, lasso, scad, partial likelihood},
	Number = {1},
	Pages = {74--99},
	Title = {Variable selection for Cox's proportional hazards model and frailty model},
	Volume = {30},
	Year = {2002},
	Bdsk-File-1 = {YnBsaXN0MDDUAQIDBAUGJCVYJHZlcnNpb25YJG9iamVjdHNZJGFyY2hpdmVyVCR0b3ASAAGGoKgHCBMUFRYaIVUkbnVsbNMJCgsMDxJXTlMua2V5c1pOUy5vYmplY3RzViRjbGFzc6INDoACgAOiEBGABIAFgAdccmVsYXRpdmVQYXRoWWFsaWFzRGF0YV8Qey4uLy4uLy4uLy4uLy4uL0RvY3VtZW50cy9BcmNoaXZpb0FydGljb2xpL0hpZ2hEaW1lbnNpb25hbERhdGEvU2hyaW5rYWdlL25vbmNvbnZleCBwZW5hbHR5IGZ1bmN0aW9ucy9zY2FkL0ZhbkV0QWxfQU9TXzAyLnBkZtIXCxgZV05TLmRhdGFPEQN8AAAAAAN8AAIAAAVsdWlnaQAAAAAAAAAAAAAAAAAAAAAAAAAAAADGSUsTSCsABQAAOqESRmFuRXRBbF9BT1NfMDIucGRmAAAAAAAAAAAAAAAAAAAAAAAAAAAAAAAAAAAAAAAAAAAAAAAAAAAAAAAAAAAAADtXmc23vo8AAAAAAAAAAAAFAAcAAA0CAAAAAAAAAAAAAAAAAAAABHNjYWQAEAAIAADGSS7zAAAAEQAIAADNt6JvAAAAAQAYAAA6oQASuwcAADpKAAA6QQAAN0kAAAHcAAIAcmx1aWdpOkRvY3VtZW50czpBcmNoaXZpb0FydGljb2xpOkhpZ2hEaW1lbnNpb25hbERhdGE6U2hyaW5rYWdlOm5vbmNvbnZleCBwZW5hbHR5IGZ1bmN0aW9uczpzY2FkOkZhbkV0QWxfQU9TXzAyLnBkZgAOACYAEgBGAGEAbgBFAHQAQQBsAF8AQQBPAFMAXwAwADIALgBwAGQAZgAPAAwABQBsAHUAaQBnAGkAEgBtL0RvY3VtZW50cy9BcmNoaXZpb0FydGljb2xpL0hpZ2hEaW1lbnNpb25hbERhdGEvU2hyaW5rYWdlL25vbmNvbnZleCBwZW5hbHR5IGZ1bmN0aW9ucy9zY2FkL0ZhbkV0QWxfQU9TXzAyLnBkZgAAEwAML1VzZXJzL2x1aWdpABQBagAAAAABagACAAEMTWFjaW50b3NoIEhEAAAAAAAAAAAAAAAAAAAAxamk3kgrAAAADQgtEmx1aWdpLnNwYXJzZWJ1bmRsZQAAAAAAAAAAAAAAAAAAAAAAAAAAAAAAAAAAAAAAAAAAAAAAAAAAAAAAAAAAAAANBZrGSUsSAAAAAAAAAAD/////AAAJIAAAAAAAAAAAAAAAAAAAAAYubHVpZ2kAEAAIAADFqZbOAAAAEQAIAADGSS7yAAAAAQAIAA0ILQAAfFMAAgAsTWFjaW50b3NoIEhEOlVzZXJzOi5sdWlnaTpsdWlnaS5zcGFyc2VidW5kbGUADgAmABIAbAB1AGkAZwBpAC4AcwBwAGEAcgBzAGUAYgB1AG4AZABsAGUADwAaAAwATQBhAGMAaQBuAHQAbwBzAGgAIABIAEQAEgAfVXNlcnMvLmx1aWdpL2x1aWdpLnNwYXJzZWJ1bmRsZQAAEwABLwD//wAAABUAAgAM//8AAIAG0hscHR5aJGNsYXNzbmFtZVgkY2xhc3Nlc11OU011dGFibGVEYXRhox0fIFZOU0RhdGFYTlNPYmplY3TSGxwiI1xOU0RpY3Rpb25hcnmiIiBfEA9OU0tleWVkQXJjaGl2ZXLRJidUcm9vdIABAAgAEQAaACMALQAyADcAQABGAE0AVQBgAGcAagBsAG4AcQBzAHUAdwCEAI4BDAERARkEmQSbBKAEqwS0BMIExgTNBNYE2wToBOsE/QUABQUAAAAAAAACAQAAAAAAAAAoAAAAAAAAAAAAAAAAAAAFBw==}}

@article{AndersenEtAl_AOS_82,
	Author = {P. K. Andersen and R. D. Gill},
	Date-Added = {2013-05-17 12:30:25 +0200},
	Date-Modified = {2013-05-17 12:30:36 +0200},
	Journal = {The Annals of Statistics},
	Keywords = {Censoring, martingale, survival data, convex analysis},
	Number = {4},
	Pages = {1100-1120},
	Title = {Cox's regression model for counting processes: a large sample study},
	Volume = {10},
	Year = {1982},
	Bdsk-File-1 = {YnBsaXN0MDDUAQIDBAUGJCVYJHZlcnNpb25YJG9iamVjdHNZJGFyY2hpdmVyVCR0b3ASAAGGoKgHCBMUFRYaIVUkbnVsbNMJCgsMDxJXTlMua2V5c1pOUy5vYmplY3RzViRjbGFzc6INDoACgAOiEBGABIAFgAdccmVsYXRpdmVQYXRoWWFsaWFzRGF0YV8QcC4uLy4uLy4uLy4uLy4uL0RvY3VtZW50cy9BcmNoaXZpb0FydGljb2xpL1N0YXRpc3RpY2EgVGVvcmljYS9tb2RlbGxpbmcvU3Vydml2YWwtYW5hbHlzaXMvQW5kZXJzZW5FdEFsX0FPU184Mi5wZGbSFwsYGVdOUy5kYXRhTxEDegAAAAADegACAAAFbHVpZ2kAAAAAAAAAAAAAAAAAAAAAAAAAAAAAxklLE0grAAUABridF0FuZGVyc2VuRXRBbF9BT1NfODIucGRmAAAAAAAAAAAAAAAAAAAAAAAAAAAAAAAAAAAAAAAAAAAAAAAAAAAAAAASPdfJiPGqUERGIENBUk8ABQAGAAANAgAAAAAAAAAAAAAAAAAAABFTdXJ2aXZhbC1hbmFseXNpcwAAEAAIAADGSS7zAAAAEQAIAADJiOOaAAAAAQAUAAa4nQAAPV4AADzfAAA3SQAAAdwAAgBnbHVpZ2k6RG9jdW1lbnRzOkFyY2hpdmlvQXJ0aWNvbGk6U3RhdGlzdGljYSBUZW9yaWNhOm1vZGVsbGluZzpTdXJ2aXZhbC1hbmFseXNpczpBbmRlcnNlbkV0QWxfQU9TXzgyLnBkZgAADgAwABcAQQBuAGQAZQByAHMAZQBuAEUAdABBAGwAXwBBAE8AUwBfADgAMgAuAHAAZABmAA8ADAAFAGwAdQBpAGcAaQASAGIvRG9jdW1lbnRzL0FyY2hpdmlvQXJ0aWNvbGkvU3RhdGlzdGljYSBUZW9yaWNhL21vZGVsbGluZy9TdXJ2aXZhbC1hbmFseXNpcy9BbmRlcnNlbkV0QWxfQU9TXzgyLnBkZgATAAwvVXNlcnMvbHVpZ2kAFAFqAAAAAAFqAAIAAQxNYWNpbnRvc2ggSEQAAAAAAAAAAAAAAAAAAADFqaTeSCsAAAANCC0SbHVpZ2kuc3BhcnNlYnVuZGxlAAAAAAAAAAAAAAAAAAAAAAAAAAAAAAAAAAAAAAAAAAAAAAAAAAAAAAAAAAAAAA0FmsZJSxIAAAAAAAAAAP////8AAAkgAAAAAAAAAAAAAAAAAAAABi5sdWlnaQAQAAgAAMWpls4AAAARAAgAAMZJLvIAAAABAAgADQgtAAB8UwACACxNYWNpbnRvc2ggSEQ6VXNlcnM6Lmx1aWdpOmx1aWdpLnNwYXJzZWJ1bmRsZQAOACYAEgBsAHUAaQBnAGkALgBzAHAAYQByAHMAZQBiAHUAbgBkAGwAZQAPABoADABNAGEAYwBpAG4AdABvAHMAaAAgAEgARAASAB9Vc2Vycy8ubHVpZ2kvbHVpZ2kuc3BhcnNlYnVuZGxlAAATAAEvAP//AAAAFQACAAz//wAAgAbSGxwdHlokY2xhc3NuYW1lWCRjbGFzc2VzXU5TTXV0YWJsZURhdGGjHR8gVk5TRGF0YVhOU09iamVjdNIbHCIjXE5TRGljdGlvbmFyeaIiIF8QD05TS2V5ZWRBcmNoaXZlctEmJ1Ryb290gAEACAARABoAIwAtADIANwBAAEYATQBVAGAAZwBqAGwAbgBxAHMAdQB3AIQAjgEBAQYBDgSMBI4EkwSeBKcEtQS5BMAEyQTOBNsE3gTwBPME+AAAAAAAAAIBAAAAAAAAACgAAAAAAAAAAAAAAAAAAAT6}}

@article{PrenticeEtAl_BioC_96,
	Author = {R. L. Prentice and M. W. Mason},
	Date-Added = {2013-05-16 12:29:14 +0200},
	Date-Modified = {2013-05-16 12:29:24 +0200},
	Journal = {Biometrics},
	Keywords = {cox regression, survival data, linear relative risk},
	Number = {1},
	Pages = {109--120},
	Title = {On the application of linear relative risk regression models},
	Volume = {42},
	Year = {1996},
	Bdsk-File-1 = {YnBsaXN0MDDUAQIDBAUGJCVYJHZlcnNpb25YJG9iamVjdHNZJGFyY2hpdmVyVCR0b3ASAAGGoKgHCBMUFRYaIVUkbnVsbNMJCgsMDxJXTlMua2V5c1pOUy5vYmplY3RzViRjbGFzc6INDoACgAOiEBGABIAFgAdccmVsYXRpdmVQYXRoWWFsaWFzRGF0YV8QcS4uLy4uLy4uLy4uLy4uL0RvY3VtZW50cy9BcmNoaXZpb0FydGljb2xpL1N0YXRpc3RpY2EgVGVvcmljYS9tb2RlbGxpbmcvU3Vydml2YWwtYW5hbHlzaXMvUHJlbnRpY2VFdEFsX0Jpb0NfOTYucGRm0hcLGBlXTlMuZGF0YU8RA34AAAAAA34AAgAABWx1aWdpAAAAAAAAAAAAAAAAAAAAAAAAAAAAAMZJSxNIKwAFAAa4nRhQcmVudGljZUV0QWxfQmlvQ185Ni5wZGYAAAAAAAAAAAAAAAAAAAAAAAAAAAAAAAAAAAAAAAAAAAAAAAAAAAAAOvXCza0siAAAAAAAAAAAAAUABgAADQIAAAAAAAAAAAAAAAAAAAARU3Vydml2YWwtYW5hbHlzaXMAABAACAAAxkku8wAAABEACAAAza0QaAAAAAEAFAAGuJ0AAD1eAAA83wAAN0kAAAHcAAIAaGx1aWdpOkRvY3VtZW50czpBcmNoaXZpb0FydGljb2xpOlN0YXRpc3RpY2EgVGVvcmljYTptb2RlbGxpbmc6U3Vydml2YWwtYW5hbHlzaXM6UHJlbnRpY2VFdEFsX0Jpb0NfOTYucGRmAA4AMgAYAFAAcgBlAG4AdABpAGMAZQBFAHQAQQBsAF8AQgBpAG8AQwBfADkANgAuAHAAZABmAA8ADAAFAGwAdQBpAGcAaQASAGMvRG9jdW1lbnRzL0FyY2hpdmlvQXJ0aWNvbGkvU3RhdGlzdGljYSBUZW9yaWNhL21vZGVsbGluZy9TdXJ2aXZhbC1hbmFseXNpcy9QcmVudGljZUV0QWxfQmlvQ185Ni5wZGYAABMADC9Vc2Vycy9sdWlnaQAUAWoAAAAAAWoAAgABDE1hY2ludG9zaCBIRAAAAAAAAAAAAAAAAAAAAMWppN5IKwAAAA0ILRJsdWlnaS5zcGFyc2VidW5kbGUAAAAAAAAAAAAAAAAAAAAAAAAAAAAAAAAAAAAAAAAAAAAAAAAAAAAAAAAAAAAADQWaxklLEgAAAAAAAAAA/////wAACSAAAAAAAAAAAAAAAAAAAAAGLmx1aWdpABAACAAAxamWzgAAABEACAAAxkku8gAAAAEACAANCC0AAHxTAAIALE1hY2ludG9zaCBIRDpVc2VyczoubHVpZ2k6bHVpZ2kuc3BhcnNlYnVuZGxlAA4AJgASAGwAdQBpAGcAaQAuAHMAcABhAHIAcwBlAGIAdQBuAGQAbABlAA8AGgAMAE0AYQBjAGkAbgB0AG8AcwBoACAASABEABIAH1VzZXJzLy5sdWlnaS9sdWlnaS5zcGFyc2VidW5kbGUAABMAAS8A//8AAAAVAAIADP//AACABtIbHB0eWiRjbGFzc25hbWVYJGNsYXNzZXNdTlNNdXRhYmxlRGF0YaMdHyBWTlNEYXRhWE5TT2JqZWN00hscIiNcTlNEaWN0aW9uYXJ5oiIgXxAPTlNLZXllZEFyY2hpdmVy0SYnVHJvb3SAAQAIABEAGgAjAC0AMgA3AEAARgBNAFUAYABnAGoAbABuAHEAcwB1AHcAhACOAQIBBwEPBJEEkwSYBKMErAS6BL4ExQTOBNME4ATjBPUE+AT9AAAAAAAAAgEAAAAAAAAAKAAAAAAAAAAAAAAAAAAABP8=}}

@article{MoolgavkarEtAl_SJS_87,
	Author = {S. H. Moolgavkar and D. J. Venzon},
	Date-Added = {2013-05-16 12:20:21 +0200},
	Date-Modified = {2013-05-16 12:25:35 +0200},
	Journal = {Scandinavian Journal of Statistics},
	Keywords = {differential geometry, information geometry, partial likelihood, proportial hazards model},
	Number = {1},
	Pages = {43-56},
	Title = {Confidence regions for parameters of the proportional hazards model: a simulation study},
	Volume = {14},
	Year = {1987},
	Bdsk-File-1 = {YnBsaXN0MDDUAQIDBAUGJCVYJHZlcnNpb25YJG9iamVjdHNZJGFyY2hpdmVyVCR0b3ASAAGGoKgHCBMUFRYaIVUkbnVsbNMJCgsMDxJXTlMua2V5c1pOUy5vYmplY3RzViRjbGFzc6INDoACgAOiEBGABIAFgAdccmVsYXRpdmVQYXRoWWFsaWFzRGF0YV8Qdi4uLy4uLy4uLy4uLy4uL0RvY3VtZW50cy9BcmNoaXZpb0FydGljb2xpL1N0YXRpc3RpY2EgVGVvcmljYS9pbmZlcmVuemEvRGlmZmVyZW50aWFsIEdlb21ldHJ5L01vb2xnYXZrYXJFdEFsX1NKU184Ny5wZGbSFwsYGVdOUy5kYXRhTxEDjgAAAAADjgACAAAFbHVpZ2kAAAAAAAAAAAAAAAAAAAAAAAAAAAAAxklLE0grAAUAADzrGU1vb2xnYXZrYXJFdEFsX1NKU184Ny5wZGYAAAAAAAAAAAAAAAAAAAAAAAAAAAAAAAAAAAAAAAAAAAAAAAAAAAAhZgvLMefvUERGIENBUk8ABQAGAAANAgAAAAAAAAAAAAAAAAAAABVEaWZmZXJlbnRpYWwgR2VvbWV0cnkAABAACAAAxkku8wAAABEACAAAyzHZ3wAAAAEAFAAAPOsAADzkAAA83wAAN0kAAAHcAAIAbWx1aWdpOkRvY3VtZW50czpBcmNoaXZpb0FydGljb2xpOlN0YXRpc3RpY2EgVGVvcmljYTppbmZlcmVuemE6RGlmZmVyZW50aWFsIEdlb21ldHJ5Ok1vb2xnYXZrYXJFdEFsX1NKU184Ny5wZGYAAA4ANAAZAE0AbwBvAGwAZwBhAHYAawBhAHIARQB0AEEAbABfAFMASgBTAF8AOAA3AC4AcABkAGYADwAMAAUAbAB1AGkAZwBpABIAaC9Eb2N1bWVudHMvQXJjaGl2aW9BcnRpY29saS9TdGF0aXN0aWNhIFRlb3JpY2EvaW5mZXJlbnphL0RpZmZlcmVudGlhbCBHZW9tZXRyeS9Nb29sZ2F2a2FyRXRBbF9TSlNfODcucGRmABMADC9Vc2Vycy9sdWlnaQAUAWoAAAAAAWoAAgABDE1hY2ludG9zaCBIRAAAAAAAAAAAAAAAAAAAAMWppN5IKwAAAA0ILRJsdWlnaS5zcGFyc2VidW5kbGUAAAAAAAAAAAAAAAAAAAAAAAAAAAAAAAAAAAAAAAAAAAAAAAAAAAAAAAAAAAAADQWaxklLEgAAAAAAAAAA/////wAACSAAAAAAAAAAAAAAAAAAAAAGLmx1aWdpABAACAAAxamWzgAAABEACAAAxkku8gAAAAEACAANCC0AAHxTAAIALE1hY2ludG9zaCBIRDpVc2VyczoubHVpZ2k6bHVpZ2kuc3BhcnNlYnVuZGxlAA4AJgASAGwAdQBpAGcAaQAuAHMAcABhAHIAcwBlAGIAdQBuAGQAbABlAA8AGgAMAE0AYQBjAGkAbgB0AG8AcwBoACAASABEABIAH1VzZXJzLy5sdWlnaS9sdWlnaS5zcGFyc2VidW5kbGUAABMAAS8A//8AAAAVAAIADP//AACABtIbHB0eWiRjbGFzc25hbWVYJGNsYXNzZXNdTlNNdXRhYmxlRGF0YaMdHyBWTlNEYXRhWE5TT2JqZWN00hscIiNcTlNEaWN0aW9uYXJ5oiIgXxAPTlNLZXllZEFyY2hpdmVy0SYnVHJvb3SAAQAIABEAGgAjAC0AMgA3AEAARgBNAFUAYABnAGoAbABuAHEAcwB1AHcAhACOAQcBDAEUBKYEqAStBLgEwQTPBNME2gTjBOgE9QT4BQoFDQUSAAAAAAAAAgEAAAAAAAAAKAAAAAAAAAAAAAAAAAAABRQ=}}

@article{MollgavkarEtAl_AOS_87,
	Author = {S. H. Moolgavkar and D. J. Venzon},
	Date-Added = {2013-05-16 11:12:27 +0200},
	Date-Modified = {2013-05-16 11:13:51 +0200},
	Journal = {The Annals of Statistics},
	Keywords = {differential geometry, information geometry, relative risk, partial likelihood},
	Number = {1},
	Pages = {346--359},
	Title = {Confidence regions in curved exponential families: application to matched case-control and survival studies with general relative risk function},
	Volume = {15},
	Year = {1987},
	Bdsk-File-1 = {YnBsaXN0MDDUAQIDBAUGJCVYJHZlcnNpb25YJG9iamVjdHNZJGFyY2hpdmVyVCR0b3ASAAGGoKgHCBMUFRYaIVUkbnVsbNMJCgsMDxJXTlMua2V5c1pOUy5vYmplY3RzViRjbGFzc6INDoACgAOiEBGABIAFgAdccmVsYXRpdmVQYXRoWWFsaWFzRGF0YV8Qdi4uLy4uLy4uLy4uLy4uL0RvY3VtZW50cy9BcmNoaXZpb0FydGljb2xpL1N0YXRpc3RpY2EgVGVvcmljYS9pbmZlcmVuemEvRGlmZmVyZW50aWFsIEdlb21ldHJ5L01vbGxnYXZrYXJFdEFsX0FPU184Ny5wZGbSFwsYGVdOUy5kYXRhTxEDjgAAAAADjgACAAAFbHVpZ2kAAAAAAAAAAAAAAAAAAAAAAAAAAAAAxklLE0grAAUAADzrGU1vbGxnYXZrYXJFdEFsX0FPU184Ny5wZGYAAAAAAAAAAAAAAAAAAAAAAAAAAAAAAAAAAAAAAAAAAAAAAAAAAAAhZq/LMfkXUERGIENBUk8ABQAGAAANAgAAAAAAAAAAAAAAAAAAABVEaWZmZXJlbnRpYWwgR2VvbWV0cnkAABAACAAAxkku8wAAABEACAAAyzHrBwAAAAEAFAAAPOsAADzkAAA83wAAN0kAAAHcAAIAbWx1aWdpOkRvY3VtZW50czpBcmNoaXZpb0FydGljb2xpOlN0YXRpc3RpY2EgVGVvcmljYTppbmZlcmVuemE6RGlmZmVyZW50aWFsIEdlb21ldHJ5Ok1vbGxnYXZrYXJFdEFsX0FPU184Ny5wZGYAAA4ANAAZAE0AbwBsAGwAZwBhAHYAawBhAHIARQB0AEEAbABfAEEATwBTAF8AOAA3AC4AcABkAGYADwAMAAUAbAB1AGkAZwBpABIAaC9Eb2N1bWVudHMvQXJjaGl2aW9BcnRpY29saS9TdGF0aXN0aWNhIFRlb3JpY2EvaW5mZXJlbnphL0RpZmZlcmVudGlhbCBHZW9tZXRyeS9Nb2xsZ2F2a2FyRXRBbF9BT1NfODcucGRmABMADC9Vc2Vycy9sdWlnaQAUAWoAAAAAAWoAAgABDE1hY2ludG9zaCBIRAAAAAAAAAAAAAAAAAAAAMWppN5IKwAAAA0ILRJsdWlnaS5zcGFyc2VidW5kbGUAAAAAAAAAAAAAAAAAAAAAAAAAAAAAAAAAAAAAAAAAAAAAAAAAAAAAAAAAAAAADQWaxklLEgAAAAAAAAAA/////wAACSAAAAAAAAAAAAAAAAAAAAAGLmx1aWdpABAACAAAxamWzgAAABEACAAAxkku8gAAAAEACAANCC0AAHxTAAIALE1hY2ludG9zaCBIRDpVc2VyczoubHVpZ2k6bHVpZ2kuc3BhcnNlYnVuZGxlAA4AJgASAGwAdQBpAGcAaQAuAHMAcABhAHIAcwBlAGIAdQBuAGQAbABlAA8AGgAMAE0AYQBjAGkAbgB0AG8AcwBoACAASABEABIAH1VzZXJzLy5sdWlnaS9sdWlnaS5zcGFyc2VidW5kbGUAABMAAS8A//8AAAAVAAIADP//AACABtIbHB0eWiRjbGFzc25hbWVYJGNsYXNzZXNdTlNNdXRhYmxlRGF0YaMdHyBWTlNEYXRhWE5TT2JqZWN00hscIiNcTlNEaWN0aW9uYXJ5oiIgXxAPTlNLZXllZEFyY2hpdmVy0SYnVHJvb3SAAQAIABEAGgAjAC0AMgA3AEAARgBNAFUAYABnAGoAbABuAHEAcwB1AHcAhACOAQcBDAEUBKYEqAStBLgEwQTPBNME2gTjBOgE9QT4BQoFDQUSAAAAAAAAAgEAAAAAAAAAKAAAAAAAAAAAAAAAAAAABRQ=}}

@article{Thomas_JRSSA_77,
	Author = {D. C. Thomas},
	Date-Added = {2013-05-16 11:06:32 +0200},
	Date-Modified = {2013-05-16 11:07:41 +0200},
	Journal = {Journal of the Royal Statistical Society. Series A},
	Keywords = {cox regression,partial likelihood, survival data},
	Number = {4},
	Pages = {483--485},
	Title = {Addendum to the paper by {Liddell, McDonald, Thomas and Cunliffe}},
	Volume = {140},
	Year = {1977},
	Bdsk-File-1 = {YnBsaXN0MDDUAQIDBAUGJCVYJHZlcnNpb25YJG9iamVjdHNZJGFyY2hpdmVyVCR0b3ASAAGGoKgHCBMUFRYaIVUkbnVsbNMJCgsMDxJXTlMua2V5c1pOUy5vYmplY3RzViRjbGFzc6INDoACgAOiEBGABIAFgAdccmVsYXRpdmVQYXRoWWFsaWFzRGF0YV8QcS4uLy4uLy4uLy4uLy4uL0RvY3VtZW50cy9BcmNoaXZpb0FydGljb2xpL1N0YXRpc3RpY2EgVGVvcmljYS9tb2RlbGxpbmcvU3Vydml2YWwtYW5hbHlzaXMvTGlkZGVsbEV0QWxfSlJTU0FfNzcucGRm0hcLGBlXTlMuZGF0YU8RA34AAAAAA34AAgAABWx1aWdpAAAAAAAAAAAAAAAAAAAAAAAAAAAAAMZJSxNIKwAFAAa4nRhMaWRkZWxsRXRBbF9KUlNTQV83Ny5wZGYAAAAAAAAAAAAAAAAAAAAAAAAAAAAAAAAAAAAAAAAAAAAAAAAAAAAAO34NzbpssAAAAAAAAAAAAAUABgAADQIAAAAAAAAAAAAAAAAAAAARU3Vydml2YWwtYW5hbHlzaXMAABAACAAAxkku8wAAABEACAAAzbpQkAAAAAEAFAAGuJ0AAD1eAAA83wAAN0kAAAHcAAIAaGx1aWdpOkRvY3VtZW50czpBcmNoaXZpb0FydGljb2xpOlN0YXRpc3RpY2EgVGVvcmljYTptb2RlbGxpbmc6U3Vydml2YWwtYW5hbHlzaXM6TGlkZGVsbEV0QWxfSlJTU0FfNzcucGRmAA4AMgAYAEwAaQBkAGQAZQBsAGwARQB0AEEAbABfAEoAUgBTAFMAQQBfADcANwAuAHAAZABmAA8ADAAFAGwAdQBpAGcAaQASAGMvRG9jdW1lbnRzL0FyY2hpdmlvQXJ0aWNvbGkvU3RhdGlzdGljYSBUZW9yaWNhL21vZGVsbGluZy9TdXJ2aXZhbC1hbmFseXNpcy9MaWRkZWxsRXRBbF9KUlNTQV83Ny5wZGYAABMADC9Vc2Vycy9sdWlnaQAUAWoAAAAAAWoAAgABDE1hY2ludG9zaCBIRAAAAAAAAAAAAAAAAAAAAMWppN5IKwAAAA0ILRJsdWlnaS5zcGFyc2VidW5kbGUAAAAAAAAAAAAAAAAAAAAAAAAAAAAAAAAAAAAAAAAAAAAAAAAAAAAAAAAAAAAADQWaxklLEgAAAAAAAAAA/////wAACSAAAAAAAAAAAAAAAAAAAAAGLmx1aWdpABAACAAAxamWzgAAABEACAAAxkku8gAAAAEACAANCC0AAHxTAAIALE1hY2ludG9zaCBIRDpVc2VyczoubHVpZ2k6bHVpZ2kuc3BhcnNlYnVuZGxlAA4AJgASAGwAdQBpAGcAaQAuAHMAcABhAHIAcwBlAGIAdQBuAGQAbABlAA8AGgAMAE0AYQBjAGkAbgB0AG8AcwBoACAASABEABIAH1VzZXJzLy5sdWlnaS9sdWlnaS5zcGFyc2VidW5kbGUAABMAAS8A//8AAAAVAAIADP//AACABtIbHB0eWiRjbGFzc25hbWVYJGNsYXNzZXNdTlNNdXRhYmxlRGF0YaMdHyBWTlNEYXRhWE5TT2JqZWN00hscIiNcTlNEaWN0aW9uYXJ5oiIgXxAPTlNLZXllZEFyY2hpdmVy0SYnVHJvb3SAAQAIABEAGgAjAC0AMgA3AEAARgBNAFUAYABnAGoAbABuAHEAcwB1AHcAhACOAQIBBwEPBJEEkwSYBKMErAS6BL4ExQTOBNME4ATjBPUE+AT9AAAAAAAAAgEAAAAAAAAAKAAAAAAAAAAAAAAAAAAABP8=}}

@article{PrenticeEtAl_BioK_78,
	Author = {R. L. Prentice and N. E. Breslow},
	Date-Added = {2013-05-16 10:52:54 +0200},
	Date-Modified = {2013-05-16 10:53:02 +0200},
	Journal = {Biometrika},
	Keywords = {cox regression, proportial hazards model, logistic regression, survival data},
	Number = {1},
	Pages = {153-158},
	Title = {Retrospective Studies and Failure Time Models},
	Volume = {65},
	Year = {1978},
	Bdsk-File-1 = {YnBsaXN0MDDUAQIDBAUGJCVYJHZlcnNpb25YJG9iamVjdHNZJGFyY2hpdmVyVCR0b3ASAAGGoKgHCBMUFRYaIVUkbnVsbNMJCgsMDxJXTlMua2V5c1pOUy5vYmplY3RzViRjbGFzc6INDoACgAOiEBGABIAFgAdccmVsYXRpdmVQYXRoWWFsaWFzRGF0YV8QcS4uLy4uLy4uLy4uLy4uL0RvY3VtZW50cy9BcmNoaXZpb0FydGljb2xpL1N0YXRpc3RpY2EgVGVvcmljYS9tb2RlbGxpbmcvU3Vydml2YWwtYW5hbHlzaXMvUHJlbnRpY2VFdEFsX0Jpb0tfNzgucGRm0hcLGBlXTlMuZGF0YU8RA34AAAAAA34AAgAABWx1aWdpAAAAAAAAAAAAAAAAAAAAAAAAAAAAAMZJSxNIKwAFAAa4nRhQcmVudGljZUV0QWxfQmlvS183OC5wZGYAAAAAAAAAAAAAAAAAAAAAAAAAAAAAAAAAAAAAAAAAAAAAAAAAAAAAOlvtzZxj11BERiBDQVJPAAUABgAADQIAAAAAAAAAAAAAAAAAAAARU3Vydml2YWwtYW5hbHlzaXMAABAACAAAxkku8wAAABEACAAAzZxHtwAAAAEAFAAGuJ0AAD1eAAA83wAAN0kAAAHcAAIAaGx1aWdpOkRvY3VtZW50czpBcmNoaXZpb0FydGljb2xpOlN0YXRpc3RpY2EgVGVvcmljYTptb2RlbGxpbmc6U3Vydml2YWwtYW5hbHlzaXM6UHJlbnRpY2VFdEFsX0Jpb0tfNzgucGRmAA4AMgAYAFAAcgBlAG4AdABpAGMAZQBFAHQAQQBsAF8AQgBpAG8ASwBfADcAOAAuAHAAZABmAA8ADAAFAGwAdQBpAGcAaQASAGMvRG9jdW1lbnRzL0FyY2hpdmlvQXJ0aWNvbGkvU3RhdGlzdGljYSBUZW9yaWNhL21vZGVsbGluZy9TdXJ2aXZhbC1hbmFseXNpcy9QcmVudGljZUV0QWxfQmlvS183OC5wZGYAABMADC9Vc2Vycy9sdWlnaQAUAWoAAAAAAWoAAgABDE1hY2ludG9zaCBIRAAAAAAAAAAAAAAAAAAAAMWppN5IKwAAAA0ILRJsdWlnaS5zcGFyc2VidW5kbGUAAAAAAAAAAAAAAAAAAAAAAAAAAAAAAAAAAAAAAAAAAAAAAAAAAAAAAAAAAAAADQWaxklLEgAAAAAAAAAA/////wAACSAAAAAAAAAAAAAAAAAAAAAGLmx1aWdpABAACAAAxamWzgAAABEACAAAxkku8gAAAAEACAANCC0AAHxTAAIALE1hY2ludG9zaCBIRDpVc2VyczoubHVpZ2k6bHVpZ2kuc3BhcnNlYnVuZGxlAA4AJgASAGwAdQBpAGcAaQAuAHMAcABhAHIAcwBlAGIAdQBuAGQAbABlAA8AGgAMAE0AYQBjAGkAbgB0AG8AcwBoACAASABEABIAH1VzZXJzLy5sdWlnaS9sdWlnaS5zcGFyc2VidW5kbGUAABMAAS8A//8AAAAVAAIADP//AACABtIbHB0eWiRjbGFzc25hbWVYJGNsYXNzZXNdTlNNdXRhYmxlRGF0YaMdHyBWTlNEYXRhWE5TT2JqZWN00hscIiNcTlNEaWN0aW9uYXJ5oiIgXxAPTlNLZXllZEFyY2hpdmVy0SYnVHJvb3SAAQAIABEAGgAjAC0AMgA3AEAARgBNAFUAYABnAGoAbABuAHEAcwB1AHcAhACOAQIBBwEPBJEEkwSYBKMErAS6BL4ExQTOBNME4ATjBPUE+AT9AAAAAAAAAgEAAAAAAAAAKAAAAAAAAAAAAAAAAAAABP8=}}

@article{PrenticeEtAl_AOS_83,
	Author = {R. L. Prentice and S. G. Self},
	Date-Added = {2013-05-16 10:40:20 +0200},
	Date-Modified = {2013-05-16 10:41:20 +0200},
	Journal = {The Annals of Statistics},
	Keywords = {cox regression, counting process, partial likelihood, relative risk},
	Number = {3},
	Pages = {804-813},
	Title = {Asymptotic distribution theory for Cox-type regression models with general relative risk form},
	Volume = {11},
	Year = {1983},
	Bdsk-File-1 = {YnBsaXN0MDDUAQIDBAUGJCVYJHZlcnNpb25YJG9iamVjdHNZJGFyY2hpdmVyVCR0b3ASAAGGoKgHCBMUFRYaIVUkbnVsbNMJCgsMDxJXTlMua2V5c1pOUy5vYmplY3RzViRjbGFzc6INDoACgAOiEBGABIAFgAdccmVsYXRpdmVQYXRoWWFsaWFzRGF0YV8QcC4uLy4uLy4uLy4uLy4uL0RvY3VtZW50cy9BcmNoaXZpb0FydGljb2xpL1N0YXRpc3RpY2EgVGVvcmljYS9tb2RlbGxpbmcvU3Vydml2YWwtYW5hbHlzaXMvUHJlbnRpY2VFdEFsX0FPU184My5wZGbSFwsYGVdOUy5kYXRhTxEDegAAAAADegACAAAFbHVpZ2kAAAAAAAAAAAAAAAAAAAAAAAAAAAAAxklLE0grAAUABridF1ByZW50aWNlRXRBbF9BT1NfODMucGRmAAAAAAAAAAAAAAAAAAAAAAAAAAAAAAAAAAAAAAAAAAAAAAAAAAAAAAAhZ9/LMg77UERGIENBUk8ABQAGAAANAgAAAAAAAAAAAAAAAAAAABFTdXJ2aXZhbC1hbmFseXNpcwAAEAAIAADGSS7zAAAAEQAIAADLMgDrAAAAAQAUAAa4nQAAPV4AADzfAAA3SQAAAdwAAgBnbHVpZ2k6RG9jdW1lbnRzOkFyY2hpdmlvQXJ0aWNvbGk6U3RhdGlzdGljYSBUZW9yaWNhOm1vZGVsbGluZzpTdXJ2aXZhbC1hbmFseXNpczpQcmVudGljZUV0QWxfQU9TXzgzLnBkZgAADgAwABcAUAByAGUAbgB0AGkAYwBlAEUAdABBAGwAXwBBAE8AUwBfADgAMwAuAHAAZABmAA8ADAAFAGwAdQBpAGcAaQASAGIvRG9jdW1lbnRzL0FyY2hpdmlvQXJ0aWNvbGkvU3RhdGlzdGljYSBUZW9yaWNhL21vZGVsbGluZy9TdXJ2aXZhbC1hbmFseXNpcy9QcmVudGljZUV0QWxfQU9TXzgzLnBkZgATAAwvVXNlcnMvbHVpZ2kAFAFqAAAAAAFqAAIAAQxNYWNpbnRvc2ggSEQAAAAAAAAAAAAAAAAAAADFqaTeSCsAAAANCC0SbHVpZ2kuc3BhcnNlYnVuZGxlAAAAAAAAAAAAAAAAAAAAAAAAAAAAAAAAAAAAAAAAAAAAAAAAAAAAAAAAAAAAAA0FmsZJSxIAAAAAAAAAAP////8AAAkgAAAAAAAAAAAAAAAAAAAABi5sdWlnaQAQAAgAAMWpls4AAAARAAgAAMZJLvIAAAABAAgADQgtAAB8UwACACxNYWNpbnRvc2ggSEQ6VXNlcnM6Lmx1aWdpOmx1aWdpLnNwYXJzZWJ1bmRsZQAOACYAEgBsAHUAaQBnAGkALgBzAHAAYQByAHMAZQBiAHUAbgBkAGwAZQAPABoADABNAGEAYwBpAG4AdABvAHMAaAAgAEgARAASAB9Vc2Vycy8ubHVpZ2kvbHVpZ2kuc3BhcnNlYnVuZGxlAAATAAEvAP//AAAAFQACAAz//wAAgAbSGxwdHlokY2xhc3NuYW1lWCRjbGFzc2VzXU5TTXV0YWJsZURhdGGjHR8gVk5TRGF0YVhOU09iamVjdNIbHCIjXE5TRGljdGlvbmFyeaIiIF8QD05TS2V5ZWRBcmNoaXZlctEmJ1Ryb290gAEACAARABoAIwAtADIANwBAAEYATQBVAGAAZwBqAGwAbgBxAHMAdQB3AIQAjgEBAQYBDgSMBI4EkwSeBKcEtQS5BMAEyQTOBNsE3gTwBPME+AAAAAAAAAIBAAAAAAAAACgAAAAAAAAAAAAAAAAAAAT6}}

@book{KalbfleischEtAl_Book_02,
	Address = {Hoboken, New Jersey},
	Author = {J. D. Kalbfleisch and R. L. Prentice},
	Date-Added = {2013-05-16 09:09:18 +0200},
	Date-Modified = {2013-05-16 09:09:18 +0200},
	Keywords = {survival data, cox regression},
	Publisher = {John Wiley \& Sons, Inc},
	Series = {Wiley series in probability and statistics},
	Title = {The Statistical Analysis of Failure Time Data},
	Year = {2002}}

@book{AalenEtAl_Book_08,
	Author = {O.O. Aalen and \O. Borgan and H. K. Gjessing},
	Date-Added = {2013-05-16 08:59:21 +0200},
	Date-Modified = {2013-05-16 08:59:21 +0200},
	Keywords = {survival data, cox regression},
	Publisher = {Springer},
	Title = {Survival and Event Hostory Analysis: A Process Point of View},
	Year = {2008},
	Bdsk-File-1 = {YnBsaXN0MDDUAQIDBAUGJCVYJHZlcnNpb25YJG9iamVjdHNZJGFyY2hpdmVyVCR0b3ASAAGGoKgHCBMUFRYaIVUkbnVsbNMJCgsMDxJXTlMua2V5c1pOUy5vYmplY3RzViRjbGFzc6INDoACgAOiEBGABIAFgAdccmVsYXRpdmVQYXRoWWFsaWFzRGF0YV8Qry4uLy4uLy4uLy4uLy4uL0RvY3VtZW50cy9CaWJsaW90ZWNhL1N0YXRpc3RpY2EvU3Vydml2YWwgYW5hbHlzaXMvT2RkX0FhbGVuLF9Pcm51bGZfQm9yZ2FuLF9IYWtvbl9HamVzc2luZ19TdXJ2aXZhbF9hbmRfRXZlbnRfSGlzdG9yeV9BbmFseXNpc19BX1Byb2Nlc3NfUG9pbnRfb2ZfVmlld19fMjAwOC5wZGbSFwsYGVdOUy5kYXRhTxEEVAAAAAAEVAACAAAFbHVpZ2kAAAAAAAAAAAAAAAAAAAAAAAAAAAAAxklLE0grAAUAOlKvH09kZF9BYWxlbixfT3JudWxmX0JvIzNBQjRFQi5wZGYAAAAAAAAAAAAAAAAAAAAAAAAAAAAAAAAAAAAAAAAAAAA6tOvNpXOwAAAAAAAAAAAABQAFAAANAgAAAAAAAAAAAAAAAAAAABFTdXJ2aXZhbCBhbmFseXNpcwAAEAAIAADGSS7zAAAAEQAIAADNpVeQAAAAAQAQADpSrwAABxcAAAV1AAAB3AACAFdsdWlnaTpEb2N1bWVudHM6QmlibGlvdGVjYTpTdGF0aXN0aWNhOlN1cnZpdmFsIGFuYWx5c2lzOk9kZF9BYWxlbixfT3JudWxmX0JvIzNBQjRFQi5wZGYAAA4A3gBuAE8AZABkAF8AQQBhAGwAZQBuACwAXwBPAHIAbgB1AGwAZgBfAEIAbwByAGcAYQBuACwAXwBIAGEAawBvAG4AXwBHAGoAZQBzAHMAaQBuAGcAXwBTAHUAcgB2AGkAdgBhAGwAXwBhAG4AZABfAEUAdgBlAG4AdABfAEgAaQBzAHQAbwByAHkAXwBBAG4AYQBsAHkAcwBpAHMAXwBBAF8AUAByAG8AYwBlAHMAcwBfAFAAbwBpAG4AdABfAG8AZgBfAFYAaQBlAHcAXwBfADIAMAAwADgALgBwAGQAZgAPAAwABQBsAHUAaQBnAGkAEgChL0RvY3VtZW50cy9CaWJsaW90ZWNhL1N0YXRpc3RpY2EvU3Vydml2YWwgYW5hbHlzaXMvT2RkX0FhbGVuLF9Pcm51bGZfQm9yZ2FuLF9IYWtvbl9HamVzc2luZ19TdXJ2aXZhbF9hbmRfRXZlbnRfSGlzdG9yeV9BbmFseXNpc19BX1Byb2Nlc3NfUG9pbnRfb2ZfVmlld19fMjAwOC5wZGYAABMADC9Vc2Vycy9sdWlnaQAUAWoAAAAAAWoAAgABDE1hY2ludG9zaCBIRAAAAAAAAAAAAAAAAAAAAMWppN5IKwAAAA0ILRJsdWlnaS5zcGFyc2VidW5kbGUAAAAAAAAAAAAAAAAAAAAAAAAAAAAAAAAAAAAAAAAAAAAAAAAAAAAAAAAAAAAADQWaxklLEgAAAAAAAAAA/////wAACSAAAAAAAAAAAAAAAAAAAAAGLmx1aWdpABAACAAAxamWzgAAABEACAAAxkku8gAAAAEACAANCC0AAHxTAAIALE1hY2ludG9zaCBIRDpVc2VyczoubHVpZ2k6bHVpZ2kuc3BhcnNlYnVuZGxlAA4AJgASAGwAdQBpAGcAaQAuAHMAcABhAHIAcwBlAGIAdQBuAGQAbABlAA8AGgAMAE0AYQBjAGkAbgB0AG8AcwBoACAASABEABIAH1VzZXJzLy5sdWlnaS9sdWlnaS5zcGFyc2VidW5kbGUAABMAAS8A//8AAAAVAAIADP//AACABtIbHB0eWiRjbGFzc25hbWVYJGNsYXNzZXNdTlNNdXRhYmxlRGF0YaMdHyBWTlNEYXRhWE5TT2JqZWN00hscIiNcTlNEaWN0aW9uYXJ5oiIgXxAPTlNLZXllZEFyY2hpdmVy0SYnVHJvb3SAAQAIABEAGgAjAC0AMgA3AEAARgBNAFUAYABnAGoAbABuAHEAcwB1AHcAhACOAUABRQFNBaUFpwWsBbcFwAXOBdIF2QXiBecF9AX3BgkGDAYRAAAAAAAAAgEAAAAAAAAAKAAAAAAAAAAAAAAAAAAABhM=}}

@article{PrenticeEtAl_JNCI_83,
	Author = {R.L. Prentice and Y. Yoshimoto and M. Mason},
	Date-Added = {2013-05-15 10:46:26 +0200},
	Date-Modified = {2013-05-16 10:41:50 +0200},
	Journal = {Journal of National Cancer Institute},
	Keywords = {cox regression, survival data},
	Number = {4},
	Pages = {611--622},
	Title = {Relationship of cigarette smoking and radiation exposure to cancer mortality in {Hiroshima} and {Nagasaki}},
	Volume = {70},
	Year = {1983},
	Bdsk-File-1 = {YnBsaXN0MDDUAQIDBAUGJCVYJHZlcnNpb25YJG9iamVjdHNZJGFyY2hpdmVyVCR0b3ASAAGGoKgHCBMUFRYaIVUkbnVsbNMJCgsMDxJXTlMua2V5c1pOUy5vYmplY3RzViRjbGFzc6INDoACgAOiEBGABIAFgAdccmVsYXRpdmVQYXRoWWFsaWFzRGF0YV8QcS4uLy4uLy4uLy4uLy4uL0RvY3VtZW50cy9BcmNoaXZpb0FydGljb2xpL1N0YXRpc3RpY2EgVGVvcmljYS9tb2RlbGxpbmcvU3Vydml2YWwtYW5hbHlzaXMvUHJlbnRpY2VFdEFsX0pOQ0lfODMucGRm0hcLGBlXTlMuZGF0YU8RA34AAAAAA34AAgAABWx1aWdpAAAAAAAAAAAAAAAAAAAAAAAAAAAAAMZJSxNIKwAFAAa4nRhQcmVudGljZUV0QWxfSk5DSV84My5wZGYAAAAAAAAAAAAAAAAAAAAAAAAAAAAAAAAAAAAAAAAAAAAAAAAAAAAAO3AIzbkW4gAAAAAAAAAAAAUABgAADQIAAAAAAAAAAAAAAAAAAAARU3Vydml2YWwtYW5hbHlzaXMAABAACAAAxkku8wAAABEACAAAzbj6wgAAAAEAFAAGuJ0AAD1eAAA83wAAN0kAAAHcAAIAaGx1aWdpOkRvY3VtZW50czpBcmNoaXZpb0FydGljb2xpOlN0YXRpc3RpY2EgVGVvcmljYTptb2RlbGxpbmc6U3Vydml2YWwtYW5hbHlzaXM6UHJlbnRpY2VFdEFsX0pOQ0lfODMucGRmAA4AMgAYAFAAcgBlAG4AdABpAGMAZQBFAHQAQQBsAF8ASgBOAEMASQBfADgAMwAuAHAAZABmAA8ADAAFAGwAdQBpAGcAaQASAGMvRG9jdW1lbnRzL0FyY2hpdmlvQXJ0aWNvbGkvU3RhdGlzdGljYSBUZW9yaWNhL21vZGVsbGluZy9TdXJ2aXZhbC1hbmFseXNpcy9QcmVudGljZUV0QWxfSk5DSV84My5wZGYAABMADC9Vc2Vycy9sdWlnaQAUAWoAAAAAAWoAAgABDE1hY2ludG9zaCBIRAAAAAAAAAAAAAAAAAAAAMWppN5IKwAAAA0ILRJsdWlnaS5zcGFyc2VidW5kbGUAAAAAAAAAAAAAAAAAAAAAAAAAAAAAAAAAAAAAAAAAAAAAAAAAAAAAAAAAAAAADQWaxklLEgAAAAAAAAAA/////wAACSAAAAAAAAAAAAAAAAAAAAAGLmx1aWdpABAACAAAxamWzgAAABEACAAAxkku8gAAAAEACAANCC0AAHxTAAIALE1hY2ludG9zaCBIRDpVc2VyczoubHVpZ2k6bHVpZ2kuc3BhcnNlYnVuZGxlAA4AJgASAGwAdQBpAGcAaQAuAHMAcABhAHIAcwBlAGIAdQBuAGQAbABlAA8AGgAMAE0AYQBjAGkAbgB0AG8AcwBoACAASABEABIAH1VzZXJzLy5sdWlnaS9sdWlnaS5zcGFyc2VidW5kbGUAABMAAS8A//8AAAAVAAIADP//AACABtIbHB0eWiRjbGFzc25hbWVYJGNsYXNzZXNdTlNNdXRhYmxlRGF0YaMdHyBWTlNEYXRhWE5TT2JqZWN00hscIiNcTlNEaWN0aW9uYXJ5oiIgXxAPTlNLZXllZEFyY2hpdmVy0SYnVHJvb3SAAQAIABEAGgAjAC0AMgA3AEAARgBNAFUAYABnAGoAbABuAHEAcwB1AHcAhACOAQIBBwEPBJEEkwSYBKMErAS6BL4ExQTOBNME4ATjBPUE+AT9AAAAAAAAAgEAAAAAAAAAKAAAAAAAAAAAAAAAAAAABP8=}}

@article{Efron_JASA_77,
	Author = {B. Efron},
	Date-Added = {2013-05-15 10:12:55 +0200},
	Date-Modified = {2013-05-15 10:12:55 +0200},
	Journal = {Journal of the American Statistical Association},
	Keywords = {cox regression, survival data, partial likelihood},
	Number = {359},
	Pages = {557--565},
	Title = {The Efficiency of Cox's Likelihood Function for Censored Data},
	Volume = {72},
	Year = {1977},
	Bdsk-File-1 = {YnBsaXN0MDDUAQIDBAUGJCVYJHZlcnNpb25YJG9iamVjdHNZJGFyY2hpdmVyVCR0b3ASAAGGoKgHCBMUFRYaIVUkbnVsbNMJCgsMDxJXTlMua2V5c1pOUy5vYmplY3RzViRjbGFzc6INDoACgAOiEBGABIAFgAdccmVsYXRpdmVQYXRoWWFsaWFzRGF0YV8Qai4uLy4uLy4uLy4uLy4uL0RvY3VtZW50cy9BcmNoaXZpb0FydGljb2xpL1N0YXRpc3RpY2EgVGVvcmljYS9tb2RlbGxpbmcvU3Vydml2YWwtYW5hbHlzaXMvRWZyb25fSkFTQV83Ny5wZGbSFwsYGVdOUy5kYXRhTxEDYgAAAAADYgACAAAFbHVpZ2kAAAAAAAAAAAAAAAAAAAAAAAAAAAAAxklLE0grAAUABridEUVmcm9uX0pBU0FfNzcucGRmAAAAAAAAAAAAAAAAAAAAAAAAAAAAAAAAAAAAAAAAAAAAAAAAAAAAAAAAAAAAAAA7bJ7NuQ5sAAAAAAAAAAAABQAGAAANAgAAAAAAAAAAAAAAAAAAABFTdXJ2aXZhbC1hbmFseXNpcwAAEAAIAADGSS7zAAAAEQAIAADNuPJMAAAAAQAUAAa4nQAAPV4AADzfAAA3SQAAAdwAAgBhbHVpZ2k6RG9jdW1lbnRzOkFyY2hpdmlvQXJ0aWNvbGk6U3RhdGlzdGljYSBUZW9yaWNhOm1vZGVsbGluZzpTdXJ2aXZhbC1hbmFseXNpczpFZnJvbl9KQVNBXzc3LnBkZgAADgAkABEARQBmAHIAbwBuAF8ASgBBAFMAQQBfADcANwAuAHAAZABmAA8ADAAFAGwAdQBpAGcAaQASAFwvRG9jdW1lbnRzL0FyY2hpdmlvQXJ0aWNvbGkvU3RhdGlzdGljYSBUZW9yaWNhL21vZGVsbGluZy9TdXJ2aXZhbC1hbmFseXNpcy9FZnJvbl9KQVNBXzc3LnBkZgATAAwvVXNlcnMvbHVpZ2kAFAFqAAAAAAFqAAIAAQxNYWNpbnRvc2ggSEQAAAAAAAAAAAAAAAAAAADFqaTeSCsAAAANCC0SbHVpZ2kuc3BhcnNlYnVuZGxlAAAAAAAAAAAAAAAAAAAAAAAAAAAAAAAAAAAAAAAAAAAAAAAAAAAAAAAAAAAAAA0FmsZJSxIAAAAAAAAAAP////8AAAkgAAAAAAAAAAAAAAAAAAAABi5sdWlnaQAQAAgAAMWpls4AAAARAAgAAMZJLvIAAAABAAgADQgtAAB8UwACACxNYWNpbnRvc2ggSEQ6VXNlcnM6Lmx1aWdpOmx1aWdpLnNwYXJzZWJ1bmRsZQAOACYAEgBsAHUAaQBnAGkALgBzAHAAYQByAHMAZQBiAHUAbgBkAGwAZQAPABoADABNAGEAYwBpAG4AdABvAHMAaAAgAEgARAASAB9Vc2Vycy8ubHVpZ2kvbHVpZ2kuc3BhcnNlYnVuZGxlAAATAAEvAP//AAAAFQACAAz//wAAgAbSGxwdHlokY2xhc3NuYW1lWCRjbGFzc2VzXU5TTXV0YWJsZURhdGGjHR8gVk5TRGF0YVhOU09iamVjdNIbHCIjXE5TRGljdGlvbmFyeaIiIF8QD05TS2V5ZWRBcmNoaXZlctEmJ1Ryb290gAEACAARABoAIwAtADIANwBAAEYATQBVAGAAZwBqAGwAbgBxAHMAdQB3AIQAjgD7AQABCARuBHAEdQSABIkElwSbBKIEqwSwBL0EwATSBNUE2gAAAAAAAAIBAAAAAAAAACgAAAAAAAAAAAAAAAAAAATc}}

@article{Oakes_ISR_81,
	Author = {D. Oakes},
	Date-Added = {2013-05-15 09:45:50 +0200},
	Date-Modified = {2013-05-15 09:45:50 +0200},
	Journal = {Internat. Statist. Rev.},
	Keywords = {cox regression, survival data, partial likelihood},
	Number = {3},
	Pages = {235-252},
	Title = {Survival Times: Aspects of Partial Likelihood},
	Volume = {49},
	Year = {1981},
	Bdsk-File-1 = {YnBsaXN0MDDUAQIDBAUGJCVYJHZlcnNpb25YJG9iamVjdHNZJGFyY2hpdmVyVCR0b3ASAAGGoKgHCBMUFRYaIVUkbnVsbNMJCgsMDxJXTlMua2V5c1pOUy5vYmplY3RzViRjbGFzc6INDoACgAOiEBGABIAFgAdccmVsYXRpdmVQYXRoWWFsaWFzRGF0YV8QaS4uLy4uLy4uLy4uLy4uL0RvY3VtZW50cy9BcmNoaXZpb0FydGljb2xpL1N0YXRpc3RpY2EgVGVvcmljYS9tb2RlbGxpbmcvU3Vydml2YWwtYW5hbHlzaXMvT2FrZXNfSVNSXzgxLnBkZtIXCxgZV05TLmRhdGFPEQNeAAAAAANeAAIAAAVsdWlnaQAAAAAAAAAAAAAAAAAAAAAAAAAAAADGSUsTSCsABQAGuJ0QT2FrZXNfSVNSXzgxLnBkZgAAAAAAAAAAAAAAAAAAAAAAAAAAAAAAAAAAAAAAAAAAAAAAAAAAAAAAAAAAAAAAADtl3s24FTsAAAAAAAAAAAAFAAYAAA0CAAAAAAAAAAAAAAAAAAAAEVN1cnZpdmFsLWFuYWx5c2lzAAAQAAgAAMZJLvMAAAARAAgAAM23+RsAAAABABQABridAAA9XgAAPN8AADdJAAAB3AACAGBsdWlnaTpEb2N1bWVudHM6QXJjaGl2aW9BcnRpY29saTpTdGF0aXN0aWNhIFRlb3JpY2E6bW9kZWxsaW5nOlN1cnZpdmFsLWFuYWx5c2lzOk9ha2VzX0lTUl84MS5wZGYADgAiABAATwBhAGsAZQBzAF8ASQBTAFIAXwA4ADEALgBwAGQAZgAPAAwABQBsAHUAaQBnAGkAEgBbL0RvY3VtZW50cy9BcmNoaXZpb0FydGljb2xpL1N0YXRpc3RpY2EgVGVvcmljYS9tb2RlbGxpbmcvU3Vydml2YWwtYW5hbHlzaXMvT2FrZXNfSVNSXzgxLnBkZgAAEwAML1VzZXJzL2x1aWdpABQBagAAAAABagACAAEMTWFjaW50b3NoIEhEAAAAAAAAAAAAAAAAAAAAxamk3kgrAAAADQgtEmx1aWdpLnNwYXJzZWJ1bmRsZQAAAAAAAAAAAAAAAAAAAAAAAAAAAAAAAAAAAAAAAAAAAAAAAAAAAAAAAAAAAAANBZrGSUsSAAAAAAAAAAD/////AAAJIAAAAAAAAAAAAAAAAAAAAAYubHVpZ2kAEAAIAADFqZbOAAAAEQAIAADGSS7yAAAAAQAIAA0ILQAAfFMAAgAsTWFjaW50b3NoIEhEOlVzZXJzOi5sdWlnaTpsdWlnaS5zcGFyc2VidW5kbGUADgAmABIAbAB1AGkAZwBpAC4AcwBwAGEAcgBzAGUAYgB1AG4AZABsAGUADwAaAAwATQBhAGMAaQBuAHQAbwBzAGgAIABIAEQAEgAfVXNlcnMvLmx1aWdpL2x1aWdpLnNwYXJzZWJ1bmRsZQAAEwABLwD//wAAABUAAgAM//8AAIAG0hscHR5aJGNsYXNzbmFtZVgkY2xhc3Nlc11OU011dGFibGVEYXRhox0fIFZOU0RhdGFYTlNPYmplY3TSGxwiI1xOU0RpY3Rpb25hcnmiIiBfEA9OU0tleWVkQXJjaGl2ZXLRJidUcm9vdIABAAgAEQAaACMALQAyADcAQABGAE0AVQBgAGcAagBsAG4AcQBzAHUAdwCEAI4A+gD/AQcEaQRrBHAEewSEBJIElgSdBKYEqwS4BLsEzQTQBNUAAAAAAAACAQAAAAAAAAAoAAAAAAAAAAAAAAAAAAAE1w==}}

@article{Cox_ISR_81,
	Author = {{D. R.} Cox},
	Date-Added = {2013-05-15 09:45:39 +0200},
	Date-Modified = {2013-05-15 09:54:51 +0200},
	Journal = {International Statistical Review},
	Keywords = {survival data, cox regression, partial likelihood},
	Number = {3},
	Pages = {258},
	Title = {Discussion of paper by {D. Oakse} entitled ``Survival Times: Aspects of Partial Likelihood''},
	Volume = {49},
	Year = {1981},
	Bdsk-File-1 = {YnBsaXN0MDDUAQIDBAUGJCVYJHZlcnNpb25YJG9iamVjdHNZJGFyY2hpdmVyVCR0b3ASAAGGoKgHCBMUFRYaIVUkbnVsbNMJCgsMDxJXTlMua2V5c1pOUy5vYmplY3RzViRjbGFzc6INDoACgAOiEBGABIAFgAdccmVsYXRpdmVQYXRoWWFsaWFzRGF0YV8QZy4uLy4uLy4uLy4uLy4uL0RvY3VtZW50cy9BcmNoaXZpb0FydGljb2xpL1N0YXRpc3RpY2EgVGVvcmljYS9tb2RlbGxpbmcvU3Vydml2YWwtYW5hbHlzaXMvQ294X0lTUl84MS5wZGbSFwsYGVdOUy5kYXRhTxEDVgAAAAADVgACAAAFbHVpZ2kAAAAAAAAAAAAAAAAAAAAAAAAAAAAAxklLE0grAAUABridDkNveF9JU1JfODEucGRmAAAAAAAAAAAAAAAAAAAAAAAAAAAAAAAAAAAAAAAAAAAAAAAAAAAAAAAAAAAAAAAAAAA7ZqDNuBgZAAAAAAAAAAAABQAGAAANAgAAAAAAAAAAAAAAAAAAABFTdXJ2aXZhbC1hbmFseXNpcwAAEAAIAADGSS7zAAAAEQAIAADNt/v5AAAAAQAUAAa4nQAAPV4AADzfAAA3SQAAAdwAAgBebHVpZ2k6RG9jdW1lbnRzOkFyY2hpdmlvQXJ0aWNvbGk6U3RhdGlzdGljYSBUZW9yaWNhOm1vZGVsbGluZzpTdXJ2aXZhbC1hbmFseXNpczpDb3hfSVNSXzgxLnBkZgAOAB4ADgBDAG8AeABfAEkAUwBSAF8AOAAxAC4AcABkAGYADwAMAAUAbAB1AGkAZwBpABIAWS9Eb2N1bWVudHMvQXJjaGl2aW9BcnRpY29saS9TdGF0aXN0aWNhIFRlb3JpY2EvbW9kZWxsaW5nL1N1cnZpdmFsLWFuYWx5c2lzL0NveF9JU1JfODEucGRmAAATAAwvVXNlcnMvbHVpZ2kAFAFqAAAAAAFqAAIAAQxNYWNpbnRvc2ggSEQAAAAAAAAAAAAAAAAAAADFqaTeSCsAAAANCC0SbHVpZ2kuc3BhcnNlYnVuZGxlAAAAAAAAAAAAAAAAAAAAAAAAAAAAAAAAAAAAAAAAAAAAAAAAAAAAAAAAAAAAAA0FmsZJSxIAAAAAAAAAAP////8AAAkgAAAAAAAAAAAAAAAAAAAABi5sdWlnaQAQAAgAAMWpls4AAAARAAgAAMZJLvIAAAABAAgADQgtAAB8UwACACxNYWNpbnRvc2ggSEQ6VXNlcnM6Lmx1aWdpOmx1aWdpLnNwYXJzZWJ1bmRsZQAOACYAEgBsAHUAaQBnAGkALgBzAHAAYQByAHMAZQBiAHUAbgBkAGwAZQAPABoADABNAGEAYwBpAG4AdABvAHMAaAAgAEgARAASAB9Vc2Vycy8ubHVpZ2kvbHVpZ2kuc3BhcnNlYnVuZGxlAAATAAEvAP//AAAAFQACAAz//wAAgAbSGxwdHlokY2xhc3NuYW1lWCRjbGFzc2VzXU5TTXV0YWJsZURhdGGjHR8gVk5TRGF0YVhOU09iamVjdNIbHCIjXE5TRGljdGlvbmFyeaIiIF8QD05TS2V5ZWRBcmNoaXZlctEmJ1Ryb290gAEACAARABoAIwAtADIANwBAAEYATQBVAGAAZwBqAGwAbgBxAHMAdQB3AIQAjgD4AP0BBQRfBGEEZgRxBHoEiASMBJMEnAShBK4EsQTDBMYEywAAAAAAAAIBAAAAAAAAACgAAAAAAAAAAAAAAAAAAATN}}

@article{Thomas_BioC_81,
	Author = {D. C. Thomas},
	Date-Added = {2013-05-15 08:38:22 +0200},
	Date-Modified = {2013-05-15 08:48:52 +0200},
	Journal = {Biometrics},
	Keywords = {cox regression, relative risk, survival data},
	Number = {4},
	Pages = {673-686},
	Title = {General Relative-Risk Models for Survival Time and Matched Case-Control Analysis},
	Volume = {37},
	Year = {1981},
	Bdsk-File-1 = {YnBsaXN0MDDUAQIDBAUGJCVYJHZlcnNpb25YJG9iamVjdHNZJGFyY2hpdmVyVCR0b3ASAAGGoKgHCBMUFRYaIVUkbnVsbNMJCgsMDxJXTlMua2V5c1pOUy5vYmplY3RzViRjbGFzc6INDoACgAOiEBGABIAFgAdccmVsYXRpdmVQYXRoWWFsaWFzRGF0YV8Qay4uLy4uLy4uLy4uLy4uL0RvY3VtZW50cy9BcmNoaXZpb0FydGljb2xpL1N0YXRpc3RpY2EgVGVvcmljYS9tb2RlbGxpbmcvU3Vydml2YWwtYW5hbHlzaXMvVGhvbWFzX0Jpb0tfODEucGRm0hcLGBlXTlMuZGF0YU8RA2YAAAAAA2YAAgAABWx1aWdpAAAAAAAAAAAAAAAAAAAAAAAAAAAAAMZJSxNIKwAFAAa4nRJUaG9tYXNfQmlvS184MS5wZGYAAAAAAAAAAAAAAAAAAAAAAAAAAAAAAAAAAAAAAAAAAAAAAAAAAAAAAAAAAAAAOkbdzZq7xFBERiBDQVJPAAUABgAADQIAAAAAAAAAAAAAAAAAAAARU3Vydml2YWwtYW5hbHlzaXMAABAACAAAxkku8wAAABEACAAAzZqfpAAAAAEAFAAGuJ0AAD1eAAA83wAAN0kAAAHcAAIAYmx1aWdpOkRvY3VtZW50czpBcmNoaXZpb0FydGljb2xpOlN0YXRpc3RpY2EgVGVvcmljYTptb2RlbGxpbmc6U3Vydml2YWwtYW5hbHlzaXM6VGhvbWFzX0Jpb0tfODEucGRmAA4AJgASAFQAaABvAG0AYQBzAF8AQgBpAG8ASwBfADgAMQAuAHAAZABmAA8ADAAFAGwAdQBpAGcAaQASAF0vRG9jdW1lbnRzL0FyY2hpdmlvQXJ0aWNvbGkvU3RhdGlzdGljYSBUZW9yaWNhL21vZGVsbGluZy9TdXJ2aXZhbC1hbmFseXNpcy9UaG9tYXNfQmlvS184MS5wZGYAABMADC9Vc2Vycy9sdWlnaQAUAWoAAAAAAWoAAgABDE1hY2ludG9zaCBIRAAAAAAAAAAAAAAAAAAAAMWppN5IKwAAAA0ILRJsdWlnaS5zcGFyc2VidW5kbGUAAAAAAAAAAAAAAAAAAAAAAAAAAAAAAAAAAAAAAAAAAAAAAAAAAAAAAAAAAAAADQWaxklLEgAAAAAAAAAA/////wAACSAAAAAAAAAAAAAAAAAAAAAGLmx1aWdpABAACAAAxamWzgAAABEACAAAxkku8gAAAAEACAANCC0AAHxTAAIALE1hY2ludG9zaCBIRDpVc2VyczoubHVpZ2k6bHVpZ2kuc3BhcnNlYnVuZGxlAA4AJgASAGwAdQBpAGcAaQAuAHMAcABhAHIAcwBlAGIAdQBuAGQAbABlAA8AGgAMAE0AYQBjAGkAbgB0AG8AcwBoACAASABEABIAH1VzZXJzLy5sdWlnaS9sdWlnaS5zcGFyc2VidW5kbGUAABMAAS8A//8AAAAVAAIADP//AACABtIbHB0eWiRjbGFzc25hbWVYJGNsYXNzZXNdTlNNdXRhYmxlRGF0YaMdHyBWTlNEYXRhWE5TT2JqZWN00hscIiNcTlNEaWN0aW9uYXJ5oiIgXxAPTlNLZXllZEFyY2hpdmVy0SYnVHJvb3SAAQAIABEAGgAjAC0AMgA3AEAARgBNAFUAYABnAGoAbABuAHEAcwB1AHcAhACOAPwBAQEJBHMEdQR6BIUEjgScBKAEpwSwBLUEwgTFBNcE2gTfAAAAAAAAAgEAAAAAAAAAKAAAAAAAAAAAAAAAAAAABOE=}}

@book{CoxEtAl_Book_84,
	Address = {London},
	Author = {{D. R.} Cox and D. Oakes},
	Date-Added = {2013-05-14 16:13:37 +0200},
	Date-Modified = {2013-05-14 16:13:37 +0200},
	Keywords = {survival data, cox regression, proportial hazards model},
	Publisher = {Chapman and Hall},
	Series = {Monographs on Statistics and Applied Probability},
	Title = {Analysis of Survival Data},
	Year = {1984}}

@article{Cox_BioK_75,
	Author = {{D. R.} Cox},
	Date-Added = {2013-04-29 10:31:20 +0200},
	Date-Modified = {2013-05-15 09:55:27 +0200},
	Journal = {Biometrika},
	Keywords = {cox regression, survival data, partial likelihood},
	Number = {2},
	Pages = {269-276},
	Title = {Partial Likelihood},
	Volume = {62},
	Year = {1975},
	Bdsk-File-1 = {YnBsaXN0MDDUAQIDBAUGJCVYJHZlcnNpb25YJG9iamVjdHNZJGFyY2hpdmVyVCR0b3ASAAGGoKgHCBMUFRYaIVUkbnVsbNMJCgsMDxJXTlMua2V5c1pOUy5vYmplY3RzViRjbGFzc6INDoACgAOiEBGABIAFgAdccmVsYXRpdmVQYXRoWWFsaWFzRGF0YV8QaC4uLy4uLy4uLy4uLy4uL0RvY3VtZW50cy9BcmNoaXZpb0FydGljb2xpL1N0YXRpc3RpY2EgVGVvcmljYS9tb2RlbGxpbmcvU3Vydml2YWwtYW5hbHlzaXMvQ294X0Jpb0tfNzUucGRm0hcLGBlXTlMuZGF0YU8RA1oAAAAAA1oAAgAABWx1aWdpAAAAAAAAAAAAAAAAAAAAAAAAAAAAAMZJSxNIKwAFAAa4nQ9Db3hfQmlvS183NS5wZGYAAAAAAAAAAAAAAAAAAAAAAAAAAAAAAAAAAAAAAAAAAAAAAAAAAAAAAAAAAAAAAAAABrZwx9kb0gAAAAAAAAAAAAUABgAADQIAAAAAAAAAAAAAAAAAAAARU3Vydml2YWwtYW5hbHlzaXMAABAACAAAxkku8wAAABEACAAAx9j/sgAAAAEAFAAGuJ0AAD1eAAA83wAAN0kAAAHcAAIAX2x1aWdpOkRvY3VtZW50czpBcmNoaXZpb0FydGljb2xpOlN0YXRpc3RpY2EgVGVvcmljYTptb2RlbGxpbmc6U3Vydml2YWwtYW5hbHlzaXM6Q294X0Jpb0tfNzUucGRmAAAOACAADwBDAG8AeABfAEIAaQBvAEsAXwA3ADUALgBwAGQAZgAPAAwABQBsAHUAaQBnAGkAEgBaL0RvY3VtZW50cy9BcmNoaXZpb0FydGljb2xpL1N0YXRpc3RpY2EgVGVvcmljYS9tb2RlbGxpbmcvU3Vydml2YWwtYW5hbHlzaXMvQ294X0Jpb0tfNzUucGRmABMADC9Vc2Vycy9sdWlnaQAUAWoAAAAAAWoAAgABDE1hY2ludG9zaCBIRAAAAAAAAAAAAAAAAAAAAMWppN5IKwAAAA0ILRJsdWlnaS5zcGFyc2VidW5kbGUAAAAAAAAAAAAAAAAAAAAAAAAAAAAAAAAAAAAAAAAAAAAAAAAAAAAAAAAAAAAADQWaxklLEgAAAAAAAAAA/////wAACSAAAAAAAAAAAAAAAAAAAAAGLmx1aWdpABAACAAAxamWzgAAABEACAAAxkku8gAAAAEACAANCC0AAHxTAAIALE1hY2ludG9zaCBIRDpVc2VyczoubHVpZ2k6bHVpZ2kuc3BhcnNlYnVuZGxlAA4AJgASAGwAdQBpAGcAaQAuAHMAcABhAHIAcwBlAGIAdQBuAGQAbABlAA8AGgAMAE0AYQBjAGkAbgB0AG8AcwBoACAASABEABIAH1VzZXJzLy5sdWlnaS9sdWlnaS5zcGFyc2VidW5kbGUAABMAAS8A//8AAAAVAAIADP//AACABtIbHB0eWiRjbGFzc25hbWVYJGNsYXNzZXNdTlNNdXRhYmxlRGF0YaMdHyBWTlNEYXRhWE5TT2JqZWN00hscIiNcTlNEaWN0aW9uYXJ5oiIgXxAPTlNLZXllZEFyY2hpdmVy0SYnVHJvb3SAAQAIABEAGgAjAC0AMgA3AEAARgBNAFUAYABnAGoAbABuAHEAcwB1AHcAhACOAPkA/gEGBGQEZgRrBHYEfwSNBJEEmAShBKYEswS2BMgEywTQAAAAAAAAAgEAAAAAAAAAKAAAAAAAAAAAAAAAAAAABNI=}}

@article{Cox_JRSSB_72,
	Author = {{D. R.} Cox},
	Date-Added = {2013-04-29 09:16:36 +0200},
	Date-Modified = {2013-05-15 09:55:45 +0200},
	Journal = {Journal of the Royal Statistical Society. Series B},
	Keywords = {cox regression, survival data, partial likelihood},
	Number = {2},
	Pages = {187-220},
	Title = {Regression Models and Life-Tables},
	Volume = {34},
	Year = {1972},
	Bdsk-File-1 = {YnBsaXN0MDDUAQIDBAUGJCVYJHZlcnNpb25YJG9iamVjdHNZJGFyY2hpdmVyVCR0b3ASAAGGoKgHCBMUFRYaIVUkbnVsbNMJCgsMDxJXTlMua2V5c1pOUy5vYmplY3RzViRjbGFzc6INDoACgAOiEBGABIAFgAdccmVsYXRpdmVQYXRoWWFsaWFzRGF0YV8QaS4uLy4uLy4uLy4uLy4uL0RvY3VtZW50cy9BcmNoaXZpb0FydGljb2xpL1N0YXRpc3RpY2EgVGVvcmljYS9tb2RlbGxpbmcvU3Vydml2YWwtYW5hbHlzaXMvQ294X0pSU1NCXzcyLnBkZtIXCxgZV05TLmRhdGFPEQNeAAAAAANeAAIAAAVsdWlnaQAAAAAAAAAAAAAAAAAAAAAAAAAAAADGSUsTSCsABQAGuJ0QQ294X0pSU1NCXzcyLnBkZgAAAAAAAAAAAAAAAAAAAAAAAAAAAAAAAAAAAAAAAAAAAAAAAAAAAAAAAAAAAAAAAAa0U8fZBm4AAAAAAAAAAAAFAAYAAA0CAAAAAAAAAAAAAAAAAAAAEVN1cnZpdmFsLWFuYWx5c2lzAAAQAAgAAMZJLvMAAAARAAgAAMfY6k4AAAABABQABridAAA9XgAAPN8AADdJAAAB3AACAGBsdWlnaTpEb2N1bWVudHM6QXJjaGl2aW9BcnRpY29saTpTdGF0aXN0aWNhIFRlb3JpY2E6bW9kZWxsaW5nOlN1cnZpdmFsLWFuYWx5c2lzOkNveF9KUlNTQl83Mi5wZGYADgAiABAAQwBvAHgAXwBKAFIAUwBTAEIAXwA3ADIALgBwAGQAZgAPAAwABQBsAHUAaQBnAGkAEgBbL0RvY3VtZW50cy9BcmNoaXZpb0FydGljb2xpL1N0YXRpc3RpY2EgVGVvcmljYS9tb2RlbGxpbmcvU3Vydml2YWwtYW5hbHlzaXMvQ294X0pSU1NCXzcyLnBkZgAAEwAML1VzZXJzL2x1aWdpABQBagAAAAABagACAAEMTWFjaW50b3NoIEhEAAAAAAAAAAAAAAAAAAAAxamk3kgrAAAADQgtEmx1aWdpLnNwYXJzZWJ1bmRsZQAAAAAAAAAAAAAAAAAAAAAAAAAAAAAAAAAAAAAAAAAAAAAAAAAAAAAAAAAAAAANBZrGSUsSAAAAAAAAAAD/////AAAJIAAAAAAAAAAAAAAAAAAAAAYubHVpZ2kAEAAIAADFqZbOAAAAEQAIAADGSS7yAAAAAQAIAA0ILQAAfFMAAgAsTWFjaW50b3NoIEhEOlVzZXJzOi5sdWlnaTpsdWlnaS5zcGFyc2VidW5kbGUADgAmABIAbAB1AGkAZwBpAC4AcwBwAGEAcgBzAGUAYgB1AG4AZABsAGUADwAaAAwATQBhAGMAaQBuAHQAbwBzAGgAIABIAEQAEgAfVXNlcnMvLmx1aWdpL2x1aWdpLnNwYXJzZWJ1bmRsZQAAEwABLwD//wAAABUAAgAM//8AAIAG0hscHR5aJGNsYXNzbmFtZVgkY2xhc3Nlc11OU011dGFibGVEYXRhox0fIFZOU0RhdGFYTlNPYmplY3TSGxwiI1xOU0RpY3Rpb25hcnmiIiBfEA9OU0tleWVkQXJjaGl2ZXLRJidUcm9vdIABAAgAEQAaACMALQAyADcAQABGAE0AVQBgAGcAagBsAG4AcQBzAHUAdwCEAI4A+gD/AQcEaQRrBHAEewSEBJIElgSdBKYEqwS4BLsEzQTQBNUAAAAAAAACAQAAAAAAAAAoAAAAAAAAAAAAAAAAAAAE1w==}}

@article{Whitehead_JRSSC_80,
	Author = {J. Whitehead},
	Date-Added = {2013-04-29 09:09:31 +0200},
	Date-Modified = {2013-05-15 09:56:16 +0200},
	Journal = {Journal of the Royal Statistical Society. Series C},
	Keywords = {cox regression, survival data, partial likelihood, generalized linear models},
	Number = {3},
	Pages = {268-275},
	Title = {Cox's Regression Model to Survival Data using GLIM},
	Volume = {29},
	Year = {1980}}

@article{fan2013tuning,
	Author = {Fan, Y. and Tang, C. Y.},
	Journal = {Journal of the Royal Statistical Society: Series B (Statistical Methodology)},
	Number = {3},
	Pages = {531--552},
	Publisher = {Wiley Online Library},
	Title = {Tuning parameter selection in high dimensional penalized likelihood},
	Volume = {75},
	Year = {2013}}

@article{konishi1996generalised,
	Author = {Konishi, S. and Kitagawa, G.},
	Journal = {Biometrika},
	Number = {4},
	Pages = {875--890},
	Publisher = {Biometrika Trust},
	Title = {Generalised information criteria in model selection},
	Volume = {83},
	Year = {1996}}

@phdthesis{pazira_0,
	Author = {Hassan Pazira},
	Institution = {Johann Bernoulli Institute},
	Publisher = {University of Groningen},
	School = {University of Groningen},
	Title = {High-dimensional variable selection for GLMs and survival models},
	Url = {https://pure.rug.nl/ws/portalfiles/portal/44052989/Complete_thesis.pdf},
	Year = {2017}}

@article{pazira,
	Author = {H. Pazira and L. Augugliaro and E.C. Wit},
	Journal = {Statistics and Computing},
	Number = {4},
	Pages = {753--774},
	Publisher = {Springer US},
	Title = {Extended differential geometric LARS for high-dimensional GLMs with general dispersion parameter},
	Url = {http://dx.doi.org/10.1007/s11222-017-9761-7},
	Volume = {28},
	Year = {2018},
}

@article{pazira_2,
	Author = {E.C. Wit and L. Augugliaro and H. Pazira and J. Gonzalez and F. Abegaz},
	Journal = {Biostatistics},
	Publisher = {Oxford Academic},
	Title = {Sparse Relative Risk Regression Models},
	Url = {https://doi.org/10.1093/biostatistics/kxy060},
	volume = {21},
	number={2},
	pages={e131-e147},
	Year = {2020}
}



@InProceedings{pazira_3,
	author="Pazira, Hassan",
	title="Improved Predictor-Corrector Algorithm",
	booktitle="Computational Intelligence Methods for Bioinformatics and Biostatistics",
	year="2020",
	publisher="Springer International Publishing",
	pages="99--106",
	abstract="The differential geometric least angle regression method consists essentially in computing the solution path. In Augugliaro et al. [4], this problem is satisfactorily solved by using a predictor-corrector (PC) algorithm, that however has the drawback of becoming intractable when working with thousands of predictors. Using the PC algorithm leads to an increase in the run times needed for computing the solution curve. In this paper we explain an improved version of the PC algorithm (IPC), proposed in Pazira et al. [9], to decrease the effects stemming from this problem for computing the solution curve. The IPC algorithm allows the dgLARS method to be implemented by using less number of arithmetic operations that leads to potential computational saving.",
	Url = {https://link.springer.com/chapter/10.1007/978-3-030-34585-3_9},
	isbn="978-3-030-34585-3"
}


