@Article{WangChan2016,
  author = {Chao Wang and Kung-Sik Chan},
  title = {Quasi-Likelihood Estimation of a Censored Autoregressive Model With Exogenous Variables},
  journal = {Journal of the American Statistical Association},
  year = {2017},
  eprint = {
        http://dx.doi.org/10.1080/01621459.2017.1307115

},
  url = {https://doi.org/10.1080/01621459.2017.1307115},
}


@Manual{wang2016carx,
  title = {carx: Censored Autoregressive Model with Exogenous Covariates},
  author = {Chao Wang and Kung-Sik Chan},
  year = {2017},
  note = {R package version 0.7.1},
  url = {https://CRAN.R-project.org/package=carx},
}



@Article{Buckley1979,
  author = {Jonathan Buckley and Ian James},
  title = {Linear Regression with Censored Data},
  journal = {Biometrika},
  year = {1979},
  volume = {66},
  pages = {429--436},
  number = {3},
  publisher = {Biometrika Trust},
  url={https://doi.org/10.1093/biomet/66.3.429}
}

@Article{henningsen2010estimating,
  title = {Estimating Censored Regression Models in {R} Using the censReg Package},
  author = {Arne Henningsen},
  journal = {University of Copenhagen},
  year = {2010},
}

@Manual{henningsen2013censReg,
  title = {censReg: Censored Regression (Tobit) Models},
  author = {Arne Henningsen},
  year = {2013},
  note = {R package version 0.5-20},
  url = {http://CRAN.R-project.org/package=censReg},
}

@Article{tobin1958estimation,
  title = {Estimation of Relationships for Limited Dependent Variables},
  author = {James Tobin},
  journal = {Econometrica: journal of the Econometric Society},
  pages = {24--36},
  year = {1958},
  publisher = {JSTOR},
  url={https://doi.org/10.2307/1907382}
}

@Book{kleiber2008applied,
  title = {Applied Econometrics with {R}},
  author = {Christian Kleiber and Achim Zeileis},
  year = {2008},
  publisher = {Springer-Verlag},
  address = {New York},
  note = {{ISBN} 978-0-387-77316-2},
  url = {http://CRAN.R-project.org/package=AER},
  url={https://doi.org/10.1007/978-0-387-77318-6}
}


@Manual{lee2013nada,
  title = {NADA: Nondetects And Data Analysis for Environmental Data},
  author = {Lopaka Lee},
  year = {2013},
  note = {R package version 1.5-6},
  url = {http://CRAN.R-project.org/package=NADA},
}

@Book{yee2015vector,
  title = {Vector Generalized Linear and Additive Models},
  author = {Thomas W Yee},
  year = {2015},
  publisher = {Springer-Verlag},
  url={https://doi.org/10.1007/978-1-4939-2818-7}
}

@Article{martin2011mcmcpack,
  title = {{MCMCpack}: Markov Chain Monte Carlo in {R}},
  author = {Andrew D. Martin and Kevin M. Quinn and Jong Hee Park},
  journal = {Journal of Statistical Software},
  year = {2011},
  volume = {42},
  number = {9},
  pages = {22},
  url={https://doi.org/10.18637/jss.v042.i09}
}


@Article{ZegerBrookmeyer1986,
  author = {Scott L. Zeger and Ron Brookmeyer},
  title = {Regression Analsis with Censored Autocorrelated Data},
  journal = {Journal of the American Statistical Association},
  year = {1986},
  volume = {81},
  pages = {722--729},
  number = {395},
  copyright = {Copyright Â© 1986 American Statistical Association},
  issn = {01621459},
  language = {English},
  publisher = {American Statistical Association},
  url={https://doi.org/10.1080/01621459.1986.10478328}
}


@Article{ParkGentonGhosh2007,
  author = {Jung Wook Park and Marc G. Genton and Sujit K. Ghosh},
  title = {Censored Time Series Analysis with Autoregressive Moving Average Models},
  journal = {Canadian Journal of Statistics},
  year = {2007},
  volume = {35},
  pages = {151--168},
  number = {1},
  issn = {1708-945X},
  publisher = {John Wiley \& Sons},
  url = {https://doi.org/10.1002/cjs.5550350113},
}

@Manual{mcleod2014cents,
  title = {{cents}: Censored Time Series},
  author = {A. I. McLeod and Nagham M. Mohammad and Justin Veenstra and Abdel El-Shaarawi},
  year = {2014},
  note = {R package version 0.1-41},
  url = {http://CRAN.R-project.org/package=cents},
}


@Manual{schumacher2016arcensreg,
  title = {ARCensReg: Fitting Univariate Censored Linear Regression Model with Autoregressive Errors},
  author = {Fernanda L. Schumacher and Victor H. Lachos and Christian E. Galarza},
  year = {2016},
  note = {R package version 2.1},
  url = {http://CRAN.R-project.org/package=ARCensReg},
}

@Manual{RyanUlrich2014,
  title = {{xts}: eXtensible Time Series},
  author = {Jeffrey A. Ryan and Joshua M. Ulrich},
  year = {2017},
  note = {R package version 0.10-0},
  url = {https://CRAN.R-project.org/package=xts},
}

@Book{KonishiKitagawa2008information,
  title = {Information Criteria and Statistical Modeling},
  author = {Sadanori Konishi and Genshiro Kitagawa},
  year = {2008},
  publisher = {Springer-Verlag},
  url = {https://doi.org/10.1007/978-0-387-71887-3}
}

@Book{jonathan2008time,
  title = {Time Series Analysis: With Applications in R},
  publisher = {Springer-Verlag},
  year = {2008},
  author = {Jonathan D. { Cryer} and Kung Sik Chan},
  address = {New York},
  url = {https://doi.org/10.1007/978-0-387-75959-3}
}

@Article{Tallis1961,
  author = {G. M. Tallis},
  title = {The Moment Generating Function of the Truncated Multi-Normal Distribution},
  journal = {Journal of the Royal Statistical Society B},
  year = {1961},
  volume = {23},
  pages = {223--229},
  number = {1},
}



@Article{huang1997sieve,
  issn = {01621459},
  url = {http://www.jstor.org/stable/2965559},
  author = {Jian Huang and A. J. Rossini},
  journal = {Journal of the American Statistical Association},
  number = {439},
  pages = {960--967},
  publisher = {[American Statistical Association, Taylor & Francis, Ltd.]},
  title = {Sieve Estimation for the Proportional-Odds Failure-Time Regression Model With Interval Censoring},
  volume = {92},
  year = {1997},
  url = {https://doi.org/10.1080/01621459.1997.10474050}
}


@Article{gourieroux1987simulated,
  author = {Christian Gourieroux and Alain Monfort and Eric Renault and Alain Trognon},
  title = {Simulated Residuals},
  journal = {Journal of Econometrics},
  year = {1987},
  volume = {34},
  pages = {201--252},
  number = {1},
  publisher = {Elsevier},
  url={https://doi.org/10.1016/0304-4076(87)90073-X}
}


@Manual{ChanRipley2012,
  title = {TSA: Time Series Analysis},
  author = {Kung-Sik Chan and Brian Ripley},
  year = {2012},
  note = {R package version 1.01},
  url = {https://CRAN.R-project.org/package=TSA},
}

@Book{libra2004nitrogen,
  title = {Nitrogen and Phosphorus Budgets for Iowa and Iowa Watersheds},
  publisher = {Iowa Department of Natural Resources, Geological Survey},
  year = {2004},
  author = {Robert D Libra and Calvin F Wolter and Richard John Langel},
}

@Article{WangSchillingChan2016,
  title = {Total Phosphorus Concentration Trends in 40 Iowa Rivers, 1999 to 2013},
  author = {Chao Wang and Kung-Sik Chan and Keith E Schilling},
  journal = {Journal of Environmental Quality},
  year = {2016},
  publisher = {The American Society of Agronomy, Crop Science Society of America, and Soil Science Society of America, Inc.},
  url={https://doi.org/10.2134/jeq2015.07.0365}
}


@Article{schilling2010quantifying,
  author = {Keith E Schilling and Kung Sik Chan and Hai Liu and You Kuan Zhang},
  title = {Quantifying the Effect of Land Use Land Cover Change on Increasing Discharge in the Upper Mississippi River},
  journal = {Journal of Hydrology},
  year = {2010},
  volume = {387},
  pages = {343--345},
  number = {3},
  publisher = {Elsevier},
  url = {https://doi.org/10.1016/j.jhydrol.2010.04.019}
}


@Manual{mvtnorm,
  title = {mvtnorm: Multivariate Normal and t Distributions},
  author = {Alan Genz and Frank Bretz and Tetsuhisa Miwa and Xuefei Mi and Torsten Hothorn},
  year = {2017},
  note = {R package version 1.0-6},
  url = {https://CRAN.R-project.org/package=mvtnorm},
}
