@Article{arpinocannas,
  author = {Bruno Arpino and Massimo Cannas},
  title = {Propensity Score Matching with Clustered Data. {A}n Application to the Estimation of the Impact of Caesarean Section on the {A}pgar Score},
  journal = {Statistics in Medicine},
  volume = {35},
  number = {12},
  url = {https://10.1002/sim.6880},
  pages = {2074--2091},
  year = {2016},
  note = {sim.6880},
}

@Article{cameron,
  author = {A. Colin Cameron and Jonah B. Gelbach and Douglas L. Miller},
  title = {Robust Inference With Multiway Clustering},
  journal = {Journal of Business \& Economic Statistics},
  volume = {29},
  number = {2},
  pages = {238-249},
  year = {2011},
  publisher = {Taylor & Francis},
  url = {https://10.1198/jbes.2010.07136},
  eprint = { https://doi.org/10.1198/jbes.2010.07136 },
}

@Article{cem,
  title = {CEM: Software for Coarsened Exact Matching},
  journal = {Journal of Statistical Software},
  volume = {30},
  year = {2009},
  url = {https://dx.doi.org/10.18637/jss.v030.i09},
  author = {Stefano M. Iacus and Gary King and Giuseppe Porro},
}

@Article{geneticmatch,
  title = {Genetic Matching for Estimating Causal Effects: A General Multivariate Matching Method for Achieving Balance in Observational Studies},
  author = {Alexis Diamond and Jasjeet S. Sekhon},
  journal = {Review of Economics and Statistics},
  volume = {95},
  number = {3},
  pages = {932--945},
  year = {2013},
  url = {https://doi.org/10.1162/REST_a_00318},
}

@Article{matchingpkg,
  title = {Multivariate and Propensity Score Matching Software with Automated Balance Optimization: The {Matching} Package for {R}},
  author = {Jasjeet S. Sekhon},
  journal = {Journal of Statistical Software},
  year = {2011},
  volume = {42},
  number = {7},
  pages = {1--52},
  url = {https://dx.doi.org/10.18637/jss.v042.i07},
}

@Manual{quickmatch,
  title = {Quickmatch: Quick Generalized Full Matching},
  author = {Fredrik Savje and Jasjeet Sekhon and Michael Higgins},
  year = {2018},
  note = {R package version 0.2.1},
  url = {https://CRAN.R-project.org/package=quickmatch},
}

@Manual{designmatch,
  title = {Designmatch: Matched Samples That Are Balanced and Representative by Design},
  author = {Jose R. Zubizarreta and Cinar Kilcioglu and Juan P. Vielma},
  year = {2018},
  note = {R package version 0.3.1},
  url = {https://CRAN.R-project.org/package=designmatch},
}

@Article{iacus2011,
  title = {Multivariate Matching Methods That Are Monotonic Imbalance Bounding},
  author = {Stefano M Iacus and Gary King and Giuseppe Porro},
  journal = {Journal of the American Statistical Association},
  volume = {106},
  number = {493},
  pages = {345--361},
  year = {2011},
  url = {https://doi.org/10.1198/jasa.2011.tm09599},
  publisher = {Taylor \& Francis},
}

@Book{imbensrubin2016,
  title = {Causal Inference for Statistics, Social and Biomedical Sciences},
  author = {Guido W Imbens and Donald B Rubin},
  year = {2016},
  publisher = {John Wiley \& Sons},
}

@Book{kraft,
  title = {Introducing Multilevel Modeling},
  author = {Ita Kraft and Jan {de Leeuw}},
  year = {1998},
  publisher = {London, Sage},
}

@Article{iacus2011causal,
  title = {Causal Inference without Balance Checking: Coarsened Exact Matching},
  author = {Stefano M Iacus and Gary King and Giuseppe Porro},
  journal = {Political analysis},
  pages = {mpr013},
  year = {2011},
  publisher = {SPM-PMSAPSA},
}

@Article{rosenbaumrubin,
  title = {The Central Role of the Propensity Score in Observational Studies for Causal Effects},
  url = {https://10.2307/2335942},
  author = {PR Rosenbaum and DB Rubin},
  journal = {Biometrika},
  volume = {70},
  pages = {41--55},
  year = {1983},
}

@Article{zubizarreta,
  author = {R Jos√© Zubizarreta and Luke Keele},
  url = {https://doi.org/10.1080/01621459.2016.1240683},
  journal = {Journal of the American Statistical Association},
  year = {2017},
  pages = {0},
  title = {Optimal Multilevel Matching in Clustered Observational Studies: A Case Study of the Effectiveness of Private Schools Under a Large-Scale Voucher System},
  volume = {112},
  booktitle = {Journal of the American Statistical Association},
}

@Article{li,
  author = {Fan Li and Alan M. Zaslavsky and Mary Beth Landrum},
  title = {Propensity Score Weighting with Multilevel Data},
  journal = {Statistics in Medicine},
  volume = {32},
  number = {19},
  issn = {1097-0258},
  url = {https://10.1002/sim.5786},
  pages = {3373--3387},
  year = {2013},
}

@Article{arpinomealli,
  author = {Bruno Arpino and Fabrizia Mealli},
  url = {https://dx.doi.org/10.1016/j.csda.2010.11.008},
  year = {2011},
  pages = {1770-1780},
  title = {The Specification of the Propensity Score in Multilevel Observational Studies},
  volume = {55},
  journal = {Computational Statistics \& Data Analysis},
}

@Article{stuart2007,
  author = {Elizabeth A. Stuart},
  title = {Estimating Causal Effects Using School-Level Data Sets},
  journal = {Educational Researcher},
  volume = {36},
  number = {4},
  pages = {187-198},
  year = {2007},
  url = {https://10.3102/0013189X07303396},
}

@Article{stuart2010,
  author = {Elizabeth A. Stuart},
  url = {https://10.1214/09-STS313},
  fjournal = {Statistical Science},
  journal = {Statist. Sci.},
  number = {1},
  pages = {1--21},
  publisher = {The Institute of Mathematical Statistics},
  title = {Matching Methods for Causal Inference: A Review and a Look Forward},
  volume = {25},
  year = {2010},
}

@Article{hansenoptmatch,
  author = {Ben B. Hansen and Stephanie Olsen Klopfer},
  url = {https://10.1198/106186006X137047},
  title = {Optimal Full Matching and Related Designs via Network Flows},
  journal = {Journal of Computational and Graphical Statistics},
  volume = {15},
  number = {3},
  pages = {609--627},
  year = {2006},
}

@Article{rosenrubin85,
  author = {PR Rosenbaum and DB Rubin},
  url = {https://doi.org/10.1080/00031305.1985.10479383},
  title = {Constructing a Control Group Using Multivariate Matched Sampling Methods That Incorporate the Propensity Score.},
  journal = {The American Statistician},
  volume = {39},
  pages = {33--38},
  year = {1985},
}

@Article{cafriaustin,
  author = {Guy Cafri and Wei Wang and Priscilla H Chan and Peter C Austin},
  title = {A Review and Empirical Comparison of Causal Inference Methods for Clustered Observational Data with Application to the Evaluation of the Effectiveness of Medical Devices},
  journal = {Statistical Methods in Medical Research},
  volume = {0},
  number = {0},
  pages = {0962280218799540},
  year = {2018},
  url = {https://10.1177/0962280218799540},
}

@Article{ho,
  title = {Matching as Nonparametric Preprocessing for Reducing Model Dependence in Parametric Causal Inference},
  author = {Daniel E. Ho and Kosuke Imai and Gary King and Elizabeth A. Stuart},
  year = {2007},
  url = {https://10.1093/pan/mpl013},
  language = {English (US)},
  volume = {15},
  pages = {199--236},
  journal = {Political Analysis},
  publisher = {Oxford University Press},
  number = {3},
}

@Article{mala,
  url = {https://10.2307/2529981},
  author = {Donald B. Rubin},
  journal = {Biometrics},
  number = {2},
  pages = {293--298},
  publisher = {John Wiley \& Sons},
  title = {Bias Reduction Using Mahalanobis-Metric Matching},
  volume = {36},
  year = {1980},
}

@Article{rickles,
  author = {Jordan H. Rickles and Michael Seltzer},
  title = {A Two-Stage Propensity Score Matching Strategy for Treatment Effect Estimation in a Multisite Observational Study},
  journal = {Journal of Educational and Behavioral Statistics},
  volume = {39},
  number = {6},
  pages = {612-636},
  year = {2014},
  url = {https://10.3102/1076998614559748},
  eprint = { https://doi.org/10.3102/1076998614559748   },
}

@Article{holland,
  author = {Paul W. Holland},
  journal = {Journal of the American Statistical Association},
  number = {396},
  pages = {945--960},
  publisher = {[American Statistical Association, Taylor & Francis, Ltd.]},
  title = {Statistics and Causal Inference},
  volume = {81},
  year = {1986},
}
