@Manual{Hougaard2000,
  year = {2000},
  publisher = {Springer-Verlag},
  author = {Philip Hougaard},
  title = {Analysis of Multivariate Survival Data},
  note = {{ISBN} 978-1-4612-1304-8},
}

@Article{Andersen2002,
  url = {https://doi.org/10.1191/0962280202SM276ra},
  year = {2002},
  publisher = {{SAGE} Publications},
  volume = {11},
  number = {2},
  pages = {91--115},
  author = {Per Kragh Andersen and Niels Keiding},
  title = {Multi-State Models for Event History Analysis},
  journal = {Statistical Methods in Medical Research},
}

@Article{Aalen2001,
  url = {https://doi.org/10.1111/j.0006-341X.2001.00993.x},
  year = {2001},
  publisher = {John Wiley \& Sons},
  volume = {57},
  number = {4},
  pages = {993--1001},
  author = {Odd O. Aalen and Ørnulf Borgan and Harald Fekjaer},
  title = {Covariate Adjustment of Event Histories Estimated from Markov Chains: The Additive Approach},
  journal = {Biometrics},
}

@Article{MeiraMachado2008,
  url = {https://doi.org/10.1177/0962280208092301},
  year = {2008},
  publisher = {{SAGE} Publications},
  volume = {18},
  number = {2},
  pages = {195--222},
  author = {Lu\'\is Meira-Machado and Jacobo {de Uña-Álvarez} and Carmen Cadarso-Suárez and Per K Andersen},
  title = {Multi-State Models for the Analysis of Time-to-Event Data},
  journal = {Statistical Methods in Medical Research},
}

@Article{MeiraMachado2014,
  url = {https://doi.org/10.1007/s00180-014-0538-6},
  year = {2014},
  publisher = {Springer-Verlag},
  volume = {30},
  number = {2},
  pages = {377--397},
  author = {Lu\'\is Meira-Machado and Jacobo {de Uña-Álvarez} and Somnath Datta},
  title = {Nonparametric Estimation of Conditional Transition Probabilities in a Non-Markov Illness-Death Model},
  journal = {Computational Statistics},
}

@Article{Azarang2017,
  url = {https://doi.org/10.1002/sim.7245},
  year = {2017},
  publisher = {John Wiley \& Sons},
  author = {Leyla Azarang and Thomas Scheike and Jacobo de~Uña-Álvarez},
  title = {Direct Modeling of Regression Effects for Transition Probabilities in the Progressive Illness-Death Model},
  journal = {Statistics in Medicine},
}

@Article{Moertel1990,
  url = {https://doi.org/10.1056/NEJM199002083220602},
  year = {1990},
  publisher = {New England Journal of Medicine ({NEJM}/{MMS})},
  volume = {322},
  number = {6},
  pages = {352--358},
  author = {Charles G. Moertel and Thomas R. Fleming and John S. Macdonald and Daniel G. Haller and John A. Laurie and Phyllis J. Goodman and James S. Ungerleider and William A. Emerson and Douglas C. Tormey and John H. Glick and Michael H. Veeder and James A. Mailliard},
  title = {Levamisole and Fluorouracil for Adjuvant Therapy of Resected Colon Carcinoma},
  journal = {New England Journal of Medicine},
}

@Article{deWreede2010,
  url = {https://doi.org/10.1016/j.cmpb.2010.01.001},
  year = {2010},
  publisher = {Elsevier {BV}},
  volume = {99},
  number = {3},
  pages = {261--274},
  author = {Liesbeth C. {de Wreede} and Marta Fiocco and Hein Putter},
  title = {The Mstate Package for Estimation and Prediction in Non- And Semi-Parametric Multi-State and Competing Risks Models},
  journal = {Computer Methods and Programs in Biomedicine},
}

@Article{Jackson2011,
  year = {2011},
  publisher = {Foundation for Open Access Statistic},
  volume = {38},
  number = {8},
  author = {Christopher H. Jackson},
  title = {Multi-State Models for Panel Data: {The msmPackage} {forR}},
  journal = {Journal of Statistical Software},
}

@Article{MeiraMachado2011,
  year = {2011},
  publisher = {Foundation for Open Access Statistic},
  volume = {38},
  number = {3},
  author = {Lu\'\is Meira-Machado and Javier Roca-Pardiñas},
  title = {P3state.msm: Analyzing Survival Data from an Illness-Death Model},
  journal = {Journal of Statistical Software},
}
