@Article{schafer2017urban,
  title = {Do Urban Tourism Hotspots Affect Berlin Housing Rents?},
  author = {Philipp Schäfer and Philipp Schäfer and Jens Hirsch and Jens Hirsch},
  journal = {International Journal of Housing Markets and Analysis},
  volume = {10},
  number = {2},
  pages = {231--255},
  year = {2017},
  doir = {10.1108/ijhma-05-2016-0031},
  publisher = {Emerald Publishing Limited},
}

@Article{RAJAPAKSA2017317,
  title = {The Impact of Flood Dynamics on Property Values},
  journal = {Land Use Policy},
  volume = {69},
  number = {Supplement C},
  pages = {317 - 325},
  year = {2017},
  issn = {0264-8377},
  author = {Darshana Rajapaksa and Min Zhu and Boon Lee and Viet-Ngu Hoang and Clevo Wilson and Shunsuke Managi},
  url = {https://doi.org/10.1016/j.landusepol.2017.08.038},
}

@Article{von2015alternative,
  title = {An Alternative to the Standard Spatial Econometric Approaches in Hedonic House Price Models},
  author = {Kathrine {von Graevenitz} and Toke Emil Panduro},
  journal = {Land Economics},
  volume = {91},
  number = {2},
  pages = {386--409},
  year = {2015},
  publisher = {University of Wisconsin Press},
  url = {https://doi.org/10.3368/le.91.2.386},
}

@Book{wood2006generalized,
  title = {Generalized Additive Models: An Introduction with R},
  author = {Simon Wood},
  publisher = {CRC press},
  year = {2006},
  pages = {xvii, 392 p.},
  isbn = {1584884746 (acid-free paper)$\backslash$r9781584884743 },
  issn = {0006341X},
  pmid = {64084887},
  url = {https://doi.org/10.1111/j.1541-0420.2007.009053x},
}

@Article{McMillen2010,
  title = {{Estimation and Hypothesis Testing for Nonparametric Hedonic House Price Functions}},
  author = {Daniel P. McMillen and Christian L. Redfearn},
  journal = {Journal of Regional Science},
  year = {2010},
  number = {3},
  pages = {712--733},
  volume = {50},
  issn = {00224146},
  url = {https://doi.org/10.1111/j.1467-9787.2010.00664.x},
}

@Book{lundhede2013vaerdisaetning,
  title = {Værdisætning Af Bykvaliteter-Fra Hovedstad Til Provins: Appendiks},
  author = {Thomas Lundhede and Toke Emil Panduro and Linda Kummel and Alexander Staahle and Axel Heyman and Bo Jellesmark Thorsen},
  publisher = {Institut for Fødevare-og Ressourceøkonomi, Københavns Universitet},
  year = {2013},
}

@Article{Lundhede2014,
  title = {{Public Support for Conserving Bird Species Runs Counter to Climate Change Impacts on Their Distributions}},
  author = {Thomas Hedemark Lundhede and Jette Bredahl Jacobsen and Nick Hanley and Jon Fjeldsa and Carsten Rahbek and Niels Strange and Bo Jellesmark Thorsen},
  journal = {Plos One},
  year = {2014},
  number = {7},
  pages = {e101281--e101281},
  volume = {9},
  issn = {1932-6203},
}

@Article{link2014cost,
  title = {A Cost Function Approach for Measuring the Marginal Cost of Road Maintenance},
  author = {Heike Link},
  journal = {Journal of Transport Economics and Policy (JTEP)},
  year = {2014},
  number = {1},
  pages = {15--33},
  volume = {48},
  publisher = {Journal of Transport Economics and Policy},
  url = {https://doi.org/10.1111/j.1467-9787.2010.00664.x},
}

@InCollection{Palmquist2005,
  title = {Property Value Models},
  author = {Raymond B. Palmquist},
  year = {2006},
  chapter = {16},
  pages = {763-819},
  booktitle = {Handbook of Environmental Economics},
  editor = {K. G. Mäler and J. R. Vincent},
  volume = {2},
  edition = {1},
  publisher = {Elsevier},
  url = {https://EconPapers.repec.org/RePEc:eee:envchp:2-16},
}

@Article{Lipscomb2005,
  title = {{Household Diversity and Market Segmentation within a Single Neighborhood}},
  author = {Clifford A. Lipscomb and Michael C. Farmer},
  journal = {Annals of Regional Science},
  year = {2005},
  number = {4},
  pages = {791--810},
  volume = {39},
  isbn = {05701864},
  issn = {05701864},
  pmid = {19274345},
  url = {https://doi.org/10.1007/s00168-005-0020-z},
}

@Article{Levin1993,
  title = {{Estimation and Inference in Econometrics.}},
  author = {Andrew Levin and Russell Davidson and James G. MacKinnon},
  journal = {Journal of the American Statistical Association},
  year = {1993},
  number = {427},
  pages = {1143},
  volume = {89},
  isbn = {00130427},
  issn = {01621459},
  pmid = {9505041345},
  url = {https://doi.org/10.2307/2290953},
}

@Article{kowalski1986market,
  title = {Market versus Assessed Values of Industrial Land},
  author = {Joseph G Kowalski and Peter F Colwell},
  journal = {Real Estate Economics},
  year = {1986},
  number = {2},
  pages = {361--373},
  volume = {14},
  publisher = {John Wiley \& Sons},
  url = {https://doi.org/10.1111/1540-6229.00391},
}

@Article{zheng1996consistent,
  title = {A Consistent Test of Functional Form via Nonparametric Estimation Techniques},
  author = {John Xu Zheng},
  journal = {Journal of Econometrics},
  volume = {75},
  number = {2},
  pages = {263--289},
  year = {1996},
  publisher = {Elsevier},
  url = {https://doi.org/10.1016/0304-4076(95)01760-7},
}

@InCollection{diewert2003hedonic,
  title = {Hedonic Regressions. a Consumer Theory Approach},
  author = {W Erwin Diewert},
  booktitle = {Scanner Data and Price Indexes},
  pages = {317--348},
  year = {2003},
  publisher = {University of Chicago Press},
}

@Book{cohen2013applied,
  title = {Applied Multiple Regression/Correlation Analysis for the Behavioral Sciences},
  author = {Jacob Cohen and Patricia Cohen and Stephen G West and Leona S Aiken},
  publisher = {Routledge},
  year = {2013},
}

@Article{wooldridge1992test,
  title = {A Test for Functional Form against Nonparametric Alternatives},
  author = {Jeffrey M Wooldridge},
  journal = {Econometric Theory},
  volume = {8},
  number = {04},
  pages = {452--475},
  year = {1992},
  publisher = {Cambridge Univ Press},
  url = {https://doi.org/10.1017/s0266466600013165},
}

@Article{horowitz1994testing,
  title = {Testing a Parametric Model against a Semiparametric Alternative},
  author = {Joel L Horowitz and Wolfgang Härdle},
  journal = {Econometric theory},
  volume = {10},
  number = {05},
  pages = {821--848},
  year = {1994},
  publisher = {Cambridge Univ Press},
  url = {https://doi.org/10.1017/s0266466600008872},
}

@Article{gonzalez2013updated,
  title = {An Updated Review of Goodness-of-Fit Tests for Regression Models},
  author = {Wenceslao González-Manteiga and Rosa M Crujeiras},
  journal = {Test},
  volume = {22},
  number = {3},
  pages = {361--411},
  year = {2013},
  publisher = {Springer-Verlag},
  url = {https://doi.org/10.1007/s11749-013-0327-5},
}

@Article{li2016consistent,
  title = {Consistent Model Specification Tests Based on k-Nearest-Neighbor Estimation Method},
  author = {Hongjun Li and Qi Li and Ruixuan Liu},
  journal = {Journal of Econometrics},
  volume = {194},
  number = {1},
  pages = {187--202},
  year = {2016},
  publisher = {Elsevier},
  url = {https://doi.org/10.1016/j.jeconom.2016.03.004},
}

@Article{wallace1977pretest,
  title = {Pretest Estimation in Regression: A Survey},
  author = {T Dudley Wallace},
  journal = {American Journal of Agricultural Economics},
  volume = {59},
  number = {3},
  pages = {431--443},
  year = {1977},
  publisher = {Oxford University Press},
  url = {https://doi.org/10.2307/1239645},
}

@Article{Troy2008233,
  title = {Property Values, Parks, and Crime: A Hedonic Analysis in Baltimore, \{MD\}},
  journal = {Landscape and Urban Planning},
  volume = {87},
  number = {3},
  pages = {233 - 245},
  year = {2008},
  issn = {0169-2046},
  author = {Austin Troy and J. Morgan Grove},
  url = {https://doi.org/10.1016/j.landurbplan.2008.06.005},
}

@Article{benson1998pricing,
  title = {Pricing Residential Amenities: The Value of a View},
  author = {Earl D Benson and Julia L Hansen and Arthur L Schwartz and Greg T Smersh},
  journal = {The Journal of Real Estate Finance and Economics},
  volume = {16},
  number = {1},
  pages = {55--73},
  year = {1998},
  publisher = {Springer-Verlag},
  url = {https://doi.org/10.1023/a:100778531592},
}

@Article{Joshi201735,
  title = {Valuing Farm Access to Irrigation in Nepal: A Hedonic Pricing Model},
  journal = {Agricultural Water Management},
  volume = {181},
  pages = {35 - 46},
  year = {2017},
  issn = {0378-3774},
  author = {Janak Joshi and Mohammad Ali and Robert P. Berrens},
  url = {https://doi.org/10.1016/j.agwat.2016.11.020},
}

@Article{Anglin1996,
  title = {{Semiparametric Estimation of a Hedonic Price Function}},
  author = {Paul M Anglin and Ramazan Gençay},
  journal = {Journal of Applied Econometrics},
  year = {1996},
  number = {6},
  pages = {633--648},
  volume = {11},
  isbn = {0883-7252},
  issn = {0883-7252},
  url = {https://doi.org/10.1002/(sici)1099-1255(199611)11:6<633::aid-jae414>3.0.co;2-t},
}

@Article{angrist2010credibility,
  title = {The Credibility Revolution in Empirical Economics: How Better Research Design Is Taking the Con out of Econometrics},
  author = {Joshua D Angrist and Jorn-Steffen Pischke},
  journal = {The Journal of Economic Perspectives},
  year = {2010},
  number = {2},
  pages = {3-30},
  volume = {24},
  publisher = {American Economic Association},
  url = {https://doi.org/10.1257/jep.24.2.3},
}

@Book{berk2004regression,
  title = {Regression Analysis: A Constructive Critique},
  author = {Richard A Berk},
  publisher = {Sage},
  year = {2004},
  volume = {11},
  url = {https://doi.org/10.4135/9781483348834},
}

@Article{barrera2015package,
  title = {Models with Transformed Variables: Interpretation and Software},
  author = {Jose Barrera-Gómez and Xavier Basagaña and {Maintainer Jose}},
  journal = {Epidemiology},
  volume = {26},
  number = {2},
  pages = {e16--17},
  year = {2015},
}

@Article{Bin2004,
  title = {A Prediction Comparison of Housing Sales Prices by Parametric versus Semi-Parametric Regressions},
  author = {Okmyung Bin},
  journal = {Journal of Housing Economics},
  year = {2004},
  number = {1},
  pages = {68--84},
  volume = {13},
  isbn = {1051-1377},
  issn = {10511377},
  pmid = {12577229},
  url = {https://doi.org/10.1016/j.jhe.2004.01.001},
}

@Article{Box1962,
  title = {Transformation of the Independent Variables},
  author = {GEP Box and PW Tidwell},
  journal = {Technometrics},
  year = {1962},
}

@Article{box1976science,
  title = {Science and Statistics},
  author = {George EP Box},
  journal = {Journal of the American Statistical Association},
  year = {1976},
  number = {356},
  pages = {791--799},
  volume = {71},
  publisher = {Taylor \& Francis},
  url = {https://doi.org/10.1080/01621459.1976.10480949},
}

@Article{Box1964,
  title = {An Analysis of Transformations},
  author = {G. E. P. Box and D. R. Cox},
  journal = {Journal of the Royal Statistical Society. Series B (Methodological},
  year = {1964},
  pages = {211--252},
  isbn = {EE000178 00359246 DI993152 99P02493},
  issn = {0035-9246},
  pmid = {16703375},
}

@Article{breiman2001statistical,
  title = {Statistical Modeling: The Two Cultures (with Comments and a Rejoinder by the Author)},
  author = {Leo Breiman and {others}},
  journal = {Statistical Science},
  year = {2001},
  number = {3},
  pages = {199--231},
  volume = {16},
  publisher = {Institute of Mathematical Statistics},
}

@Article{brennan1984office,
  title = {Office Rent in the Chicago CBD},
  author = {Thomas P Brennan and Roger E Cannaday and Peter F Colwell},
  journal = {Real Estate Economics},
  year = {1984},
  number = {3},
  pages = {243--260},
  volume = {12},
  publisher = {John Wiley \& Sons},
  url = {https://doi.org/10.1111/1540-6229.00321},
}

@Article{burnham2004multimodel,
  title = {Multimodel Inference Understanding AIC and BIC in Model Selection},
  author = {Kenneth P Burnham and David R Anderson},
  journal = {Sociological methods \& research},
  year = {2004},
  number = {2},
  pages = {261--304},
  volume = {33},
  publisher = {Sage Publications},
  url = {https://doi.org/10.1177/004912410426864},
}

@Article{Clapp2002,
  title = {Evaluating House Price Forecasts},
  author = {J Clapp and C Giaccotto},
  journal = {Journal of Real Estate Research},
  year = {2002},
  number = {1},
  pages = {26},
  volume = {24},
  url = {https://doi.org/10.1177/0042098012471978},
}

@Article{clark1984estimation,
  title = {Estimation of Economies of Scale in Banking Using a Generalized Functional Form},
  author = {Jeffrey A Clark},
  journal = {Journal of Money, Credit and Banking},
  year = {1984},
  number = {1},
  pages = {53--68},
  volume = {16},
  publisher = {JSTOR},
}

@Article{farooq2010hedonic,
  title = {Hedonic Analysis of Office Space Rent},
  author = {Bilal Farooq and Eric Miller and Murtaza Haider},
  journal = {Transportation Research Record: Journal of the Transportation Research Board},
  year = {2010},
  number = {2174},
  pages = {118--127},
  publisher = {Transportation Research Board of the National Academies},
  url = {https://doi.org/10.3141/2174-16},
}

@Article{Gencay1996,
  title = {{A Statistical Framework for Testing Chaotic Dynamics via Lyapunov Exponents}},
  author = {Ramazan Gençay},
  journal = {Physica D: Nonlinear Phenomena},
  year = {1996},
  pages = {261--266},
  volume = {89},
  issn = {01672789},
  url = {https://doi.org/10.1016/0167-2789(95)00230-8},
}

@InBook{Geniaux2008,
  author = {Ghislain Geniaux and Claude Napoléone},
  editor = {Andrea Baranzini and José Ramirez and Caroline Schaerer and Philippe Thalmann},
  title = {Semi-Parametric Tools for Spatial Hedonic Models: An Introduction to Mixed Geographically Weighted Regression and Geoadditive Models},
  booktitle = {Hedonic Methods in Housing Markets: Pricing Environmental Amenities and Segregation},
  year = {2008},
  publisher = {Springer-Verlag},
  address = {New York, NY},
  pages = {101--127},
  isbn = {978-0-387-76815-1},
  chapter = {6},
  url = {https://doi.org/10.1007/978-0-387-76815-1_6},
}

@Manual{tlmpackage,
  title = {Tlm: Effects under Linear, Logistic and Poisson Regression Models with Transformed Variables},
  author = {Jose Barrera-Gómez and Xavier Basagaña},
  year = {2017},
  url = {https://CRAN.R-project.org/package=tlm},
}

@Manual{mgcvpackage,
  title = {Mgcv: Mixed GAM Computation Vehicle with Automatic Smoothness Estimation},
  author = {Simon Wood},
  year = {2017},
  url = {https://CRAN.R-project.org/package=mgcv},
}

@Article{Wooldridge1992,
  title = {{Some Alternatives to the Box-Cox Regression Model}},
  author = {Jeffrey M Wooldridge},
  journal = {International Economic Review},
  year = {1992},
  number = {4},
  pages = {p 935--955},
  volume = {33},
  issn = {00206598},
  url = {https://doi.org/10.2307/2527151},
}

@Article{Aho2014,
  issn = {00129658, 19399170},
  url = {http://www.jstor.org/stable/43495189},
  author = {Ken Aho and DeWayne Derryberry and Teri Peterson},
  journal = {Ecology},
  number = {3},
  pages = {631-636},
  publisher = {John Wiley \& Sons},
  title = {Model Selection for Ecologists: The Worldviews of AIC and BIC},
  volume = {95},
  year = {2014},
}
