@Book{rojo-alvarez_digital_2017,
  edition = {1st},
  title = {Digital {Signal} {Processing} with {Kernel} {Methods}},
  isbn = {978-1-118-61179-1},
  publisher = {John Wiley \& Sons},
  author = {J. L. Rojo-Álvarez and M. Martínez-Ramón and J. Muñoz-Marí and G. Camps-Valls},
  year = {2017},
}

@Article{arenas-garcia_kernel_2013,
  title = {Kernel {Multivariate} {Analysis} {Framework} for {Supervised} {Subspace} {Learning}: {A} {Tutorial} on {Linear} and {Kernel} {Multivariate} {Methods}},
  volume = {30},
  issn = {1053-5888},
  shorttitle = {Kernel {Multivariate} {Analysis} {Framework} for {Supervised} {Subspace} {Learning}},
  number = {4},
  journal = {IEEE Signal Processing Magazine},
  author = {J. Arenas-Garcia and K. B. Petersen and G. Camps-Valls and L. K. Hansen},
  year = {2013},
  pages = {16--29},
  url = {https://doi.org/10.1109/msp.2013.2250591},
}

@InProceedings{scholkopf_generalized_2001,
  title = {A {Generalized} {Representer} {Theorem}},
  language = {en},
  urldate = {2017-06-12},
  booktitle = {Computational {Learning} {Theory}},
  publisher = {Springer-Verlag},
  author = {Bernhard Schölkopf and Ralf Herbrich and Alex J. Smola},
  year = {2001},
  pages = {416--426},
  url = {https://doi.org/10.1007/3-540-44581-1_27},
}

@InCollection{bakir_learning_2004,
  title = {Learning to {Find} {Pre}-{Images}},
  urldate = {2017-06-12},
  booktitle = {Advances in {Neural} {Information} {Processing} {Systems} 16},
  publisher = {MIT Press},
  author = {Gökhan H. Bakir and Jason Weston and Prof. Bernhard Schölkopf},
  editor = {S. Thrun and L. K. Saul and P. B. Schölkopf},
  year = {2004},
  pages = {449--456},
  url = {https://doi.org/10.1007/978-3-540-28649-3_31},
}

@InProceedings{babaee_assessment_2013,
  title = {Assessment of Dimensionality Reduction Based on Communication Channel Model; Application to Immersive Information Visualization},
  booktitle = {Big {Data} 2013},
  publisher = {IEEE Xplore},
  author = {Mohammadreza Babaee and Mihai Datcu and Gerald Rigoll},
  year = {2013},
  pages = {1--6},
  url = {https://doi.org/10.1109/bigdata.2013.6691726},
}

@Article{mahecha_nonlinear_2007,
  title = {Nonlinear Dimensionality Reduction: {Alternative} Ordination Approaches for Extracting and Visualizing Biodiversity Patterns in Tropical Montane Forest Vegetation Data},
  volume = {2},
  issn = {1574-9541},
  shorttitle = {Nonlinear dimensionality reduction},
  number = {2},
  urldate = {2016-08-26},
  journal = {Ecological Informatics},
  author = {Miguel D. Mahecha and Alfredo Martínez and Gunnar Lischeid and Erwin Beck},
  year = {2007},
  pages = {138--149},
  url = {https://doi.org/10.1016/j.ecoinf.2007.05.002},
}

@InProceedings{bengio_out--sample_2003,
  title = {Out-of-{Sample} {Extensions} for {LLE}, {Isomap}, {MDS}, {Eigenmaps}, and {Spectral} {Clustering}},
  booktitle = {In {Advances} in {Neural} {Information} {Processing} {Systems}},
  publisher = {MIT Press},
  author = {Yoshua Bengio and Jean-Francois Paiement and Pascal Vincent},
  year = {2004},
  pages = {177--184},
}

@Misc{noauthor_scopus_nodate,
  author = {{Elsevier}},
  year = {2017},
  title = {Scopus - {Advanced} Search},
  url = {https://www.scopus.com/},
  urldate = {2017-03-28},
}

@Article{diaz_global_2016,
  title = {The Global Spectrum of Plant Form and Function},
  volume = {529},
  issn = {0028-0836},
  language = {en},
  number = {7585},
  urldate = {2017-03-22},
  journal = {Nature},
  author = {Sandra Díaz and Jens Kattge and Johannes H. C. Cornelissen and Ian J. Wright and Sandra Lavorel and Stéphane Dray and Björn Reu and Michael Kleyer and Christian Wirth and I. {Colin Prentice} and Eric Garnier and Gerhard Bönisch and Mark Westoby and Hendrik Poorter and Peter B. Reich and Angela T. Moles and John Dickie and Andrew N. Gillison and Amy E. Zanne and Jérôme Chave and S. {Joseph Wright} and Serge N. Sheremet’ev and Hervé Jactel and Christopher Baraloto and Bruno Cerabolini and Simon Pierce and Bill Shipley and Donald Kirkup and Fernando Casanoves and Julia S. Joswig and Angela Günther and Valeria Falczuk and Nadja Rüger and Miguel D. Mahecha and Lucas D. Gorné},
  year = {2016},
  pages = {167--171},
  url = {https://doi.org/10.1038/nature16489},
}

@Article{aart_distribution_1972,
  title = {Distribution {Analysis} of {Wolfspiders} ({Araneae}, {Lycosidae}) in a {Dune} {Area} {By} {Means} of {Principal} {Component} {Analysis}},
  volume = {23},
  issn = {1568-542X},
  number = {3},
  urldate = {2016-07-18},
  journal = {Netherlands Journal of Zoology},
  author = {P. J. M. Van Der Aart},
  year = {1972},
  pages = {266--329},
  url = {https://doi.org/10.1163/002829673x00076},
}

@Article{morrall_soil_1974,
  title = {Soil Microfungi Associated with Aspen in {Saskatchewan}: Synecology and Quantitative Analysis},
  volume = {52},
  issn = {0008-4026},
  shorttitle = {Soil microfungi associated with aspen in {Saskatchewan}},
  number = {8},
  urldate = {2016-07-18},
  journal = {Can. J. Bot.},
  author = {R. A. A. Morrall},
  year = {1974},
  pages = {1803--1817},
  url = {https://doi.org/10.1139/b74-233},
}

@Article{pearson_lines_1901,
  title = {On Lines and Planes of Closest Fit to Systems of Points in Space},
  volume = {2},
  number = {6},
  journal = {Philosophical Magazine},
  author = {K Pearson},
  year = {1901},
  pages = {559--572},
  url = {https://doi.org/10.1080/14786440109462720},
}

@Article{kramer_nonlinear_1991,
  title = {Nonlinear Principal Component Analysis Using Autoassociative Neural Networks},
  volume = {37},
  issn = {1547-5905},
  language = {en},
  number = {2},
  urldate = {2016-07-15},
  journal = {AIChE J.},
  author = {Mark A. Kramer},
  year = {1991},
  pages = {233--243},
  url = {https://doi.org/10.1002/aic.690370209},
}

@Article{hsieh_nonlinear_2004,
  title = {Nonlinear Multivariate and Time Series Analysis by Neural Network Methods},
  volume = {42},
  issn = {1944-9208},
  language = {en},
  number = {1},
  urldate = {2016-07-15},
  journal = {Rev. Geophys.},
  author = {William W. Hsieh},
  year = {2004},
  pages = {RG1003},
  url = {https://doi.org/10.1029/2002rg000112},
}

@Article{optimx,
  author = {John Nash},
  title = {On Best Practice Optimization Methods in R},
  journal = {Journal of Statistical Software},
  volume = {60},
  number = {1},
  year = {2014},
  issn = {1548-7660},
  pages = {1--14},
  url = {https://doi.org/10.18637/jss.v060.i02},
}

@Manual{energy,
  title = {Energy: E-Statistics (Energy Statistics)},
  author = {Maria L. Rizzo and Gabor J. Szekely},
  year = {2014},
  note = {R package version 1.6.2},
  url = {https://CRAN.R-project.org/package=energy},
}

@Misc{soeren_sonnenburg_2017_1067840,
  author = {Soeren Sonnenburg and Heiko Strathmann and Sergey Lisitsyn and Viktor Gal and Fernando J. Iglesias García and Wu Lin and Soumyajit De and Chiyuan Zhang and {frx} and {tklein23} and Evgeniy Andreev and {JonasBehr} and {sploving} and Parijat Mazumdar and Christian Widmer and Pan Deng / Zora and Giovanni De Toni and Saurabh Mahindre and Abhijeet Kislay and Kevin Hughes and Roman Votyakov and {khalednasr} and Sanuj Sharma and Alesis Novik and Abinash Panda and Evangelos Anagnostopoulos and Liang Pang and Alex Binder and {serialhex} and Björn Esser},
  title = {Shogun-Toolbox/Shogun: Shogun 6.1.0},
  year = {2017},
  url = {https://doi.org/10.5281/zenodo.1067840},
}

@Article{scikit-learn,
  title = {Scikit-Learn: Machine Learning in {P}ython},
  author = {F. Pedregosa and G. Varoquaux and A. Gramfort and V. Michel and B. Thirion and O. Grisel and M. Blondel and P. Prettenhofer and R. Weiss and V. Dubourg and J. Vanderplas and A. Passos and D. Cournapeau and M. Brucher and M. Perrot and E. Duchesnay},
  journal = {Journal of Machine Learning Research},
  volume = {12},
  pages = {2825--2830},
  year = {2011},
}

@Article{torgerson_multidimensional_1952,
  title = {Multidimensional Scaling: {I}. {Theory} and Method},
  volume = {17},
  issn = {0033-3123, 1860-0980},
  shorttitle = {Multidimensional scaling},
  language = {en},
  number = {4},
  urldate = {2016-08-16},
  journal = {Psychometrika},
  author = {Warren S. Torgerson},
  year = {1952},
  pages = {401--419},
  url = {https://doi.org/10.1007/bf02288916},
}

@Article{tenenbaum_global_2000,
  title = {A {Global} {Geometric} {Framework} for {Nonlinear} {Dimensionality} {Reduction}},
  volume = {290},
  issn = {0036-8075, 1095-9203},
  language = {en},
  number = {5500},
  urldate = {2016-07-13},
  journal = {Science},
  author = {Joshua B. Tenenbaum and Vin de Silva and John C. Langford},
  year = {2000},
  pmid = {11125149},
  pages = {2319--2323},
  url = {https://doi.org/10.1126/science.290.5500.2319},
}

@Article{roweis_nonlinear_2000,
  title = {Nonlinear {Dimensionality} {Reduction} by {Locally} {Linear} {Embedding}},
  volume = {290},
  issn = {0036-8075, 1095-9203},
  language = {en},
  number = {5500},
  urldate = {2016-08-16},
  journal = {Science},
  author = {Sam T. Roweis and Lawrence K. Saul},
  year = {2000},
  pmid = {11125150},
  pages = {2323--2326},
  url = {https://doi.org/10.1126/science.290.5500.2323},
}

@Article{kruskal_multidimensional_1964,
  title = {Multidimensional Scaling by Optimizing Goodness of Fit to a Nonmetric Hypothesis},
  volume = {29},
  issn = {0033-3123, 1860-0980},
  language = {en},
  number = {1},
  urldate = {2016-12-22},
  journal = {Psychometrika},
  author = {J. B. Kruskal},
  year = {1964},
  pages = {1--27},
  url = {https://doi.org/10.1007/bf02289565},
}

@Article{kruskal_nonmetric_1964,
  title = {Nonmetric Multidimensional Scaling: {A} Numerical Method},
  volume = {29},
  issn = {0033-3123, 1860-0980},
  shorttitle = {Nonmetric multidimensional scaling},
  language = {en},
  number = {2},
  urldate = {2016-12-22},
  journal = {Psychometrika},
  author = {J. B. Kruskal},
  year = {1964},
  pages = {115--129},
  url = {https://doi.org/10.1007/bf02289694},
}

@Article{coifman_geometric_2005,
  title = {Geometric Diffusions as a Tool for Harmonic Analysis and Structure Definition of Data: {Diffusion} Maps},
  volume = {102},
  issn = {0027-8424, 1091-6490},
  shorttitle = {Geometric diffusions as a tool for harmonic analysis and structure definition of data},
  language = {en},
  number = {21},
  urldate = {2016-03-30},
  journal = {Proceedings of the National Academy of Sciences of the United States of America},
  author = {R. R. Coifman and S. Lafon and A. B. Lee and M. Maggioni and B. Nadler and F. Warner and S. W. Zucker},
  year = {2005},
  pmid = {15899970},
  pages = {7426--7431},
  url = {https://doi.org/10.1073/pnas.0500334102},
}

@Article{coifman_diffusion_2006,
  title = {Diffusion Maps},
  volume = {21},
  issn = {10635203},
  language = {en},
  number = {1},
  urldate = {2016-08-16},
  journal = {Applied and Computational Harmonic Analysis},
  author = {Ronald R. Coifman and Stéphane Lafon},
  year = {2006},
  pages = {5--30},
  url = {https://doi.org/10.1016/j.acha.2006.04.006},
}

@Article{scholkopf_nonlinear_1998,
  title = {Nonlinear {Component} {Analysis} as a {Kernel} {Eigenvalue} {Problem}},
  volume = {10},
  issn = {08997667},
  number = {5},
  journal = {Neural Computation},
  author = {Bernhard Schölkopf and Alexander Smola and Klaus-Robert Müller},
  year = {1998},
  pages = {1299--1319},
  url = {https://doi.org/10.1162/089976698300017467},
}

@Article{hyvarinen_fast_1999,
  title = {Fast and Robust Fixed-Point Algorithms for Independent Component Analysis},
  volume = {10},
  issn = {1045-9227},
  number = {3},
  journal = {IEEE Transactions on Neural Networks},
  author = {A. Hyvarinen},
  year = {1999},
  pages = {626--634},
  url = {https://doi.org/10.1109/72.761722},
}

@Article{comon_independent_1994,
  title = {Independent Component Analysis, {A} New Concept?},
  volume = {36},
  issn = {01651684},
  language = {en},
  number = {3},
  urldate = {2016-08-17},
  journal = {Signal Processing},
  author = {Pierre Comon},
  year = {1994},
  pages = {287--314},
  url = {https://doi.org/10.1016/0165-1684(94)90029-9},
}

@Article{kamada_algorithm_1989,
  title = {An Algorithm for Drawing General Undirected Graphs},
  volume = {31},
  issn = {0020-0190},
  number = {1},
  urldate = {2016-08-17},
  journal = {Information Processing Letters},
  author = {Tomihisa Kamada and Satoru Kawai},
  year = {1989},
  pages = {7--15},
  url = {https://doi.org/10.1016/0020-0190(89)90102-6},
}

@Article{fruchterman_graph_1991,
  title = {Graph Drawing by Force-Directed Placement},
  volume = {21},
  issn = {1097-024X},
  language = {en},
  number = {11},
  urldate = {2016-08-17},
  journal = {Softw: Pract. Exper.},
  author = {Thomas M. J. Fruchterman and Edward M. Reingold},
  year = {1991},
  pages = {1129--1164},
  url = {https://doi.org/10.1002/spe.4380211102},
}

@TechReport{martin_dr.l:_2007,
  title = {Dr.l: {Distributed} {Recursive} (Graph) {Layout}},
  shorttitle = {Dr.l},
  url = {http://www.osti.gov/scitech/biblio/1231060-dr-distributed-recursive-graph-layout},
  number = {dRl; 002182MLTPL00},
  urldate = {2016-08-17},
  institution = {Sandia National Laboratories},
  author = {Shawn Martin and W. Michael Brown and Brian N. Wylie},
  year = {2007},
}

@Article{belkin_laplacian_2003,
  title = {Laplacian {Eigenmaps} for {Dimensionality} {Reduction} and {Data} {Representation}},
  volume = {15},
  issn = {08997667},
  number = {6},
  urldate = {2016-08-17},
  journal = {Neural Computation},
  author = {Mikhail Belkin and Partha Niyogi},
  year = {2003},
  pages = {1373},
  url = {https://doi.org/10.1162/089976603321780317},
}

@Article{van_der_maaten_visualizing_2008,
  title = {Visualizing {Data} Using t-{SNE}},
  volume = {9},
  issn = {1532-4435},
  language = {English},
  journal = {J. Mach. Learn. Res.},
  author = {Laurens {van der Maaten} and Geoffrey Hinton},
  year = {2008},
  note = {WOS:000262637600007},
  pages = {2579--2605},
}

@InCollection{hinton_stochastic_2003,
  title = {Stochastic {Neighbor} {Embedding}},
  url = {http://papers.nips.cc/paper/2276-stochastic-neighbor-embedding.pdf},
  urldate = {2016-08-17},
  booktitle = {Advances in {Neural} {Information} {Processing} {Systems} 15},
  publisher = {MIT Press},
  author = {Geoffrey E. Hinton and Sam T. Roweis},
  editor = {S. Becker and S. Thrun and K. Obermayer},
  year = {2003},
  pages = {857--864},
}

@Article{lee_multi-scale_2015,
  series = {Learning for {Visual} {Semantic} {Understanding} in {Big} {DataESANN} 2014Industrial {Data} {Processing} and {AnalysisSelected} papers from the 22nd {European} {Symposium} on {Artificial} {Neural} {Networks}, {Computational} {Intelligence} and {Machine} {Learning} ({ESANN} 2014){Selected} papers from the 11th {World} {Congress} on {Intelligent} {Control} and {Automation} ({WCICA}2014)},
  title = {Multi-Scale Similarities in Stochastic Neighbour Embedding: {Reducing} Dimensionality While Preserving Both Local and Global Structure},
  volume = {169},
  issn = {0925-2312},
  shorttitle = {Multi-scale similarities in stochastic neighbour embedding},
  urldate = {2016-04-28},
  journal = {Neurocomputing},
  author = {John A. Lee and Diego H. Peluffo-Ordóñez and Michel Verleysen},
  year = {2015},
  pages = {246--261},
  url = {https://doi.org/10.1016/j.neucom.2014.12.095},
}

@Article{lee_type_2013,
  series = {Advances in artificial neural networks, machine learning, and computational {intelligenceSelected} papers from the 20th {European} {Symposium} on {Artificial} {Neural} {Networks} ({ESANN} 2012)},
  title = {Type 1 and 2 Mixtures of {Kullback}–{Leibler} Divergences as Cost Functions in Dimensionality Reduction Based on Similarity Preservation},
  volume = {112},
  issn = {0925-2312},
  urldate = {2016-04-28},
  journal = {Neurocomputing},
  author = {John A. Lee and Emilie Renard and Guillaume Bernard and Pierre Dupont and Michel Verleysen},
  year = {2013},
  pages = {92--108},
  url = {https://doi.org/10.1016/j.neucom.2012.12.036},
}

@Article{venna_information_2010,
  title = {Information {Retrieval} {Perspective} to {Nonlinear} {Dimensionality} {Reduction} for {Data} {Visualization}},
  volume = {11},
  issn = {1532-4435},
  language = {English},
  journal = {J. Mach. Learn. Res.},
  author = {Jarkko Venna and Jaakko Peltonen and Kristian Nybo and Helena Aidos and Samuel Kaski},
  year = {2010},
  note = {WOS:000277186500001},
  pages = {451--490},
}

@Article{laparra_dimensionality_2015,
  title = {Dimensionality {Reduction} via {Regression} in {Hyperspectral} {Imagery}},
  volume = {9},
  issn = {1932-4553},
  number = {6},
  journal = {IEEE Journal of Selected Topics in Signal Processing},
  author = {V. Laparra and J. Malo and G. Camps-Valls},
  year = {2015},
  pages = {1026--1036},
  url = {https://doi.org/10.1109/jstsp.2015.2417833},
}

@Article{chen_local_2006,
  author = {Lisha Chen and Andreas Buja},
  title = {Local Multidimensional Scaling for Nonlinear Dimension Reduction, Graph Drawing, and Proximity Analysis},
  journal = {Journal of the American Statistical Association},
  volume = {104},
  number = {485},
  pages = {209-219},
  year = {2009},
  publisher = {Taylor & Francis},
  eprint = {https://doi.org/10.1198/jasa.2009.0111},
  url = {https://doi.org/10.1198/jasa.2009.0111},
}

@InProceedings{saunders_ridge_1998,
  author = {Craig Saunders and Alexander Gammerman and Volodya Vovk},
  title = {Ridge Regression Learning Algorithm in Dual Variables},
  booktitle = {Proceedings of the Fifteenth International Conference on Machine Learning},
  series = {ICML '98},
  year = {1998},
  isbn = {1-55860-556-8},
  pages = {515--521},
  numpages = {7},
  url = {http://dl.acm.org/citation.cfm?id=645527.657464},
  acmid = {657464},
  publisher = {Morgan Kaufmann Publishers Inc.},
  address = {San Francisco, CA, USA},
}

@Article{lee_quality_2009,
  series = {Advances in {Machine} {Learning} and {Computational} {Intelligence}16th {European} {Symposium} on {Artificial} {Neural} {Networks} 200816th {European} {Symposium} on {Artificial} {Neural} {Networks} 2008},
  title = {Quality Assessment of Dimensionality Reduction: {Rank}-Based Criteria},
  volume = {72},
  issn = {0925-2312},
  shorttitle = {Quality assessment of dimensionality reduction},
  number = {7–9},
  urldate = {2016-04-04},
  journal = {Neurocomputing},
  author = {John A. Lee and Michel Verleysen},
  year = {2009},
  pages = {1431--1443},
  url = {https://doi.org/10.1016/j.neucom.2008.12.017},
}

@Article{sokal_comparison_1962,
  title = {The {Comparison} of {Dendrograms} by {Objective} {Methods}},
  volume = {11},
  issn = {0040-0262},
  number = {2},
  urldate = {2016-08-15},
  journal = {Taxon},
  author = {Robert R. Sokal and F. James Rohlf},
  year = {1962},
  pages = {33--40},
  url = {https://doi.org/10.2307/1217208},
}

@Article{szekely_measuring_2007,
  title = {Measuring and Testing Dependence by Correlation of Distances},
  volume = {35},
  issn = {0090-5364, 2168-8966},
  language = {EN},
  number = {6},
  urldate = {2016-06-10},
  journal = {The Annals of Statistics},
  author = {Gábor J. Székely and Maria L. Rizzo and Nail K. Bakirov},
  year = {2007},
  mrnumber = {MR2382665},
  zmnumber = {1129.62059},
  pages = {2769--2794},
  url = {https://doi.org/10.1214/009053607000000505},
}

@Article{kireeva_nonlinear_2014,
  title = {Nonlinear {Dimensionality} {Reduction} for {Visualizing} {Toxicity} {Data}: {Distance}-{Based} {Versus} {Topology}-{Based} {Approaches}},
  volume = {9},
  issn = {1860-7187},
  shorttitle = {Nonlinear {Dimensionality} {Reduction} for {Visualizing} {Toxicity} {Data}},
  language = {en},
  number = {5},
  urldate = {2016-08-19},
  journal = {ChemMedChem},
  author = {Natalia V. Kireeva and Svetlana I. Ovchinnikova and Igor V. Tetko and Abdullah M. Asiri and Konstantin V. Balakin and Aslan Yu. Tsivadze},
  year = {2014},
  pages = {1047--1059},
  url = {https://doi.org/10.1002/cmdc.201400027},
}

@Article{han_deep_2016,
  author = {Yoonchang Han and Jaehun Kim and Kyogu Lee},
  title = {{Deep Convolutional Neural Networks for Predominant Instrument Recognition in Polyphonic Music}},
  journal = {{IEEE-ACM TRANSACTIONS ON AUDIO SPEECH AND LANGUAGE PROCESSING}},
  year = {{2017}},
  volume = {{25}},
  number = {{1}},
  pages = {{208-221}},
  publisher = {{IEEE-INST ELECTRICAL ELECTRONICS ENGINEERS INC}},
  language = {{English}},
  issn = {{2329-9290}},
}

@Article{van_der_maaten_dimensionality_2009,
  title = {Dimensionality Reduction: a Comparative Review},
  volume = {10},
  shorttitle = {Dimensionality reduction},
  urldate = {2016-06-28},
  journal = {J Mach Learn Res},
  author = {Laurens {Van Der Maaten} and Eric Postma and Jaap {Van den Herik}},
  year = {2009},
  pages = {66--71},
}

@InProceedings{bengio_out--sample_2003,
  title = {Out-of-{Sample} {Extensions} for {LLE}, {Isomap}, {MDS}, {Eigenmaps}, and {Spectral} {Clustering}},
  booktitle = {In {Advances} in {Neural} {Information} {Processing} {Systems}},
  publisher = {MIT Press},
  author = {Yoshua Bengio and Jean-Francois Paiement and Pascal Vincent},
  year = {2003},
  pages = {177--184},
}

@Article{lueks_how_2011,
  title = {How to {Evaluate} {Dimensionality} {Reduction}? - {Improving} the {Co}-Ranking {Matrix}},
  shorttitle = {How to {Evaluate} {Dimensionality} {Reduction}?},
  url = {http://arxiv.org/abs/1110.3917},
  urldate = {2016-03-18},
  journal = {arXiv:1110.3917 [cs]},
  author = {Wouter Lueks and Bassam Mokbel and Michael Biehl and Barbara Hammer},
  year = {2011},
  note = {arXiv: 1110.3917},
}

@Article{groenen_multidimensional_2016,
  title = {Multidimensional {Scaling} by {Majorization}: {A} {Review}},
  volume = {73},
  issn = {1548-7660},
  number = {1},
  journal = {Journal of Statistical Software},
  author = {Patrick Groenen and Michel van de Velden},
  year = {2016},
  pages = {1--26},
  url = {https://doi.org/10.18637/jss.v073.i08},
}

@Article{leeuw_multidimensional_2009,
author = {Jan de Leeuw and Patrick Mair},
   title = {Multidimensional Scaling Using Majorization: SMACOF in R},
   journal = {Journal of Statistical Software, Articles},
   volume = {31},
   number = {3},
   year = {2009},
   keywords = {},
   abstract = {In this paper we present the methodology of multidimensional scaling problems (MDS) solved by means of the majorization algorithm. The objective function to be minimized is known as stress and functions which majorize stress are elaborated. This strategy to solve MDS problems is called SMACOF and it is implemented in an R package of the same name which is presented in this article. We extend the basic SMACOF theory in terms of configuration constraints, three-way data, unfolding models, and projection of the resulting configurations onto spheres and other quadratic surfaces. Various examples are presented to show the possibilities of the SMACOF approach offered by the corresponding package.},
   issn = {1548-7660},
   pages = {1--30},
   doi = {10.18637/jss.v031.i03},
   url = {https://www.jstatsoft.org/v031/i03}
}

@Article{bengio_learning_2004,
  title = {Learning {Eigenfunctions} {Links} {Spectral} {Embedding} and {Kernel} {PCA}},
  volume = {16},
  issn = {0899-7667},
  number = {10},
  urldate = {2016-10-05},
  journal = {Neural Computation},
  author = {Yoshua Bengio and Olivier Delalleau and Nicolas Le Roux and Jean-François Paiement and Pascal Vincent and Marie Ouimet},
  year = {2004},
  pages = {2197--2219},
  url = {https://doi.org/10.1162/0899766041732396},
}

@Misc{_gdkrmr/dimred_????,
  title = {Gdkrmr/{dimRed}},
  url = {https://github.com/gdkrmr/dimRed},
  urldate = {2016-11-30},
  journal = {GitHub},
}


@techreport{de_silva_sparse_2004,
	title = {Sparse multidimensional scaling using landmark points},
	author = {De Silva, Vin and Tenenbaum, Joshua B/r},
  institution = {Stanford University},
	year = {2004},
}

@article{luxburg_tutorial_2007,
	title = {A tutorial on spectral clustering},
	volume = {17},
	issn = {0960-3174, 1573-1375},
	url = {https://doi.org/10.1007/s11222-007-9033-z},
	language = {en},
	number = {4},
	urldate = {2018-07-10},
	journal = {Statistics and Computing},
	author = {Luxburg, Ulrike von},
	month = dec,
	year = {2007},
	pages = {395--416},
}