@book{R:Carr+etal:2011,
author = {D.~{Carr, N.~Lewin-Koh and M.~Maechler}},
title = {{hexbin: Hexagonal Binning Routines}},
publisher = {R package version 1.26.0},
url = {http://CRAN.R-project.org/package=hexbin}
}
@book{R:Carslaw+Beevers:2005,
author = {D.C.~{Carslaw and S.D.~Beevers}},
title = {{Estimations of road vehicle primary NO2 exhaust emission fractions using monitoring data in London}},
publisher = {em Atmospheric Environment 39(1):},
pages = {167--177},
year = {2005}
}
@book{R:Carslaw+etal:2006,
author = {D.C.~{Carslaw, S.D.~Beevers, K.~Ropkins and M.C.~Bell}},
title = {{Detecting and quantifying aircraft and other on-airport contributions to ambient nitrogen oxides in the vicinity of a large international airport}},
publisher = {em Atmospheric Environment 40(28):},
pages = {5424--5434},
year = {2006}
}
@book{R:Carslaw+Ropkins:2010,
author = {D.C.~{Carslaw and K.~Ropkins}},
title = {{openair: Open-source tools for the analysis of air pollution data}},
publisher = {R package version 0.4-14},
url = {http://www.openair-project.org/}
}
@book{R:Chow+Watson:2008,
author = {J.C.~{Chow and J.G.~Watson}},
title = {{New Directions: Beyond compliance air quality measurements}},
publisher = {em Atmospheric Environment 42:},
pages = {5166--5168},
year = {2008}
}
@book{R:Cleveland+etal:1990,
author = {R.B.~{Cleveland, W.S.~Cleveland, J.E.~McRae and I.~Terpenning, I}},
title = {{STL: A Seasonal-Trend Decomposition Procedure Based on Loess}},
publisher = {em Journal of Official Statistics 6:},
pages = {3--73},
year = {1990}
}
@book{R:Gentleman+etal:2004,
author = {R.~{Gentleman, V.J.~Carey, D.M.~Bates, B.~Bolstad, M.~Dettling, S.~Dudoit, B.~Ellis, L.~Gautier, Y.~Ge, J.~Gentry, K.~Hornik, T.~Hothorn, W.~Huber, S.~Iacus, R.~Irizarry, F.~Leisch, C.~Li, M.~Maechler, A.J.~Rossini, G.~Sawitzki, C.~Smith, G.~Smyth, L.~Tierney, J.Y.H.~Yang and J.~Zhang}},
title = {{Bioconductor: Open software development for computational biology and bioinformatics}},
publisher = {em Genome Biology 5: R80},
year = {2004},
url = {http://www.bioconductor.org/}
}
@book{R:Helsel+Hirsch:2002,
author = {D.~{Helsel and R.~Hirsch}},
title = {{R: Statistical methods in water resources}},
publisher = {US Geological Survey},
url = {http://pubs.usgs.gov/twri/twri4a3/}
}
@book{R:Henry+etal:2009,
author = {R.~{Henry, G.A.~Norris, R.~Vedantham and J.R.~Turner}},
title = {{Source Region Identification Using Kernel Smoothing}},
publisher = {em Environmental Science and Technology 43(11):},
pages = {4090--4097},
year = {2009}
}
@book{R:Hirsch+etal:1982,
author = {R.M.~{Hirsch, J.R.~Slack, and R.A.~Smith}},
title = {{Techniques of trend analysis for monthly water-quality data}},
publisher = {em Water Resources Research 18(1):},
pages = {107--121},
year = {1982}
}
@book{R:Kunsch:1989,
author = {H.R.~{Kunsch}},
title = {{The jackknife and the bootstrap for general stationary observations}},
publisher = {em Annals of Statistics 17(3):},
pages = {1217--1241},
year = {1989}
}
@book{R:McHugh+etal:1997,
author = {C.A.~{McHugh, D.J.~Carruthers and H.A.~Edmunds}},
title = {{ADMS and ADMS570 Urban}},
publisher = {em International Journal of Environment and Pollution,8():   438--440},
pages = {3--6},
year = {1997}
}
@book{R:Neuwirth:2011,
author = {E.~{Neuwirth}},
title = {{RColorBrewer: ColorBrewer palettes}},
publisher = {R package version 1.0-5},
url = {http://CRAN.R-project.org/package=RColorBrewer/}
}
@book{R:Sarkar:2008,
author = {D.~{Sarkar}},
title = {{Lattice: Multivariate Data Visualization with R}},
publisher = {Springer :},
url = {http://lmdvr.r-forge.r-project.org/},
isbn = {978-0-387-75968-5}
}
@book{R:Sarkar:2009,
author = {D.~{Sarkar}},
title = {{lattice: Lattice Graphics}},
publisher = {R package version 0.18-5},
url = {http://r-forge.r-project.org/projects/lattice/}
}
@book{R:Sarkar+Andrews:2011,
author = {D.~{Sarkar and F.~Andrews}},
title = {{latticeExtra: Extra Graphical Utilities Based on Lattice}},
publisher = {R package version 0.6-18},
url = {http://CRAN.R-project.org/package=latticeExtra}
}
@book{R:Wood:2004,
author = {S.N.~{Wood}},
title = {{Stable and efficient multiple smoothing parameter estimation for generalized additive models}},
publisher = {em Journal of the American Statistical Association,99:},
pages = {673--686},
year = {2004}
}
@book{R:Wood:2006,
author = {S.N.~{Wood}},
title = {{Generalized Additive Models: An Introduction with R}},
publisher = {Chapman and Hall/CRC},
year = {2006}
}


