% This file was created with JabRef 2.7b.
% Encoding: UTF-8

@MISC{rqt_console,
  author =	 {Aaron Blasdel},
  title =	 {rqt\_console: A {GUI} Plugin for Displaying and
                  Filtering {ROS} Messages},
  year =	 2013,
  note =	 {[Online; accessed 16-December-2013]},
  url =		 {http://wiki.ros.org/rqt_console}
}

@MISC{rostopic,
  author =	 {Ken Conley},
  title =	 {rostopic: Command-Line Tool for Displaying Debug
                  Information},
  year =	 2013,
  note =	 {[Online; accessed 16-December-2013]},
  url =		 {http://wiki.ros.org/rostopic}
}

@MISC{rxgraph,
  author =	 {Ken Conley},
  title =	 {rxgraph: Command-Line Tool for Visualizing a {ROS}
                  Computation Graph},
  year =	 2013,
  note =	 {[Online; accessed 16-December-2013]},
  url =		 {http://www.ros.org/wiki/rxgraph}
}

@MISC{rosmsg,
  author =	 {Ken Conley and Tully Foote},
  title =	 {rosmsg: Command-Line Tool for Displaying
                  Information about {ROS} Message Types},
  year =	 2013,
  note =	 {[Online; accessed 16-December-2013]},
  url =		 {http://wiki.ros.org/rosmsg}
}

@MANUAL{GP2D120,
  title =	 {{S}harp {GP2D120} -- Optoelectronic Device},
  author =	 {{S}harp {C}ooperation},
  year =	 2007,
  url =		 {http://www.sharpsma.com/webfm\_send/1205}
}

@INPROCEEDINGS{ZDK10a,
  author =	 {Andr{\'e} Dietrich and Sebastian Zug and J{\"o}rg
                  Kaiser},
  title =	 {Detecting External Measurement Disturbances Based on
                  Statistical Analysis for Smart Sensors},
  booktitle =	 {Proceedings of the IEEE International
                  Symposium on Industrial Electronics (ISIE)},
  year =	 2010,
  pages =	 {2067--2072},
  month =	 jul,
  location =	 {Bari, Italy}
}

@ARTICLE{rcpp,
  author =	 {Dirk Eddelbuettel and Romain Fran\c{c}ois},
  title =	 {{Rcpp}: Seamless {R} and {C++} Integration},
  journal =	 {Journal of Statistical Software},
  year =	 2011,
  volume =	 40,
  pages =	 {1--18},
  number =	 8,
  url =		 {http://www.jstatsoft.org/v40/i08/}
}

@MISC{rosbag,
  author =	 {Tim Field and Jeremy Leibs and James Bowman},
  title =	 {rosbag: A Set of Tools for Recording from and
                  Playing Back to {ROS} Topics},
  year =	 2013,
  note =	 {[Online; accessed 16-December-2013]},
  url =		 {http://wiki.ros.org/rosbag}
}

@MISC{rosmake,
  author =	 {Tully Foote},
  title =	 {rosmake: A {ROS} Dependency Aware Build Tool},
  year =	 2013,
  note =	 {[Online; accessed 16-December-2013]},
  url =		 {http://wiki.ros.org/rosmake}
}

@MISC{rospack,
  author =	 {Brian Gerkey and Morgan Quigley and Dirk Thomas},
  title =	 {rospack: {ROS} Package Management Tool},
  year =	 2013,
  note =	 {[Online; accessed 16-December-2013]},
  url =
                  {http://docs.ros.org/independent/api/rospkg/html/rospack.html}
}

@ARTICLE{Kramer07developmentenvironments,
  author =	 {Kramer, J. and Scheutz, M.},
  title =	 {Development Environments for Autonomous
                  Mobile Robots: A Survey},
  journal =	 {Autonomous Robots},
  year =	 2007,
  volume =	 22,
  pages =	 {101--132},
  address =	 {Hingham, MA, USA},
  issue =	 2,
  numpages =	 32,
  publisher =	 {Kluwer Academic Publishers}
}

@MISC{rosrun,
  author =	 {Jeremy Leibs and Thibault Kruse},
  title =	 {rosrun: Allows You to Run an Executable in an
                  Arbitrary Package from Anywhere Without Having to
                  Give its Full Path},
  year =	 2013,
  note =	 {[Online; accessed 16-December-2013]},
  url =		 {http://wiki.ros.org/rosbash\#rosrun}
}

@INPROCEEDINGS{quigley2009ros,
  author =	 {Quigley, M. and Conley, K. and Gerkey, B. and Faust,
                  J. and Foote, T. and Leibs, J. and Wheeler, R. and
                  Ng, A.Y.},
  title =	 {{ROS}: An Open-Source Robot Operating System},
  booktitle =	 {ICRA Workshop on Open Source Software},
  year =	 2009
}

@MISC{roscpp,
  author =	 {Morgan Quigley and Josh Faust and Brian Gerkey and
                  Troy Straszheim},
  title =	 {roscpp: {C}++ Implementation of {ROS}},
  year =	 2013,
  note =	 {[Online; accessed 16-December-2013]},
  url =		 {http://wiki.ros.org/roscpp}
}

@MISC{topic_tools,
  author =	 {Morgan Quigley and Brian Gerkey},
  title =	 {topic\_tools: Directing, Throttling, Selecting,
                  and Otherwise Messing with {ROS} Topics at a Meta
                  Level},
  year =	 2013,
  note =	 {[Online; accessed 16-December-2013]},
  url =		 {http://wiki.ros.org/topic_tools}
}

@BOOK{unix94,
  title =	 {A Quarter Century of Unix},
  publisher =	 {Addison-Wesley Longman},
  year =	 1994,
  author =	 {Peter H. Salus}
}

@MISC{swig,
  author =	 {{SWIG}-2.0},
  title =	 {Documentation},
  year =	 2013,
  note =	 {[Online; accessed 21-July-2013]},
  url =		 {http://www.swig.org/Doc2.0/SWIGDocumentation.html}
}

@MISC{wiki:comparison,
  author =	 {Wikipedia},
  title =	 {Comparison of Statistical Packages --
                  {W}ikipedia{,} {T}he {F}ree {E}ncyclopedia},
  year =	 2013,
  note =	 {[Online; accessed 21-July-2013]},
  url =
                  {http://en.wikipedia.org/wiki/Comparison\_of\_statistical\_packages}
}

