% put bibtex entries here!
@article{khanh2022,
	title ={Receiver operating characteristic estimation and threshold selection criteria in three-class classification problems for clustered data},
	author = {Duc-Khanh To and Gianfranco Adimari and Monica Chiogna and Davide Risso},
	journal = {Statistical Methods in Medical Research},
	volume={31},
	number={7},
	pages={1325--1341},
	year = {2022},
	url = {https://doi.org/10.1177/09622802221089029}
}

@article{nak:14,
	title = {Developments in {ROC} surface analysis and assessment of diagnostic markers in three-class classification problems},
	author = {Nakas, C. T.},
	journal = {REVSTAT{-}Statistical Journal},
	volume = {12},
	number = {1},
	pages = {43--65},
	year = {2014},
	url = {https://doi.org/10.57805/revstat.v12i1.143}
}

@article{nak:04,
	title = {Ordered multiple-class {ROC} analysis with continuous measurements},
	author = {Nakas, C. T. and Yiannoutsos, C. T.},
	journal = {Statistics in Medicine},
	volume = {23},
	number = {22},
	pages = {3437--3449},
	year = {2004},
	url = {https://doi.org/10.1002/sim.1917}
}

@article{xiong2006measuring,
	title={Measuring and estimating diagnostic accuracy when there are three ordinal diagnostic groups},
	author={Xiong, Chengjie and van Belle, Gerald and Miller, J Philip and Morris, John C},
	journal={Statistics in Medicine},
	volume={25},
	number={7},
	pages={1251--1273},
	year={2006},
	url={https://doi.org/10.1002/sim.2433}
}

@article{attwood2014diagnostic,
	title={Diagnostic thresholds with three ordinal groups},
	author={Attwood, Kristopher and Tian, Lili and Xiong, Chengjie},
	journal={Journal of Biopharmaceutical Statistics},
	volume={24},
	number={3},
	pages={608--633},
	year={2014},
	url={https://doi.org/10.1080/10543406.2014.888437}
}

@article{nakas2010accuracy,
	title={Accuracy and cut-off point selection in three-class classification problems using a generalization of the {Y}ouden index},
	author={Nakas, Christos T and Alonzo, Todd A and Yiannoutsos, Constantin T},
	journal={Statistics in Medicine},
	volume={29},
	number={28},
	pages={2946--2955},
	year={2010},
	url={https://doi.org/10.1002/sim.4044}
}

@article{bantis2017construction,
	title={Construction of joint confidence regions for the optimal true class fractions of {R}eceiver {O}perating {C}haracteristic ({ROC}) surfaces and manifolds},
	author={Bantis, Leonidas E and Nakas, Christos T and Reiser, Benjamin and Myall, Daniel and Dalrymple-Alford, John C},
	journal={Statistical Methods in Medical Research},
	volume={26},
	number={3},
	pages={1429--1442},
	year={2017},
	url={https://doi.org/10.1177/0962280215581694}
}

@book{pep,
	title = {The statistical evaluation of medical tests for classification and prediction},
	author = {Pepe, M. S.},
	publisher = {New York, USA: Oxford University Press},
	year = {2003},
	isbn={978-0-19-850984-4},
}

@book{zhou,
	title = {Statistical methods in diagnostic medicine},
	author = {Zhou, X. H. and McClish, D. K. and Obuchowski, N. A.},
	publisher = {Inc., Hoboken, New Jersay, USA: John Wiley \& Sons},
	year = {2011},
	isbn={0-471-34772-8},
}

@article{toduc2016mar,
	title={Bias--corrected methods for estimating the receiver operating characteristic surface of continuous diagnostic tests},
	author={To Duc, Khanh and Chiogna, Monica and Adimari, Gianfranco},
	journal={Electronic Journal of Statistics},
	volume={10},
	number={2},
	pages={3063--3113},
	year={2016},
	url={https://doi.org/10.1214/16-EJS1202}
}

@Manual{trinROC,
  title = {trinROC: Statistical {T}ests for {A}ssessing {T}rinormal ROC {D}ata},
  author = {Noll, Samuel and Reinhard, Furrer},
  year = {2022},
  url = {https://CRAN.R-project.org/package=trinROC},
  note = {R package version 0.6}
}

@Manual{ThresholdROC,
  title = {ThresholdROC: Optimum {T}hreshold {E}stimation},
  author = {Sara, Perez-Jaume and Natalia, Pallares and Konstantina, Skaltsa},
  year = {2021},
  url = {https://CRAN.R-project.org/package=ThresholdROC},
  note = {R package version 2.9.0}
}

@Manual{bcROCsurface,
  title = {bcROCsurface: Bias-{C}orrected {M}ethods for {E}stimating the ROC {S}urface of {C}ontinuous {D}iagnostic {T}ests},
  author = {To, Duc-Khanh},
  year = {2021},
  url = {https://CRAN.R-project.org/package=bcROCsurface},
  note = {R package version 1.0-5}
}

@Manual{nlme,
    title = {{n}lme: {L}inear and {N}onlinear {M}ixed {E}ffects {M}odels},
    author = {José Pinheiro and Douglas Bates and {R Core Team}},
    year = {2022},
    note = {R package version 3.1-159},
    url = {https://CRAN.R-project.org/package=nlme},
  }

@Manual{ggplot2,
  title = {ggplot2: Create {E}legant {D}ata {V}isualisations {U}sing the {G}rammar of {G}raphics},
  author = {Hadley, Wickham and Winston, Chang and Lionel, Henry and Thomas, Lin Pedersen and Kohske, Takahashi and Claus, Wilke and Kara, Woo and Hiroaki, Yutani and Dewey, Dunnington and RStudio},
  year = {2022},
  url = {https://CRAN.R-project.org/package=ggplot2},
  note = {R package version 3.3.6}
}

@Manual{rgl,
  title = {{r}gl: 3D {V}isualization {U}sing {O}penGL},
  author = {Duncan, Murdoch and Daniel, Adler and Oleg, Nenadic and Simon, Urbanek and Ming, Chen and Albrecht, Gebhardt and Ben, Bolker and Gabor, Csardi and Adam, Strzelecki and Alexander, Senger and The R Core Team and Dirk, Eddelbuettel and The authors of Shiny and The authors of knitr and Jeroen, Ooms and Yohann, Demont and Joshua, Ulrich and Xavier, Fernandez, i Marin and George, Helffrich and Ivan, Krylov and Michael, Sumner},
  year = {2021},
  url = {https://CRAN.R-project.org/package=rgl},
  note = {R package version 0.108.3}
}

@article{xiong2018estimating,
  title={Estimating diagnostic accuracy for clustered ordinal diagnostic groups in the three-class case--{A}pplication to the early diagnosis of {A}lzheimer disease},
  author={Xiong, Chengjie and Luo, Jingqin and Chen, Ling and Gao, Feng and Liu, Jingxia and Wang, Guoqiao and Bateman, Randall and Morris, John C},
  journal={Statistical Methods in Medical Research},
  volume={27},
  number={3},
  pages={701--714},
  year={2018},
  url={https://doi.org/10.1177/0962280217742539}
}

@book{mcculloch2004generalized,
	title={Generalized, linear, and mixed Models},
	author={McCulloch, Charles E and Searle, Shayle R},
	publisher={USA: John Wiley \& Sons},
	year={2001},
	isbn = {0-471-19364-X},
}

@article{liang1986longitudinal,
	title={Longitudinal data analysis using generalized linear models},
	author={Liang, Kung-Yee and Zeger, Scott L},
	journal={Biometrika},
	volume={73},
	number={1},
	pages={13--22},
	year={1986},
	url={https://doi.org/10.1093/biomet/73.1.13}
}

@article{mancl2001covariance,
	title={A covariance estimator for {GEE} with improved small-sample properties},
	author={Mancl, Lloyd A and DeRouen, Timothy A},
	journal={Biometrics},
	volume={57},
	number={1},
	pages={126--134},
	year={2001},
	url={https://doi.org/10.1111/j.0006-341X.2001.00126.x}
}

@article{kauermann2001note,
	title={A note on the efficiency of sandwich covariance matrix estimation},
	author={Kauermann, G{\"o}ran and Carroll, Raymond J},
	journal={Journal of the American Statistical Association},
	volume={96},
	number={456},
	pages={1387--1396},
	year={2001},
	url={https://doi.org/10.1198/016214501753382309}
}

@article{lipsitz2000using,
	title={Using a {B}ox--{C}ox transformation in the analysis of longitudinal data with incomplete responses},
	author={Lipsitz, Stuart R and Ibrahim, Joseph and Molenberghs, Geert},
	journal={Journal of the Royal Statistical Society: Series C (Applied Statistics)},
	volume={49},
	number={3},
	pages={287--296},
	year={2000},
	url={https://doi.org/10.1111/1467-9876.00192}
}

@article{gurka2006extending,
	title={Extending the {B}ox--{C}ox transformation to the linear mixed model},
	author={Gurka, Matthew J and Edwards, Lloyd J and Muller, Keith E and Kupper, Lawrence L},
	journal={Journal of the Royal Statistical Society: Series A (Statistics in Society)},
	volume={169},
	number={2},
	pages={273--288},
	year={2006},
	url={https://doi.org/10.1111/j.1467-985X.2005.00391.x}
}

@article{box1964analysis,
	title={An analysis of transformations (with discussion)},
	author={Box, George EP and Cox, David R},
	journal={Journal of the Royal Statistical Society: Series B (Methodological)},
	volume={26},
	number={2},
	pages={211--252},
	year={1964},
	url={https://doi.org/10.1111/j.2517-6161.1964.tb00553.x}
}

@article{gurka2011estimating,
	title={Estimating variance components and random effects using the Box-Cox transformation in the linear mixed model},
	author={Gurka, Matthew J and Edwards, Lloyd J},
	journal={Communications in Statistics—Theory and Methods},
	volume={40},
	number={3},
	pages={515--531},
	year={2011},
	url={https://doi.org/10.1080/03610920903411192}
}


@Manual{R,
  title = {R: A Language and Environment for Statistical Computing},
  author = {{R Core Team}},
  organization = {R Foundation for Statistical Computing},
  address = {Vienna, Austria},
  year = {2016},
  note = {{ISBN} 3-900051-07-0},
  url = {https://www.R-project.org/},
}

@article{ihaka:1996,
    Author = {Ihaka, Ross and Gentleman, Robert},
	Journal = {Journal of Computational and Graphical Statistics},
	Number = 3,
	Pages = {299--314},
	Title = {R: A Language for Data Analysis and Graphics},
	Volume = 5,
	Year = 1996,
    url = {https://doi.org/10.1080/10618600.1996.10474713}
}

@article{alem2016modeling,
  title={Modeling household cooking fuel choice: {A} panel multinomial logit approach},
  author={Alem, Yonas and Beyene, Abebe D and K{\"o}hlin, Gunnar and Mekonnen, Alemu},
  journal={Energy Economics},
  volume={59},
  pages={129--137},
  year={2016},
  publisher={Elsevier},
  url={https://doi.org/10.1016/j.eneco.2016.06.025}
}