@Article{Backhaus:2012,
  author =	 {Thomas Backhaus and Michael Faust},
  journal =	 {Environmental Science {\&} Technology},
  number =	 5,
  pages =	 {2564--2573},
  title =	 {Predictive Environmental Risk Assessment of Chemical
                  Mixtures: A Conceptual Framework},
  volume =	 46,
  year =	 2012,
  doi =		 {10.1021/es2034125},
}

@Manual{Grothendieck:2013,
  title =	 {nls2: Non-Linear Regression with Brute Force},
  author =	 {G. Grothendieck},
  year =	 2013,
  note =	 {R package version 0.2},
  url =		 {https://CRAN.R-project.org/package=nls2},
}

@Manual{Elzhov:2015,
  title =	 {minpack.lm: R Interface to the Levenberg-Marquardt
                  Nonlinear Least-Squares Algorithm Found in MINPACK,
                  Plus Support for Bounds},
  author =	 {Timur V. Elzhov and Katharine M. Mullen and
                  Andrej-Nikolai Spiess and Ben Bolker},
  year =	 2016,
  note =	 {R package version 1.2-1},
  url =		 {https://CRAN.R-project.org/package=minpack.lm},
}

@Article{Cedergreen:2008,
  author =	 {Nina Cedergreen and Anne M Christensen and Anja
                  Kamper and Per Kudsk and Solvejg K Mathiassen and
                  Jens C Streibig and Helle S{\o}rensen},
  journal =	 {Environmental Toxicology and Chemistry},
  number =	 7,
  pages =	 {1621--1632},
  title =	 {A Review of Independent Action Compared to
                  Concentration Addition as Reference Models for
                  Mixtures of Compounds with Different Molecular
                  Target Sites},
  volume =	 27,
  year =	 2008,
  doi =		 {10.1897/07-474.1},
}

@Article{Faust:2001,
  author =	 {M. Faust and R. Altenburger and T. Backhaus and
                  H. Blanck and W. Boedeker and P. Gramatica and
                  V. Hamer and M. Scholze and M. Vighi and
                  L. H. Grimme},
  journal =	 {Aquatic Toxicology},
  number =	 1,
  pages =	 {13--32},
  title =	 {Predicting the Joint Algal Toxicity of
                  Multi-Component s-Triazine Mixtures at Low-Effect
                  Concentrations of Individual Toxicants},
  volume =	 56,
  year =	 2001,
  doi =		 {10.1016/s0166-445x(01)00187-4},
}

@Article{Faust:2003,
  author =	 {M Faust and R Altenburger and T Backhaus and H
                  Blanck and W Boedeker and P Gramatica and V Hamer
                  and M Scholze and M Vighi and L H {Grimme}},
  journal =	 {Aquatic Toxicology},
  number =	 1,
  pages =	 {43--63},
  title =	 {Joint Algal Toxicity of 16 Dissimilarly Acting
                  Chemicals Is Predictable by the Concept of
                  Independent Action},
  volume =	 63,
  year =	 2003,
  doi =		 {10.1016/s0166-445x(02)00133-9},
}

@Article{Goutelle:2008,
  author =	 {S Goutelle and M Maurin and F Rougier and X Barbaut
                  and L Bourguignon and M Ducher and P. Maire},
  journal =	 {Fundamental {\&} Clinical Pharmacology},
  number =	 6,
  pages =	 {633--648},
  title =	 {The Hill Equation: a Review of Its Capabilities in
                  Pharmacological Modelling},
  volume =	 22,
  year =	 2008,
  doi =		 {10.1111/j.1472-8206.2008.00633.x},
}

@Article{DeGryze:2007,
  author =	 {Steven {De Gryze} and Ivan Langhans and Martina
                  Vandebroek},
  journal =	 {Chemometrics and Intelligent Laboratory Systems},
  number =	 2,
  pages =	 {147--154},
  title =	 {Using the Correct Intervals for Prediction: A
                  Tutorial on Tolerance Intervals for Ordinary
                  Least-Squares Regression},
  volume =	 87,
  year =	 2007,
  doi =		 {10.1016/j.chemolab.2007.03.002},
}

@Article{Hadrup:2013,
  author =	 {Niels Hadrup and Camilla Taxvig and Mikael Pedersen
                  and Christine Nellemann and Ulla Hass and Anne Marie
                  Vinggaard},
  journal =	 {PLoS ONE},
  number =	 8,
  pages =	 {e70490},
  title =	 {Concentration Addition, Independent Action and
                  Generalized Concentration Addition Models for
                  Mixture Effect Prediction of Sex Hormone Synthesis
                  in Vitro},
  volume =	 8,
  year =	 2013,
  doi =		 {10.1371/journal.pone.0070490},
}

@Article{Hickernell:1996,
  author =	 {Fred J. Hickernell},
  journal =	 {Mathematics of Computation},
  number =	 211,
  pages =	 {299--322},
  title =	 {A Generalized Discrepancy and Quadrature Error
                  Bound},
  volume =	 67,
  year =	 1996,
  doi =		 {10.1090/s0025-5718-98-00894-1},
}

@Misc{Kamvar:2015,
  title =	 {ezec: Easy Interface to Effective Concentration
                  Calculations},
  author =	 {Zhian N. Kamvar},
  year =	 2016,
  note =	 {R package version 1.0.1},
  url =		 {https://CRAN.R-project.org/package=ezec},
}

@Article{Liang:2001,
  author =	 {Yi-Zeng Liang and Kai-Tai Fang and Qing-Song Xu},
  journal =	 {Chemometrics and Intelligent Laboratory Systems},
  number =	 1,
  pages =	 {43--57},
  title =	 {Uniform Design and its Applications in Chemistry and
                  Chemical Engineering},
  volume =	 58,
  year =	 2001,
  doi =		 {10.1016/s0169-7439(01)00139-3},
}

@Article{Liu:2015,
  author =	 {Shu-Shen Liu and Qian-Fen Xiao and Jin Zhang and Mo
                  Yu},
  journal =	 {Science Bulletin},
  number =	 1,
  pages =	 {52--58},
  title =	 {Uniform Design Ray in the Assessment of Combined
                  Toxicities of Multi-Component Mixtures},
  volume =	 61,
  year =	 2015,
  doi =		 {10.1007/s11434-015-0925-6},
}

@Article{Liu:2012,
  author =	 {Shu-Shen Liu and Jin Zhang and Ya-Hui Zhang and
                  Li-Tang Qin},
  journal =	 {Acta Chimica Sinica},
  number =	 14,
  pages =	 {1511--1517},
  title =	 {{APTox}: Assessment and Prediction on Toxicity of
                  Chemical Mixtures},
  volume =	 70,
  year =	 2012,
  doi =		 {10.6023/a12050175},
}

@Manual{Ranke:2015,
  title =	 {drfit: Dose-Response Data Evaluation},
  author =	 {Johannes Ranke},
  year =	 2016,
  note =	 {R package version 0.6.7},
  url =		 {https://CRAN.R-project.org/package=drfit},
}

@Article{Ritz:2005,
  author =	 {Christian Ritz and Jens C. Streibig},
  journal =	 {Journal of Statistical Software},
  number =	 5,
  pages =	 {1--22},
  title =	 {Bioassay Analysis Using {R}},
  volume =	 12,
  year =	 2005,
  doi =		 {10.18637/jss.v012.i05},
}

@Article{Scholze:2001,
  author =	 {M Scholze and W Boedeker and M Faust and T Backhaus
                  and R Altenburger and L H Grimme},
  journal =	 {Environmental Toxicology and Chemistry},
  number =	 2,
  pages =	 {448--457},
  title =	 {A General Best-Fit Method for Concentration-Response
                  Curves and the Estimation of Low-Effect
                  Concentrations},
  volume =	 20,
  year =	 2001,
  doi =		 {10.1002/etc.5620200228},
}

@Article{Spiess:2010,
  author =	 {Andrej-Nikolai Spiess and Natalie Neumeyer},
  journal =	 {BMC Pharmacology},
  number =	 6,
  pages =	 11,
  title =	 {An Evaluation of {R$^2$} as an Inadequate Measure for
                  Nonlinear Models in Pharmacological and Biochemical
                  Research: A {M}onte {C}arlo Approach},
  volume =	 10,
  year =	 2010,
  doi =		 {10.1186/1471-2210-10-6},
}

@Article{Ning:2011,
  author =	 {Jian-Hui Ning and Kai-Tai Fang and Yong-Dao Zhou},
  journal =	 {Communications in Statistics -- Theory and Methods},
  number =	 10,
  pages =	 {1734--1742},
  title =	 {Uniform Design for Experiments with Mixtures},
  volume =	 40,
  year =	 2011,
  doi =		 {10.1080/03610921003637470},
}

@Book{Dybowski:2001,
  author =	 {Richard Dybowski and Vanya Gant},
  edition =	 {1st},
  pages =	 368,
  publisher =	 {Cambridge University Press},
  address =	 {Cambridge},
  title =	 {Clinical Applications of Artificial Neural Networks},
  chapter =	 13,
  year =	 2001,
  doi =		 {10.1017/cbo9780511543494},
}

@Article{Zhou:2013,
  author =	 {Yong-Dao Zhou and Kai-Tai Fang},
  journal =	 {Computational Statistics},
  number =	 3,
  pages =	 {1319--1331},
  title =	 {An Efficient Method for Constructing Uniform Designs
                  with Large Size},
  volume =	 28,
  year =	 2013,
  doi =		 {10.1007/s00180-012-0359-4},
}

@Manual{Zhu2016,
  title =	 {mixtox: Curve Fitting and Mixture Toxicity
                  Assessment},
  author =	 {Xiangwei Zhu},
  year =	 2016,
  note =	 {R package version 1.3.1},
  url =		 {https://CRAN.R-project.org/package=mixtox},
}

@Article{Zhu:2013,
  author =	 {Xiang-Wei Zhu and Shu-Shen Liu and Li-Tang Qin and
                  Fu Chen and Hai-Ling Liu},
  journal =	 {Ecotoxicology and Environmental Safety},
  pages =	 {130--136},
  title =	 {Modeling Non-Monotonic Doseâ€“response Relationships:
                  Model Evaluation and Hormetic Quantities
                  Exploration},
  volume =	 89,
  year =	 2013,
  doi =		 {10.1016/j.ecoenv.2012.11.022},
}

@Article{Howard:2009,
  author =	 {Gregory J Howard and Thomas F Webster},
  journal =	 {Journal of Theoretical Biology},
  number =	 3,
  pages =	 {469--477},
  title =	 {Generalized Concentration Addition: A Method for
                  Examining Mixtures Containing Partial Agonists},
  volume =	 259,
  year =	 2009,
  doi =		 {10.1016/j.jtbi.2009.03.030},
}

@Article{Howard:2010,
  author =	 {Gregory J Howard and Jennifer J Schlezinger and Mark
                  E Hahn and Thomas F Webster},
  journal =	 {Environmental Health Perspectives},
  number =	 5,
  pages =	 {666--672},
  title =	 {{Generalized Concentration Addition Predicts Joint
                  Effects of Aryl Hydrocarbon Receptor Agonists with
                  Partial Agonists and Competitive Antagonists}},
  volume =	 118,
  year =	 2010,
  doi =		 {10.1289/ehp.0901312},
}

@Book{Huet:2004,
  author =	 {Sylvie Huet and Anne Bouvier and Marie-Anne Poursat
                  and Emmanuel Jolivet},
  title =	 {Statistical Tools for Nonlinear Regression: A
                  Practical Guide with S-PLUS and R Examples},
  publisher =	 {Springer-Verlag},
  year =	 2004,
  doi =		 {10.1007/978-1-4757-2523-0},
}

@Article{Ritz:2014,
  author =	 {Christian Ritz and Jens C Streibig},
  journal =	 {Synergy},
  number =	 1,
  pages =	 {22--29},
  title =	 {{From Additivity to Synergism -- A Modelling
                  Perspective}},
  volume =	 1,
  year =	 2014,
  doi =		 {10.1016/j.synres.2014.07.010},
}

@Article{Liao:2003,
  author =	 {J G Liao and Dan McGee},
  journal =	 {The American Statistician},
  number =	 3,
  pages =	 {161--165},
  title =	 {Adjusted Coefficients of Determination for Logistic
                  Regression},
  volume =	 57,
  year =	 2003,
  doi =		 {10.1198/0003130031964},
}

@Article{Kavlock:2012,
  author =	 {Robert Kavlock and Kelly Chandler and Keith Houck
                  and Sid Hunter and Richard Judson and Nicole
                  Kleinstreuer and Thomas Knudsen and Matt Martin and
                  Stephanie Padilla and David Reif and Ann Richard and
                  Daniel Rotroff and Nisha Sipes and David Dix},
  journal =	 {Chemical Research in Toxicology},
  number =	 7,
  pages =	 {1287--1302},
  title =	 {Update on {EPA}'s {ToxCast} Program: Providing High
                  Throughput Decision Support Tools for Chemical Risk
                  Management},
  volume =	 25,
  year =	 2012,
  doi =		 {10.1021/tx3000939},
}

@Article{Dunnett:1964,
  author =	 {C W Dunnett},
  journal =	 {Biometrics},
  number =	 3,
  pages =	 {482--491},
  title =	 {New Tables for Multiple Comparisons with a
                  Control},
  volume =	 30,
  year =	 1964,
  doi =		 {10.2307/2528490},
}

@Article{Dette:2010,
  author =	 {Holger Dette and Andrey Pepelyshev},
  journal =	 {Technometrics},
  number =	 4,
  pages =	 {421--429},
  title =	 {Generalized Latin Hypercube Design for Computer
                  Experiments},
  volume =	 52,
  year =	 2010,
  doi =		 {10.1198/tech.2010.09157},
}

