@article {HsiaoPanelData,
  author =	 {Hsiao, Cheng and Steve Ching, H. and Ki Wan, Shui},
  title =	 {A Panel Data Approach for Program Evaluation:
                  Measuring the Benefits of Political and Economic
                  Integration of {H}ong {K}ong with {M}ainland {C}hina},
  journal =	 {Journal of Applied Econometrics},
  volume =	 27,
  number =	 5,
  doi =		 {10.1002/jae.1230},
  pages =	 {705--740},
  year =	 2012,
}

@article{AbadieGardeazabal03,
  Author =	 {Alberto Abadie and Javier Gardeazabal},
  Journal =	 {American Economic Review},
  Month =	 mar,
  volume =	 93,
  Number =	 1,
  Pages =	 {113--132},
  Title =	 {The Economic Costs of Conflict: A Case Study of the
                  {B}asque Country},
  Year =	 2003,
}

@article{AbadieDiamondTobacco,
  Author =	 "Abadie, A. and Diamond, A. and Hainmueller, J.",
  Title =	 "Control Methods for Comparative Case Studies:
                  Estimating the Effect of {C}alifornia's Tobacco
                  Control Program",
  Pages =	 {493--505},
  Number =	 490,
  volume =	 105,
  Year =	 2010,
  Journal =	 {Journal of the American Statistical Association}
}

@article{RubinCausalModel,
  author =	 {Rubin, Donald B.},
  journal =	 {Journal of Educational Psychology},
  title =	 {Estimating Causal Effects of Treatments in
                  Randomized and Nonrandomized Studies},
  volume =	 66,
  number =	 5,
  pages =	 {688--701},
  year =	 1974
}

@Manual{leaps,
  title =	 {leaps: Regression Subset Selection},
  author =	 {Thomas Lumley},
  year =	 2014,
  note =	 {R~package version~2.9},
  url =		 {https://CRAN.R-project.org/package=leaps},
}

@article{AbadieGermany,
  author =	 {Alberto Abadie and Alexis Diamond and Jens
                  Hainmueller},
  title =	 {Comparative Politics and the Synthetic Control
                  Method},
  volume =	 59,
  number =	 2,
  pages =	 {495--510},
  year =	 {2015},
  journal =	 {American Journal of Political Science}
}

@Manual{xtable,
  title =	 {xtable: Export Tables to LaTeX or HTML},
  author =	 {David B. Dahl},
  year =	 2014,
  note =	 {R~package version~1.7-3},
  url =		 {https://CRAN.R-project.org/package=xtable},
}







