@Article{PDB2000,
  author = {Helen M. Berman and John Westbrook and Zukang Feng and Gary Gilliland and T. N. Bhat and Helge Weissig and Ilya N. Shindyalov and Philip E. Bourne},
  title = {{The} {Protein} {Data} {Bank}},
  journal = {Nucleic Acids Research},
  volume = {28},
  number = {1},
  pages = {235},
  year = {2000},
}

@Article{eichenberger_gromos++_2011,
  title = {{GROMOS}++ {Software} for the {Analysis} of {Biomolecular} {Simulation} {Trajectories}},
  volume = {7},
  issn = {1549-9618},
  number = {10},
  journal = {Journal of Chemical Theory and Computation},
  author = {Andreas P. Eichenberger and Jane R. Allison and Jožica Dolenc and Daan P. Geerke and Bruno A. C. Horta and Katharina Meier and Chris Oostenbrink and Nathan Schmid and Denise Steiner and Dongqi Wang and Wilfred F. {van Gunsteren}},
  year = {2011},
  pages = {3379--3390},
  url = {https://doi.org/10.1021/ct2003622},
}

@Article{grant_bio3d_2006,
  title = {Bio3d: An {R} Package for the Comparative Analysis of Protein Structures},
  volume = {22},
  issn = {1367-4803, 1460-2059},
  shorttitle = {Bio3d},
  number = {21},
  journal = {Bioinformatics},
  author = {Barry J. Grant and Ana P. C. Rodrigues and Karim M. ElSawy and J. Andrew McCammon and Leo S. D. Caves},
  year = {2006},
  pmid = {16940322},
  pages = {2695--2696},
}

@Article{sundermann_vienna_2015,
  title = {Vienna {Soil}-{Organic}-{Matter} {Modeler}—{Generating} Condensed-Phase Models of Humic Substances},
  volume = {62},
  issn = {1093-3263},
  journal = {Journal of Molecular Graphics and Modelling},
  author = {Axel Sündermann and Roland Solc and Daniel Tunega and Georg Haberhauer and Martin H. Gerzabek and Chris Oostenbrink},
  year = {2015},
  pages = {253--261},
  url = {https://doi.org/10.1016/j.jmgm.2015.10.007},
}

@Article{van_gunsteren_biomolecular_2006,
  title = {Biomolecular {Modeling}: {Goals}, {Problems}, {Perspectives}},
  volume = {45},
  issn = {1521-3773},
  shorttitle = {Biomolecular {Modeling}},
  number = {25},
  journal = {Angewandte Chemie International Edition},
  author = {Wilfred F. {van Gunsteren} and Dirk Bakowies and Riccardo Baron and Indira Chandrasekhar and Markus Christen and Xavier Daura and Peter Gee and Daan P. Geerke and Alice Glättli and Philippe H. Hünenberger and Mika A. Kastenholz and Chris Oostenbrink and Merijn Schenk and Daniel Trzesniak and Nico F. A. {van der Vegt} and Haibo B. Yu},
  year = {2006},
  pages = {4064--4092},
  url = {https://doi.org/10.1002/anie.200502655},
}

@Article{christ_accuracy_2014,
  title = {Accuracy {Assessment} and {Automation} of {Free} {Energy} {Calculations} for {Drug} {Design}},
  volume = {54},
  issn = {1549-9596},
  number = {1},
  journal = {Journal of Chemical Information and Modeling},
  author = {Clara D. Christ and Thomas Fox},
  year = {2014},
  pages = {108--120},
  url = {https://doi.org/10.1021/ci4004199},
}

@Article{schmid_architecture_2012,
  title = {Architecture, Implementation and Parallelisation of the {GROMOS} Software for Biomolecular Simulation},
  volume = {183},
  issn = {0010-4655},
  number = {4},
  journal = {Computer Physics Communications},
  author = {Nathan Schmid and Clara D. Christ and Markus Christen and Andreas P. Eichenberger and Wilfred F. {van Gunsteren}},
  year = {2012},
  pages = {890--903},
  url = {https://doi.org/10.1016/j.cpc.2011.12.014},
}

@Article{pronk_gromacs_2013,
  title = {{GROMACS} 4.5: a High-Throughput and Highly Parallel Open Source Molecular Simulation Toolkit},
  volume = {29},
  issn = {1367-4803, 1460-2059},
  number = {7},
  journal = {Bioinformatics},
  author = {Sander Pronk and Szilárd Páll and Roland Schulz and Per Larsson and Pär Bjelkmar and Rossen Apostolov and Michael R. Shirts and Jeremy C. Smith and Peter M. Kasson and David {van der Spoel} and Berk Hess and Erik Lindahl},
  year = {2013},
  pmid = {23407358},
  pages = {845--854},
}

@Article{phillips_scalable_2005,
  title = {Scalable Molecular Dynamics with {NAMD}},
  volume = {26},
  issn = {1096-987X},
  number = {16},
  journal = {Journal of Computational Chemistry},
  author = {James C. Phillips and Rosemary Braun and Wei Wang and James Gumbart and Emad Tajkhorshid and Elizabeth Villa and Christophe Chipot and Robert D. Skeel and Laxmikant Kalé and Klaus Schulten},
  year = {2005},
  pages = {1781--1802},
  url = {https://doi.org/10.1002/jcc.20289},
}

@Article{kabsch_dictionary_1983,
  title = {Dictionary of Protein Secondary Structure: {Pattern} Recognition of Hydrogen-Bonded and Geometrical Features},
  volume = {22},
  issn = {1097-0282},
  number = {12},
  journal = {Biopolymers},
  author = {Wolfgang Kabsch and Christian Sander},
  year = {1983},
  pages = {2577--2637},
  url = {https://doi.org/10.1002/bip.360221211},
}

@Article{cornell_second_1995,
  title = {A {Second} {Generation} {Force} {Field} for the {Simulation} of {Proteins}, {Nucleic} {Acids}, and {Organic} {Molecules}},
  volume = {117},
  issn = {0002-7863},
  number = {19},
  journal = {Journal of the American Chemical Society},
  author = {Wendy D. Cornell and Piotr Cieplak and Christopher I. Bayly and Ian R. Gould and Kenneth M. Merz and David M. Ferguson and David C. Spellmeyer and Thomas Fox and James W. Caldwell and Peter A. Kollman},
  year = {1995},
  pages = {5179--5197},
  url = {https://doi.org/10.1021/ja00124a002},
}

@Article{brooks_charmm_2009,
  title = {{CHARMM}: {The} {Biomolecular} {Simulation} {Program}},
  volume = {30},
  issn = {0192-8651},
  number = {10},
  journal = {Journal of Computational Chemistry},
  author = {B. R. Brooks and C. L. Brooks and A. D. MacKerell and L. Nilsson and R. J. Petrella and B. Roux and Y. Won and G. Archontis and C. Bartels and S. Boresch and A. Caflisch and L. Caves and Q. Cui and A. R. Dinner and M. Feig and S. Fischer and J. Gao and M. Hodoscek and W. Im and K. Kuczera and T. Lazaridis and J. Ma and V. Ovchinnikov and E. Paci and R. W. Pastor and C. B. Post and J. Z. Pu and M. Schaefer and B. Tidor and R. M. Venable and H. L. Woodcock and X. Wu and W. Yang and D. M. York and M. Karplus},
  year = {2009},
  pmid = {19444816},
  pmcid = {PMC2810661},
  pages = {1545--1614},
  url = {https://doi.org/10.1002/jcc.21287},
}

@Article{kirkwood_statistical_1935,
  title = {Statistical Mechanics of Fluid Mixtures},
  journal = {Journal of Chemical Physics},
  author = {J. G. Kirkwood},
  year = {1935},
  pages = {300--313},
}

@Article{nagy_dihedral-based_2014,
  title = {Dihedral-Based Segment Identification and Classification of Biopolymers {I}: Proteins},
  volume = {54},
  issn = {1549-960X},
  number = {1},
  journal = {Journal of Chemical Information and Modeling},
  author = {Gabor Nagy and Chris Oostenbrink},
  year = {2014},
  pmid = {24364820},
  pmcid = {PMC3904766},
  pages = {266--277},
  url = {https://doi.org/10.1021/ci400541d},
}

@Article{Nagy2014,
  year = {2014},
  volume = {54},
  number = {1},
  pages = {278--288},
  author = {Gabor Nagy and Chris Oostenbrink},
  title = {{Dihedral-Based} {Segment} {Identification} and {Classification} of {Biopolymers} {II}: {Polynucleotides}},
  journal = {Journal of Chemical Information and Modeling},
  url = {https://doi.org/10.1021/ci400542n},
}

@Article{ramachandran_stereochemistry_1963,
  title = {Stereochemistry of Polypeptide Chain Configurations},
  volume = {7},
  issn = {0022-2836},
  language = {eng},
  journal = {Journal of Molecular Biology},
  author = {G. N. Ramachandran and C. Ramakrishnan and V. Sasisekharan},
  year = {1963},
  pmid = {13990617},
  pages = {95--99},
}

@Article{McGibbon2015MDTraj,
  title = {{MDTraj}: {A} {Modern} {Open} {Library} for the {Analysis} of {Molecular} {Dynamics} {Trajectories}},
  author = {Robert T. McGibbon and Kyle A. Beauchamp and Matthew P. Harrigan and Christoph Klein and Jason M. Swails and Carlos X. Hern{\'a}ndez and Christian R. Schwantes and Lee-Ping Wang and Thomas J. Lane and Vijay S. Pande},
  journal = {Biophysical Journal},
  volume = {109},
  number = {8},
  pages = {1528 -- 1532},
  year = {2015},
  url = {https://doi.org/10.1016/j.bpj.2015.08.015},
}

@Article{Skjrven2014,
  year = {2014},
  publisher = {Springer-Verlag},
  volume = {15},
  number = {1},
  author = {Lars Skj{\ae}rven and Xin-Qiu Yao and Guido Scarabelli and Barry J Grant},
  title = {Integrating Protein Structural Dynamics and Evolutionary Analysis with {Bio3D}},
  journal = {{BMC} Bioinformatics},
  url = {https://doi.org/10.1186/s12859-014-0399-6},
}

@Article{Margreitter2016,
  year = {2016},
  volume = {56},
  number = {9},
  pages = {1823--1834},
  author = {Christian Margreitter and Chris Oostenbrink},
  title = {{Optimization} of {Protein} {Backbone} {Dihedral} {Angles} by {Means} of {Hamiltonian} {Reweighting}},
  journal = {Journal of Chemical Information and Modeling},
  url = {https://doi.org/10.1021/acs.jcim.6b00399},
}

@Article{Comoglio2012,
  author = {Federico Comoglio and Maurizio Rinaldi},
  title = {Rknots: Topological Analysis of Knotted Biopolymers with {R}},
  journal = {Bioinformatics},
  volume = {28},
  number = {10},
  pages = {1400},
  year = {2012},
}

@article{Nagy2014,
  doi = {10.1021/ci400542n},
  year  = {2014},
  month = {jan},
  volume = {54},
  number = {1},
  pages = {278--288},
  author = {Gabor Nagy and Chris Oostenbrink},
  title = {{Dihedral-Based} {Segment} {Identification} and {Classification} of {Biopolymers} {II}: {Polynucleotides}},
  journal = {Journal of Chemical Information and Modeling}
}
