@Article{JMLR:v17:15-066,
  author = {Bernd Bischl and Michel Lang and Lars Kotthoff and Julia Schiffner and Jakob Richter and Erich Studerus and Giuseppe Casalicchio and Zachary M. Jones},
  title = {{mlr}: Machine Learning in {R}},
  journal = {Journal of Machine Learning Research},
  year = {2016},
  volume = {17},
  number = {170},
  pages = {1-5},
  url = {http://jmlr.org/papers/v17/15-066.html},
}

@Manual{R,
  title = {R: A Language and Environment for Statistical   Computing},
  author = {{R Core Team}},
  organization = {R Foundation for Statistical Computing},
  address = {Vienna, Austria},
  year = {2012},
  note = {{ISBN} 3-900051-07-0},
  url = {http://www.R-project.org/},
}

@Article{anderson1936species,
  title = {The Species Problem in Iris},
  author = {Edgar Anderson},
  journal = {Annals of the Missouri Botanical Garden},
  volume = {23},
  number = {3},
  pages = {457--509},
  year = {1936},
  publisher = {JSTOR},
}

@Article{friedman2001greedy,
  title = {Greedy Function Approximation: a Gradient Boosting   Machine},
  author = {Jerome H Friedman},
  journal = {Annals of Statistics},
  pages = {1189--1232},
  year = {2001},
  publisher = {JSTOR},
}

@Article{goldstein2015peeking,
  title = {Peeking inside the Black Box: Visualizing   Statistical Learning with Plots of Individual   Conditional Expectation},
  author = {Alex Goldstein and Adam Kapelner and Justin Bleich and Emil Pitkin},
  journal = {Journal of Computational and Graphical Statistics},
  volume = {24},
  number = {1},
  pages = {44--65},
  year = {2015},
  publisher = {Taylor \& Francis},
}

@InProceedings{hooker2004diagnosing,
  title = {Diagnosing Extrapolation: Tree-Based Density   Estimation},
  author = {Giles Hooker},
  booktitle = {Proceedings of the Tenth ACM SIGKDD International   Conference on Knowledge Discovery and Data Mining},
  pages = {569--574},
  year = {2004},
  organization = {ACM},
}

@InProceedings{hooker2004discovering,
  title = {Discovering Additive Structure in Black Box   Functions},
  author = {Giles Hooker},
  booktitle = {Proceedings of the Tenth ACM SIGKDD International   Conference on Knowledge Discovery and Data Mining},
  pages = {575--580},
  year = {2004},
  organization = {ACM},
}

@Article{hooker2012generalized,
  title = {Generalized Functional Anova Diagnostics for   High-Dimensional Functions of Dependent Variables},
  author = {Giles Hooker},
  journal = {Journal of Computational and Graphical Statistics},
  year = {2012},
  publisher = {Taylor \& Francis},
}

@Article{ihaka:1996,
  author = {Ross Ihaka and Robert Gentleman},
  journal = {Journal of Computational and Graphical Statistics},
  number = {3},
  pages = {299--314},
  title = {R: A Language for Data Analysis and Graphics},
  volume = {5},
  year = {1996},
}

@Article{jones2016,
  year = {2016},
  publisher = {The Open Journal},
  volume = {1},
  number = {6},
  author = {Zachary M. Jones and Fridolin J. Linder},
  title = {edarf: Exploratory Data Analysis Using Random   Forests},
  journal = {The Journal of Open Source Software},
  url = {https://doi.org/10.21105/joss.00092},
}
