@Manual{stringr,
  title =	 {stringr: Make It Easier To Work With Strings},
  author =	 {Hadley Wickham},
  year =	 2012,
  note =	 {R package version 0.6.2},
  url =		 {http://CRAN.R-project.org/package=stringr},
}

@Manual{tm,
  title =	 {tm: Text Mining Package},
  author =	 {Ingo Feinerer and Kurt Hornik},
  year =	 2014,
  note =	 {R package version 0.6},
  url =		 {http://CRAN.R-project.org/package=tm},
}

@Article{tm2,
  title =	 {Text Mining Infrastructure in {R}},
  author =	 {Ingo Feinerer and Kurt Hornik and David Meyer},
  year =	 {2008},
  journal =	 {Journal of Statistical Software},
  volume =	 {25},
  number =	 {5},
  pages =	 {1--54},
  url =		 {http://www.jstatsoft.org/v25/i05/},
  month =	 mar,
}

@Manual{dplyr,
  title =	 {dplyr: A Grammar of Data Manipulation},
  author =	 {Hadley Wickham and Romain Francois},
  year =	 2014,
  note =	 {R package version 0.3.0.2},
  url =		 {http://CRAN.R-project.org/package=dplyr},
}

@Manual{RCurl,
  title =	 {RCurl: General Network (HTTP/FTP/...) Client
                  Interface for R},
  author =	 {Duncan Temple Lang},
  year =	 2014,
  note =	 {R package version 1.95-4.3},
  url =		 {http://CRAN.R-project.org/package=RCurl},
}

@Manual{jsonlite,
  title =	 {jsonlite: A Smarter JSON Encoder/Decoder For R},
  author =	 {Jeroen Ooms and Duncan Temple Lang and Jonathan
                  Wallace},
  year =	 2014,
  note =	 {R package version 0.9.10},
  url =		 {http://CRAN.R-project.org/package=jsonlite},
}

@Manual{datatable,
  title =	 {data.table: Extension of data.frame},
  author =	 {M Dowle and T Short and S Lianoglou and A
                  Srinivasan},
  year =	 2014,
  note =	 {R package version 1.9.2, with contributions from R.
                  Saporta and E. Antonyan},
  url =		 {http://CRAN.R-project.org/package=data.table},
}

@Manual{qdap,
  title =	 {qdap: {Q}uantitative Discourse Analysis Package},
  author =	 {Tyler W. Rinker},
  organization = {University at Buffalo/SUNY},
  address =	 {Buffalo, New York},
  note =	 {Version 2.2.1},
  year =	 2013,
  url =		 {http://github.com/trinker/qdap},
}

@Manual{babynames,
  title =	 {babynames: US Baby Names 1880--2013},
  author =	 {Hadley Wickham},
  note =	 {R package version 0.1},
  url =		 {http://github.com/hadley/babynames},
  year =	 2014,
}

@Manual{genderizer,
  title =	 {genderizeR: Gender Prediction Based on First Names},
  author =	 {Kamil Wais},
  year =	 2016,
  note =	 {R package version 2.0.0},
  url =		 {http://CRAN.R-project.org/package=genderizeR},
}

@Manual{gender,
  title =	 {gender: Predict Gender From Names Using Historical
                  Data},
  author =	 {Lincoln Mullen},
  year =	 2014,
  url =		 {https://github.com/ropensci/gender},
}

@Manual{sortinghat,
  title =	 {sortinghat},
  author =	 {John A. Ramey},
  year =	 2013,
  note =	 {R package version 0.1},
  url =		 {http://CRAN.R-project.org/package=sortinghat},
}

@Manual{verification,
  title =	 {verification: Weather Forecast Verification
                  Utilities.},
  author =	 {{NCAR -- Research Applications Laboratory}},
  year =	 2014,
  note =	 {R package version 1.41},
  url =		 {http://CRAN.R-project.org/package=verification},
}

@Article{ROCR,
  entry =	 {article},
  title =	 {{ROCR}: Visualizing Classifier Performance in {R}},
  author =	 {T. Sing and O. Sander and N. Beerenwinkel and
                  T. Lengauer},
  year =	 2005,
  journal =	 {Bioinformatics},
  volume =	 21,
  number =	 20,
  pages =	 {3940--3941},
  url =		 {http://rocr.bioinf.mpi-sb.mpg.de},
}

@TechReport{ROC,
  entry =	 {report},
  title =	 {{ROC} Graphs: Notes and Practical Considerations for
                  Data Mining Researchers},
  author =	 {Tom Fawcett},
  year =	 2003,
  institution =	 {Intelligent Enterprise Technologies
                  Laboratory. Hawlett-Packard Laboratories},
  address =	 {Palo Alto, CA, USA},
}

@Article{nature,
  title =	 {Supplementary Information to ``{B}ibliometrics:
                  {G}lobal Gender Disparities in Science'' ({C}omment
                  in {N}ature 504, 211--213; 2013)},
  author =	 {Vincent Larivi{\` e}re and Chaoqun Ni and Yves
                  Gingras and Blaise Cronin and Cassidy R. Sugimoto},
  year =	 2013,
  month =	 12,
  journal =	 {Nature},
  volume =	 504,
}

@Article{nature_original,
  title =	 {Bibliometrics: Global Gender Disparities in Science},
  author =	 {Vincent Larivi{\` e}re and Chaoqun Ni and Yves
                  Gingras and Blaise Cronin and Cassidy R. Sugimoto},
  year =	 2013,
  month =	 12,
  journal =	 {Nature},
  pages =	 {211â€“213},
  doi =		 {10.1038/504211a},
  volume =	 504,
}

@Article{plos,
  title =	 {The Role of Gender in Scholarly Authorship},
  author =	 {Jevin D. West and Jennifer Jacquet and Molly M. King
                  and Shelley J. Correll and Carl T. Bergstrom},
  year =	 2013,
  month =	 7,
  journal =	 {PLOS ONE},
  volume =	 8,
}

@article{dot632plus,
  author =	 {Bradley Efron and Robert Tibshirani},
  journal =	 {Journal of the American Statistical Association},
  month =	 jun,
  number =	 438,
  title =	 {Improvements on Cross-Validation: The .632 Bootstrap
                  Method},
  volume =	 92,
  year =	 1997
}

@article{apparent,
  author =	 {Bradley Efron},
  doi =		 {10.2307/2289236},
  journal =	 {Journal of the American Statistical Association},
  number =	 394,
  pages =	 {461--470},
  publisher =	 {American Statistical Association},
  title =	 {How Biased is the Apparent Error Rate of a
                  Prediction Rule?},
  volume =	 81,
  year =	 1986
}

@article{loo,
  author =	 {Wenyu Jiang and Richard Simon},
  day =		 20,
  doi =		 {10.1002/sim.2968},
  journal =	 {Statistics in Medicine},
  month =	 dec,
  number =	 29,
  pages =	 {5320--5334},
  pmid =	 17624926,
  title =	 {A Comparison of Bootstrap Methods And An Adjusted
                  Bootstrap Approach For Estimating The Prediction
                  Error in Microarray Classification},
  volume =	 26,
  year =	 2007
}

@article{loo_efron,
  author =	 {Bradley Efron},
  doi =		 {10.2307/2288636},
  journal =	 {Journal of the American Statistical Association},
  number =	 382,
  pages =	 {316--331},
  publisher =	 {American Statistical Association},
  title =	 {Estimating the Error Rate of a Prediction Rule:
                  Improvement on Cross-Validation},
  volume =	 78,
  year =	 1983
}

@article{brier,
  author =	 {Brier, G. W.},
  doi =		 {10.1175/1520-0493(1950)078},
  journal =	 {Monthly Weather Review},
  number =	 1,
  pages =	 {1--3},
  title =	 {Verification of Forecasts Expressed in Terms of
                  Probability},
  volume =	 78,
  year =	 1950
}

@article{cameron1,
  author =	 {Cameron Blevins and Lincoln Mullen},
  journal =	 {Digital Humanities Quarterly},
  title =	 {Jane, {J}ohn ... {L}eslie? {A} Historical Method for
                  Algorithmic Gender Prediction},
  volume =	 9,
  year =	 2015,
  url =
                  {http://www.digitalhumanities.org/dhq/vol/9/3/000223/000223.html},
}

@webpage{store.genderize.io,
    title = {store.genderize.io},
    author = {Casper Str\o{}mgren},
    year = {2015},
    url = {https://store.genderize.io},
  urldate = {2015-02-24}

}

@webpage{genderize.io,
    title = {genderize.io},
    author = {Casper Str\o{}mgren},
    year = {2015},
    url = {http://genderize.io},
  urldate = {2015-02-24}

}

@webpage{WOS,
  title = {{Web of Science}},
  publisher = {Thomson Reuters},
  year = {2014},
  url = {http://apps.webofknowledge.com},
}

@webpage{census1990,
  title = {Frequently Occurring Surnames from {C}ensus 1990 -- {N}ames Files},
  author = {{United States Census Bureau}},
  year = {2015},
  url = {http://www.census.gov/topics/population/genealogy/data/1990_census/1990_census_namefiles.html},
  urldate = {2015-01-18}
}

@webpage{census2000,
  title = {Frequently Occurring Surnames from the {C}ensus 2000},
  author = {{United States Census Bureau}},
  year = {2015},
  url = {http://www.census.gov/topics/population/genealogy/data/2000_surnames.html},
  urldate = {2015-01-18}
}

@webpage{ssa,
  title = {Official Social Security Website},
  author = {{Social Security Administration}},
  year = {2015},
  url = {http://www.ssa.gov/oact/babynames/limits.html},
  urldate = {2015-01-18}
}


 
@book{dplyr0,
author = {H.~{Wickham and R.~Francois}},
title = {{dplyr: A Grammar of Data Manipulation, }},
publisher = {R package version 0.3.0.2},
year = {2014},
url = {http://CRAN.R-project.org/package=dplyr}
}




