@Manual{R,
  title = {R: A Language and Environment for Statistical Computing},
  author = {{R Core Team}},
  organization = {R Foundation for Statistical Computing},
  address = {Vienna, Austria},
  year = {2016},
  note = {{ISBN} 3-900051-07-0},
  url = {https://www.R-project.org/},
}

@Article{ihaka:1996,
  author = {Ross Ihaka and Robert Gentleman},
  journal = {Journal of Computational and Graphical Statistics},
  number = {3},
  pages = {299--314},
  title = {R: A Language for Data Analysis and Graphics},
  volume = {5},
  year = {1996},
  url = {https://doi.org/10.1080/10618600.1996.10474713},
}

@Article{switchrPackage,
  title = {Enhancing Reproducibility and Collaboration via Management of {R} Package Cohorts},
  author = {Gabriel Becker and Cory Barr and Robert Gentleman and Michael Lawrence},
  journal = {Journal of Statistical Software},
  year = {2017},
  volume = {82},
  number = {1},
  pages = {1--17},
  url = {https://doi.org/10.18637/jss.v082.i01},
}

@Manual{packratPackage,
  title = {Packrat: A Dependency Management System for Projects and Their R Package Dependencies},
  author = {Kevin Ushey and Jonathan McPherson and Joe Cheng and Aron Atkins and JJ Allaire},
  year = {2016},
  note = {R package version 0.4.8-1},
  url = {https://CRAN.R-project.org/package=packrat},
}

@Manual{lerner2014collecting,
title = {{RDataTracker}: Collecting Provenance in an Interactive Scripting Environment},
author = {Barbara Lerner and Emery Boose},
year = {2014},
url = {https://www.usenix.org/system/files/conference/tapp2014/tapp14_paper_lerner.pdf}
}
@Manual{rstudio,
  title = {RStudio: Integrated Development Environment for R},
  author = {{RStudio Team}},
  organization = {RStudio, Inc.},
  address = {Boston, MA},
  year = {2016},
  url = {http://www.rstudio.com/},
}

@Article{biocPackage,
  author = {{Huber} and {W.} and {Carey} and V. J. and {Gentleman} and {R.} and {Anders} and {S.} and {Carlson} and {M.} and {Carvalho} and B. S. and {Bravo} and H. C. and {Davis} and {S.} and {Gatto} and {L.} and {Girke} and {T.} and {Gottardo} and {R.} and {Hahne} and {F.} and {Hansen} and K. D. and {Irizarry} and R. A. and {Lawrence} and {M.} and {Love} and M. I. and {MacDonald} and {J.} and {Obenchain} and {V.} and {Ole's} and A. K. and {Pag`es} and {H.} and {Reyes} and {A.} and {Shannon} and {P.} and {Smyth} and G. K. and {Tenenbaum} and {D.} and {Waldron} and {L.} and {Morgan} and {M.}},
  title = {{O}rchestrating High-Throughput Genomic Analysis with {B}ioconductor},
  journal = {Nature Methods},
  year = {2015},
  volume = {12},
  number = {2},
  pages = {115--121},
  url = {https://doi.org/10.1038/nmeth.3252},
}

@Article{carroll2017science,
  title = {Science Needs a Solution for the Temptation of Positive Results. The Upshot},
  author = {AE Carroll},
  journal = {New York Times, May},
  volume = {29},
  year = {2017},
  url = {https://doi.org/10.3886/icpsr09104},
}

@Article{wilkinson2016fair,
  title = {The FAIR Guiding Principles for Scientific Data Management and Stewardship},
  author = {Mark D Wilkinson and Michel Dumontier and IJsbrand Jan Aalbersberg and Gabrielle Appleton and Myles Axton and Arie Baak and Niklas Blomberg and Jan-Willem Boiten and Luiz Bonino {da Silva Santos} and Philip E Bourne and {others}},
  journal = {Scientific data},
  volume = {3},
  pages = {160018},
  year = {2016},
  publisher = {Nature Publishing Group},
  url = {https://doi.org/10.1038/sdata.2016.18},
}

@Article{resnik2015authorship,
  title = {Authorship Policies of Scientific Journals},
  author = {David B Resnik and Ana M Tyler and Jennifer R Black and Grace Kissling},
  journal = {Journal of medical ethics},
  pages = {medethics--2015},
  year = {2015},
  publisher = {Institute of Medical Ethics},
  url = {https://doi.org/10.1136/medethics-2015-103171},
}

@Misc{authorshipGuidelines,
  author = {ICMJE {International Committee of Medical Journal Editors}},
  year = {2016},
  title = {Defining the Role of Authors and Contributors},
  howpublished = {\url{http://www.icmje.org/recommendations/browse/roles-and-responsibilities/defining-the-role-of-authors-and-contributors.html}},
  note = {Accessed: 2017-12-30},
}

@Misc{ethicalGuidelines,
  author = {ASA {American Statistical Association}},
  year = {2016},
  title = {{ASA Ethical Guidelines} Ethical Guidelines for Statistical Practice},
  howpublished = {\url{http://www.amstat.org/asa/files/pdfs/EthicalGuidelines.pdf}},
  note = {Accessed: 2017-11-20},
}

@Article{archivistPackage,
  title = {{archivist}: An {R} Package for Managing, Recording and Restoring Data Analysis Results},
  author = {Przemyslaw Biecek and Marcin Kosinski},
  journal = {Journal of Statistical Software},
  year = {2017},
  volume = {82},
  number = {11},
  pages = {1--28},
  url = {https://doi.org/10.18637/jss.v082.i11},
}

@Manual{rmarkdownPackage,
  title = {Rmarkdown: Dynamic Documents for R},
  author = {JJ Allaire and Joe Cheng and Yihui Xie and Jonathan McPherson and Winston Chang and Jeff Allen and Hadley Wickham and Aron Atkins and Rob Hyndman and Ruben Arslan},
  year = {2017},
  note = {R package version 1.6},
  url = {https://CRAN.R-project.org/package=rmarkdown},
}

@Manual{Rsystem,
  title = {R: A Language and Environment for Statistical   Computing},
  author = {{R Core Team}},
  organization = {R Foundation for Statistical Computing},
  address = {Vienna, Austria},
  year = {2017},
  url = {https://www.R-project.org},
}

@Manual{Rsystem,
  title = {Python Language Reference},
  author = {{Python Software Foundation.}},
  organization = {R Foundation for Statistical Computing},
  address = {Vienna, Austria},
  year = {2017},
  url = {http://www.python.org},
}

@Manual{git2rPackage,
  author = {Stefan Widgren and {others}},
  title = {{git2r}: Provides Access to Git Repositories},
  year = {2017},
  note = {R package version 0.19.0},
  url = {https://CRAN.R-project.org/package=git2r},
}

@Article{becker1988new,
  title = {The New S Language},
  author = {Richard A Becker and John M Chambers and Allan R Wilks},
  journal = {Pacific Grove, Ca.: Wadsworth \& Brooks, 1988},
  year = {1988},
  url = {https://doi.org/10.2307/2531523},
}

@Manual{digestPackage,
  title = {Digest: Create Compact Hash Digests of R Objects},
  author = {Dirk Eddelbuettel and Antoine Lucas and Jarek Tuszynski and Henrik Bengtsson and Simon Urbanek and Mario Frasca and Bryan Lewis and Murray Stokely and Hannes Muehleisen and Duncan Murdoch and Jim Hester and Wush Wu and Qiang Kou and Thierry Onkelinx and Michel Lang and Viliam Simko.},
  year = {2017},
  note = {R package version 0.6.12},
  url = {https://CRAN.R-project.org/package=digest},
}

@Manual{shinyPackage,
  title = {Shiny: Web Application Framework for R},
  author = {Winston Chang and Joe Cheng and JJ Allaire and Yihui Xie and Jonathan McPherson},
  year = {2017},
  note = {R package version 1.0.5},
  url = {https://CRAN.R-project.org/package=shiny},
}

@Article{becker1988auditing,
  title = {Auditing of Data Analyses},
  author = {Richard A Becker and John M Chambers},
  journal = {SIAM Journal on Scientific and Statistical Computing},
  volume = {9},
  number = {4},
  pages = {747--760},
  year = {1988},
  publisher = {SIAM},
  url = {https://doi.org/10.1137/0909049},
}

@Book{becker2014dynamic,
  title = {Dynamic Documents for Data Analytic Science},
  author = {Gabriel Becker},
  year = {2014},
  publisher = {University of California, Davis},
}

@Manual{wickham1devtools,
  title = {Devtools: Tools to Make Developing R Packages Easier},
  author = {Hadley Wickham and Winston Chang},
  year = {2017},
  note = {R package version 1.13.3},
  url = {https://CRAN.R-project.org/package=devtools},
}

@Article{recordr,
  title = {Recordr: Provenance Tracking for R.},
  author = {Peter Slaughter and Christopher Jones and Matthew Jones and Lauren Palmer},
  year = {2015},
  journal = {URL https://github.com/NCEAS/recordr},
}

@Article{remake,
  title = {Remake: Make-like Declarative Workflows in R.},
  year = {2015},
  author = {Richard Fitzjohn and Daniel Falster and {Cornwell}},
  journal = {URL https://github.com/richfitz/remake},
}

@Article{gentleman2007statistical,
  title = {Statistical Analyses and Reproducible Research},
  author = {Robert Gentleman and Duncan {Temple Lang}},
  journal = {Journal of Computational and Graphical Statistics},
  volume = {16},
  number = {1},
  pages = {1--23},
  year = {2007},
  publisher = {Taylor \& Francis},
  url = {https://doi.org/10.1198/106186007x178663},
}

@Article{gavish2011universal,
  title = {A Universal Identifier for Computational Results},
  author = {Matan Gavish and David Donoho},
  journal = {Procedia Computer Science},
  volume = {4},
  pages = {637--647},
  year = {2011},
  publisher = {Elsevier},
  url = {https://doi.org/10.1016/j.procs.2011.04.067},
}

@Manual{R,
  title = {R: A Language and Environment for Statistical Computing},
  author = {{R Core Team}},
  organization = {R Foundation for Statistical Computing},
  address = {Vienna, Austria},
  year = {2012},
  note = {{ISBN} 3-900051-07-0},
  url = {http://www.R-project.org/},
}

@Article{ihaka:1996,
  author = {Ross Ihaka and Robert Gentleman},
  journal = {Journal of Computational and Graphical Statistics},
  number = {3},
  pages = {299--314},
  title = {R: A Language for Data Analysis and Graphics},
  volume = {5},
  year = {1996},
}

@Article{zeileis2005cran,
  title = {CRAN Task Views},
  author = {Achim Zeileis},
  journal = {R News},
  volume = {5},
  number = {1},
  pages = {39--40},
  year = {2005},
}

@Article{baumer2014r,
  title = {R Markdown: Integrating a Reproducible Analysis Tool into Introductory Statistics},
  author = {Ben Baumer and Mine Cetinkaya-Rundel and Andrew Bray and Linda Loi and Nicholas J Horton},
  journal = {arXiv preprint arXiv:1402.1894},
  year = {2014},
  url = {https://doi.org/10.1063/pt.5.028530},
}

@Book{xie2015dynamic,
  title = {Dynamic Documents with R and Knitr},
  author = {Yihui Xie},
  volume = {29},
  year = {2015},
  publisher = {CRC Press},
}

@Article{peng2008caching,
  title = {Caching and Distributing Statistical Analyses in R},
  author = {Roger D Peng},
  journal = {Journal of Statistical Software},
  year = {2008},
  publisher = {bepress},
  url = {https://doi.org/10.18637/jss.v026.i07},
}

@Article{liu2014r,
  title = {An R Package That Automatically Collects and Archives Details for Reproducible Computing},
  author = {Zhifa Liu and Stan Pounds},
  journal = {BMC bioinformatics},
  volume = {15},
  number = {1},
  pages = {1},
  year = {2014},
  publisher = {BioMed Central},
  url = {https://doi.org/10.1186/1471-2105-15-138},
}

@Article{davison2014sumatra,
  title = {Sumatra: a Toolkit for Reproducible Research},
  author = {A Davison and Michele Mattioni and Dmitry Samarkanov and B Teleczuk},
  journal = {Implementing reproducible research},
  pages = {57--79},
  year = {2014},
  publisher = {CRC Press},
  url = {https://doi.org/10.1201/b16868},
}

@InProceedings{chirigati2013reprozip,
  title = {Reprozip: Using Provenance to Support Computational Reproducibility},
  author = {Fernando Chirigati and Dennis Shasha and Juliana Freire},
  booktitle = {Presented as Part of the 5th USENIX Workshop on the Theory and Practice of Provenance},
  year = {2013},
}

@InProceedings{ragan2014jupyter,
  title = {The Jupyter/IPython Architecture: a Unified View of Computational Research, from Interactive Exploration to Communication and Publication.},
  author = {M Ragan-Kelley and F Perez and B Granger and T Kluyver and P Ivanov and J Frederic and M Bussonier},
  booktitle = {AGU Fall Meeting Abstracts},
  volume = {1},
  pages = {07},
  year = {2014},
}

@Article{wolstencroft2013taverna,
  title = {The Taverna Workflow Suite: Designing and Executing Workflows of Web Services on the Desktop, Web or in the Cloud},
  author = {Katherine Wolstencroft and Robert Haines and Donal Fellows and Alan Williams and David Withers and Stuart Owen and Stian Soiland-Reyes and Ian Dunlop and Aleksandra Nenadic and Paul Fisher and {others}},
  journal = {Nucleic acids research},
  pages = {gkt328},
  year = {2013},
  publisher = {Oxford Univ Press},
  url = {https://doi.org/10.1093/nar/gkt328},
}

@Article{afgan2016galaxy,
  title = {The Galaxy Platform for Accessible, Reproducible and Collaborative Biomedical Analyses: 2016 Update.},
  author = {Enis Afgan and Dannon Baker and Marius {van den Beek} and Daniel Blankenberg and Dave Bouvier and M Čech and J Chilton and D Clements and N Coraor and C Eberhard and {others}},
  journal = {Nucleic Acids Research},
  pages = {1},
  year = {2016},
  url = {https://doi.org/10.1093/nar/gkw343},
}

@Book{rabin1981fingerprinting,
  title = {Fingerprinting by Random Polynomials},
  author = {Michael O Rabin and {others}},
  year = {1981},
  publisher = {Center for Research in Computing Techn., Aiken Computation Laboratory, Univ.},
}

@Misc{hamano2005git,
  title = {Git-Fast Version Control System},
  author = {Junio Hamano and Linus Torvalds},
  year = {2005},
}

@Article{gelfond2014tell,
  title = {How to Tell the Truth with Statistics: The Case for Accountable Data Analyses in Team-Based Science},
  author = {Jonathan AL Gelfond and Craig M Klugman and Leah J Welty and Elizabeth Heitman and Christopher Louden and Brad H Pollock},
  journal = {Journal of translational medicine \& epidemiology},
  volume = {2},
  number = {2},
  year = {2014},
  publisher = {NIH Public Access},
  url = {https://doi.org/10.1002/sim.4282},
}

@InCollection{jagadeesan2009towards,
  title = {Towards a Theory of Accountability and Audit},
  author = {Radha Jagadeesan and Alan Jeffrey and Corin Pitcher and James Riely},
  booktitle = {Computer Security--ESORICS 2009},
  pages = {152--167},
  year = {2009},
  publisher = {Springer-Verlag},
}

@Manual{shiny2016,
  title = {Shiny: Web Application Framework for R},
  author = {Winston Chang and Joe Cheng and JJ Allaire and Yihui Xie and Jonathan McPherson},
  year = {2016},
  note = {R package version 0.13.2},
  url = {http://CRAN.R-project.org/package=shiny},
}

@Manual{devtools2016,
  title = {Devtools: Tools to Make Developing R Packages Easier},
  author = {Hadley Wickham and Winston Chang},
  year = {2015},
  note = {R package version 1.8.0},
  url = {http://CRAN.R-project.org/package=devtools},
}

@Article{schmidt2016Improving,
  title = {Improving Initiation and Tracking of Research Projects at an Academic Health Center A Case Study},
  author = {Susanne Schmidt and Martin Goros and Helen M Parsons and Can Saygin and Hung-Da Wan and Paula K Shireman and Jonathan AL Gelfond},
  journal = {Evaluation \& the Health Professions},
  pages = {0163278716669793},
  year = {2016},
  publisher = {SAGE Publications},
  url = {https://doi.org/10.1177/0163278716669793},
}
