@misc{plummer2011,
author = {Plummer, Martyn},
pages = {0--39},
title = {{JAGS Version 3.1.0 user manual}},
url = {http://sourceforge.net/projects/mcmc-jags/},
year = {2010}
}

@article{lebauer2012ffb,
    author = {LeBauer, David S. and Wang, Dan and Richter, Katherine T. and Davidson, Carl C. and Dietze, Michael C.},
    title = {{Facilitating feedbacks between field measurements and ecosystem models}},
    journal = {Ecological Monographs},
    year = {2013},
    volume = {83},
    number = {2},
    pages = {133--154},
    url = {http://www.esajournals.org/doi/abs/10.1890/12-0137.1}
}





