This file was created with JabRef 1.8.1.
Encoding: Cp1252

@BOOK{Barlow1972,
  title = {Statistical Inference Under Order Restriction},
  publisher = {New York: Wiley},
  year = {1972},
  author = {Barlow, R.E. and Bartholomew, D.J. and Bremner, M.J. and Brunk, H.D.},
  owner = {lucp1898},
  timestamp = {2009.02.09},
}

@ARTICLE{Bartholomew1961,
  author = {Bartholomew, D.J.},
  title = {Ordered tests in the analysis of
	
	variance},
  journal = {Biometrika},
  year = {1961},
  volume = {48},
  pages = {325-332},
  owner = {lucp1898},
  timestamp = {2009.02.09},
}

@ARTICLE{Benjamini1995,
  author = {Benjamini, Y. and Hochberg, Y.},
  title = {Controlling the false discovery rate: a practical and
	
	powerful approach to multiple testing},
  journal = {J. R. Statist. Soc. B},
  year = {1995},
  volume = {57},
  pages = {289-300},
  owner = {lucp1898},
  timestamp = {2009.02.09},
}

@ARTICLE{Benjamini2001,
  author = {Benjamini, Y. and Yekutieli, D.},
  title = {The control of the false discovery rate in multiple
	
	testing under dependency},
  journal = {ANN STAT},
  year = {2001},
  volume = {29 (4)},
  pages = {1165-1188},
  owner = {lucp1898},
  timestamp = {2009.02.09},
}

@MISC{Chu2001,
  author = {Chu, G. and Narasimhan, Balasubramanian. and Tibshirani, Robert.
	and Tusher, Virginia.},
  title = {{SAM} {"S}ignificance {A}nalysis of {M}icroarrays" users guide and
	technical document},
  year = {2001},
  citeseerurl = {http://www-stat.stanford.edu/~tibs/SAM/sam.pdf},
  owner = {lucp1898},
  timestamp = {2009.02.26},
  url = {http://www-stat.stanford.edu/~tibs/SAM/},
}

@ARTICLE{Chuang1997,
  author = {Chuang-Stein, C. and Agresti, A.},
  title = {Tutorial in biostatistics: A review of tests for
	
	detecting a monotone dose-response relationship with ordinal
	
	response data},
  journal = {Statistics in Medicine},
  year = {1997},
  volume = {16},
  pages = {2599-2618},
  owner = {lucp1898},
  timestamp = {2009.02.09},
}

@BOOK{Dudoit2008,
  title = {Multiple Testing Procedures with Applications to Genomics},
  publisher = {Springer},
  year = {2008},
  author = {Dudoit, Sandrine. and van der Laan, Mark J.},
  owner = {lucp1898},
  timestamp = {2009.02.11},
}

@ARTICLE{Falcon2007,
  author = {Falcon, Seth. and Morgan, Martin. and Gentleman,Robert.},
  title = {An Introduction to {B}io{C}onductor's {E}xpression{S}et Class. A
	{B}io{C}onductor vignette},
  journal = {Bioconductor Vignettes},
  year = {2007},
  volume = {URL \texttt{http://bioconductor.org/packages/2.3/bioc/ vignettes/Biobase/inst/doc/
	ExpressionSetIntroduction.pdf}},
  owner = {lucp1898},
  publisher = {URL \texttt{http://bioconductor.org/packages/2.3/bioc/ vignettes/Biobase/inst/doc/ExpressionSetIntroduction.pdf}},
  timestamp = {2009.02.11},
}

@BOOK{Gohlmann2009,
  title = {Gene Expression Studies Using Affymetrix Microarrays},
  publisher = {Chapman \& Hall/CRC},
  year = {2009},
  author = {G\"{o}hlmann, Hinrich. and Talloen, Willem.},
  owner = {lucp1898},
  timestamp = {2009.02.16},
}

@TECHREPORT{Ge2003a,
  author = {Ge, Y. and Dudoit, S. and Speed, P.T.},
  title = {Resampling based multiple testing for microarray data analysis, \textit{technical
	report}, \textbf{633}},
  institution = {University of Berkeley},
  year = {2003},
  owner = {lucp1898},
  timestamp = {2009.02.26},
}

@ARTICLE{Hu2005,
  author = {Hu, J. and Kapoor, M. and Zhang, W. and
	
	Hamilton, S.R. and Coombes,K.R.},
  title = {Analysis of dose response
	
	effects on gene expression data with comparison of two microarray
	
	platforms},
  journal = {Bioinformatics},
  year = {2005},
  volume = {21(17)},
  pages = {3524-3529},
  owner = {lucp1898},
  timestamp = {2009.02.09},
}

@ARTICLE{Lin2007,
  author = {Lin, D. and Shkedy, Z. and Yekutieli, D. and
	
	Burzykowski, T. and G\"{o}hlmann, H. and De Bondt, A. and Perera,
	
	T. and Geerts, T. and Bijnens, L.},
  title = {Testing for Trends in Dose-Response Microarray Experiments: A Comparison
	of Several
	
	Testing Procedures, Multiplicity and Resampling-Based Inference},
  journal = {Statistical Applications in Genetics and Molecular Biology},
  year = {2007},
  volume = {6(1)},
  pages = {Article 26},
  owner = {lucp1898},
  timestamp = {2009.02.09},
}

@ARTICLE{Marcus1976,
  author = {Marcus, R.},
  title = {The powers of some tests of
	
	the quality of normal means against an ordered alternative},
  journal = {Biometrika},
  year = {1976},
  volume = {63},
  pages = {177-83},
  owner = {lucp1898},
  timestamp = {2009.02.09},
}

@BOOK{Pinheiro2006a,
  title = {Analysis of dose response studies: Modeling approaches. pp. 146{-}171
	in Ting, N. (ed.) Dose Finding in Drug Development},
  publisher = {Springer, New York},
  year = {2006},
  editor = {Ting, N.},
  author = {Pinheiro, J. and Bretz, F. and Branson, M.},
  owner = {lucp1898},
  timestamp = {2009.02.26},
}

@BOOK{Robertson1988,
  title = {Order Restricted Statistical
	
	Inference},
  publisher = {Wiley},
  year = {1988},
  author = {Robertson, T., and Wright, F.T. and Dykstra, R.L.},
  owner = {lucp1898},
  timestamp = {2009.02.09},
}

@ARTICLE{Ruberg1995a,
  author = {Ruberg, S.J.},
  title = {Dose response studies.
	
	I. Some design considerations},
  journal = {J. Biopharm. Stat},
  year = {1995},
  volume = {5(1)},
  pages = {1-14},
  owner = {lucp1898},
  timestamp = {2009.02.09},
}

@ARTICLE{Ruberg1995b,
  author = {Ruberg, S.J.},
  title = {Dose response studies. II. Analysis and interpretation},
  journal = {J. Biopharm. Stat},
  year = {1995},
  volume = {5(1)},
  pages = {15-42},
  owner = {lucp1898},
  timestamp = {2009.02.09},
}

@ARTICLE{Storey2003,
  author = {John D. Storey and Robert Tibshirani},
  title = {Statistical significance for genomewide studies},
  journal = {Proceedings of the National Academy of Sciences},
  year = {2003},
  volume = {100 no. 16},
  pages = {9440-9445},
  owner = {lucp1898},
  timestamp = {2009.06.15},
}

@ARTICLE{Tusher2001,
  author = {Tusher, V.G. and Tibshirani, R, and Chu, G.},
  title = {Significance analysis of microarrays applied to the ionizing radiation
	response},
  journal = {Proceedings of the National Academy of Sciences},
  year = {2001},
  volume = {98},
  pages = {5116-5121},
  owner = {lucp1898},
  timestamp = {2009.02.17},
}

@ARTICLE{Williams1972,
  author = {Williams, D.A.},
  title = {The comparison
	
	of several dose levels with a zero dose control},
  journal = {Biometrics},
  year = {1972},
  volume = {28},
  pages = {519-531},
  owner = {lucp1898},
  timestamp = {2009.02.09},
}

@ARTICLE{Williams1971,
  author = {Williams, D.A.},
  title = {A test for
	
	differences between treatment means when several dose levels are
	
	compared with a zero dose control},
  journal = {Biometrics},
  year = {1971},
  volume = {27},
  pages = {103-117},
  owner = {lucp1898},
  timestamp = {2009.02.09},
}

@BOOK{Lin2010,
  title = {Modeling Dose-response Microarray Data in Early Drug Development
	Experiments Using R},
  publisher = {Springer},
  year = {2010},
  editor = {Dan Lin and Ziv Shkedy and Dani Yekutieli and Dhammika Amaratunga
	and Luc Bijnens.},
  owner = {lucp1898},
  timestamp = {2010.03.08},
}

@book{Dudoit2003,
author = {S.~{Dudoit, J.~P. Shaffer, and J.~Boldrick}},
title = {{Multiple hypothesis testing in microarray experiments}},
publisher = {Statistical Science 18 (1):},
pages = {71--103},
year = {2003}
}
@book{Ge2003,
author = {Y.~{Ge, S.~Dudoit, and T.~P. Speed}},
title = {{Resampling- based multiple testing for microarray data analysis}},
publisher = {Test 12 (1):},
pages = {1--77},
year = {2003}
}

