@Manual{BatesMaechler2018,
	author = {Bates, Douglas and Maechler, Martin},
	title = {{M}atrix: {S}parse and {D}ense {M}atrix {C}lasses and {M}ethods},
	year = {2018},
	note = {R package version 1.2-15},
	url = {https://CRAN.R-project.org/package=Matrix},
}
@BOOK{CamposEricssonHendry2005,
	year = 2005,
	title = {General-to-{S}pecific {M}odeling. {V}olumes 1 and 2},
	editor = {Campos, Julia and Hendry, David F. and Ericsson, Neil R.},
	publisher = {Edward Elgar Publishing},
	address = {Cheltenham}
}
@ARTICLE{CastleDoornikHendryPretis2015,
	author  = {Castle, J.L. and Doornik, J. and Hendry, D. F. and Pretis, F.},
	year = 2015,
	title = {{D}etecting {L}ocation {S}hifts {D}uring {M}odel {S}election by {S}tep-{I}ndicator {S}aturation},
	journal = {Econometrics},
	note = {DOI 10.3390/econometrics3020240},
	volume = 3,
	pages = {240-264}
}
@BOOK{DoornikHendry2018,
	author = {Doornik, Jurgen A. and Hendry, David F.},
	year = 2018,
	title = {{E}mpirical {E}conometric {M}odelling - {P}c{G}ive 15},
	publisher = {Timberlake Consultants Ltd.},
	address = {London}
}
@UNPUBLISHED{DuboisMichaux2016,
	author = {Dubois, E. and Micheaux, E.},
	year = {2016},
	title = {Grocer 1.72: an econometric toolbox for {S}cilab},
	note = {\url{http://dubois.ensae.net/grocer.html}}
}
@ARTICLE{HendryJohansenSantos2008,
	author  = {Hendry, David F. and Johansen, S{\'o}ren and Santos, Carlos},
	year = 2008,
	title = {Automatic selection of indicators in a fully saturated regression},
	journal = {Computational Statistics},
	note = {DOI 10.1007/s00180-007-0054-z},
	volume = 23,
	pages = {317-335}
}
@ARTICLE{Hooveretal99,
	author = {Hoover, K. D. and Perez, S. J.},
	year = 1999,
	title = {Data {M}ining {R}econsidered: {E}ncompassing and the {G}eneral-to-{S}pecific {A}pproach to {S}pecification {S}earch},
	journal = {Econometrics Journal},
	volume = 2,
	pages = {167-191},
	note = {Dataset and code: \url{http://www.csus.edu/indiv/p/perezs/Data/data.htm}}
}
@ARTICLE{Lovell83,
	author = {Lovell, Michael C.},
	year = 1983,
	title = {Data {M}ining},
	journal = {The {R}eview of {E}conomics and {S}tatistics},
	volume = 65,
	pages = {1-12}
}
@ARTICLE{PretisReadeSucarrat2018,
	author = {Pretis, Felix and Reade, James and Sucarrat, Genaro},
	year = 2018,
	title = {{A}utomated {G}eneral-to-{S}pecific ({GETS}) {R}egression
	{M}odeling and {I}ndicator {S}aturation for {O}utliers and
	{S}tructural {B}reaks},
	journal = {Journal of Statistical Software},
	volume = 86,
	pages = {1-44}
}
@ARTICLE{Schwarz1978,
	author = {Schwarz, Gideon},
	year = 1978,
	title = {{E}stimating the {D}imension of a {M}odel},
	journal = {The Annals of Statistics},
	volume = 6,
	pages = {461-464}
}
@Manual{PretisReadeSucarrat2019getsV020,
	title = {{gets}: {G}eneral-to-{S}pecific ({GETS}) {M}odelling and {I}ndicator {S}aturation ({ISAT}) {M}ethods},
	author = {Genaro Sucarrat},
	year = {2019},
	note = {R package version 0.20. \url{https://CRAN.R-project.org/package=gets}},
	url = {https://CRAN.R-project.org/package=gets}
}
