@article{benavent:2015,
  Author = {Roberto Benavent and Domingo Morales},
	Journal = {Computational Statistics and Data Analysis},
	Pages = {372–390},
	Title = {Multivariate Fay–Herriot models for small area estimation},
	Year = 2016,
        url = {https://doi.org/10.1016/j.csda.2015.07.013}
}

@article{sae:2015,
  Author = {Isabel Molina and Yolanda Marhuenda},
	Journal = {The R Journal},
	Pages = {81-98},
	Title = {sae: An R Package for Small Area
Estimation},
	Year = 2015,
  url = {https://doi.org/10.32614/RJ-2015-007}
}

@article{krieg:2015,
  Author = {Sabine Krieg and Harm Jan Boonstra and Marc Smeets},
	Journal = {Statistics Netherland},
	Pages = {1-45},
	Title = {Small area estimation with zero-inflated data - a simulation study},
	Year = 2015
}


@article{azka:2019,
  Author = {Azka Ubaidillah and Khairil Anwar Notodiputro and Anang Kurnia and I Wayan Mangku},
	Journal = {Journal of Applied Statistics},
	Pages = {2845-2861},
	Title = {Multivariate Fay-Herriot models for small area estimation with application to household consumption per capita expenditure in Indonesia},
	Year = 2019,
        url = {https://doi.org/10.1080/02664763.2019.1615420}
}

@article{ghosh:1994,
  Author = {M. Ghosh and J. N. K. Rao},
	Journal = {Statistical Science},
	Pages = {55-93},
	Title = {Small Area Estimation: An Appraisal},
	Year = 1994
}

@inproceedings{datta:1991,
    author = {G. S. Datta and Robert E. Fay and M. Ghosh},
    title= {Hierarchical and Empirical Multivariate Bayes Analysis in Small Area Estimation},
    booktitle   = {Proc. of the Bureau of the Census Annual Research Conference},
    year= {1991},
    publisher = {Bureau of the Census, Washington D.C.},
    pages     = {63-79},
}

@book{rao:2015,
    author    = " J. N. K. Rao and Isabel Molina",
    title     = "Small Area Estimation 2nd Edition",
    year      = "2015",
    publisher = "John Wiley and Sons Inc.",
    address   = "Hoboken, New Jersey"
}

@Manual{sae,
  title = {sae: Small Area Estimation},
  author = {Isabel Molina and Yolanda Marhuenda},
  year = {2018},
  note = {R package version 1.2},
  url = {https://CRAN.R-project.org/package=sae},
}
  
@Manual{rsae,
  title = {rsae: Robust Small Area Estimation},
  author = {Tobias Schoch},
  year = {2014},
  note = {R package version 0.1-5},
  url = {https://CRAN.R-project.org/package=rsae},
}
  
@Manual{nlme,
  title = {nlme: Linear and Nonlinear Mixed Effects Models},
  author = {José Pinheiro and Douglas Bates and {R-core}},
  year = {2020},
  note = {R package version 3.1-145},
  url = {https://CRAN.R-project.org/package=nlme},
}
 
@Manual{hbsae,
  title = {hbsae: Hierarchical Bayesian Small Area Estimation},
  author = {Harm Jan Boonstra},
  year = {2012},
  note = {R package version 1.0},
  url = {https://CRAN.R-project.org/package=hbsae},
}
 
@Manual{JoSAE,
  title = {JoSAE: Unit-Level and Area-Level Small Area Estimation},
  author = {Johannes Breidenbach},
  year = {2018},
  note = {R package version 0.3.0},
  url = {https://CRAN.R-project.org/package=JoSAE},
}

@Manual{BayesSAE,
    title = {BayesSAE: Bayesian Analysis of Small Area Estimation},
    author = {{Chengchun Shi Developer}},
    year = {2018},
    note = {R package version 1.0-2},
    url = {https://CRAN.R-project.org/package=BayesSAE},
}

@Manual{mme,
  title = {mme: Multinomial Mixed Effects Models},
  author = {E. Lopez-Vizcaino and M.J. Lombardia and D. Morales},
  year = {2019},
  note = {R package version 0.1-6},
  url = {https://CRAN.R-project.org/package=mme},
}

@Manual{saery,
  title = {saery: Small Area Estimation for Rao and Yu Model},
  author = {Maria Dolores Esteban Lefler and Domingo Morales Gonzalez and Agustin Perez Martin},
  year = {2014},
  note = {R package version 1.0},
  url = {https://CRAN.R-project.org/package=saery},
}

@Manual{taskview,
    title = {CRAN Task View: Official Statistics \& Survey Methodology},
    author = {Matthias Templ},
    year = {2014},
    note = {Version 2014-08-18},
    url = {https://CRAN.R-project.org/view=OfficialStatistics},
}