@Manual{R,
  title = {R: A Language and Environment for Statistical Computing},
  author = {{R Core Team}},
  organization = {R Foundation for Statistical Computing},
  address = {Vienna, Austria},
  year = {2016},
  note = {{ISBN} 3-900051-07-0},
  url = {https://www.R-project.org/},
}

@article{ihaka:1996,
  Author = {Ihaka, Ross and Gentleman, Robert},
	Journal = {Journal of Computational and Graphical Statistics},
	Number = 3,
	Pages = {299--314},
	Title = {R: A Language for Data Analysis and Graphics},
	Volume = 5,
	Year = 1996,
        url = {https://doi.org/10.1080/10618600.1996.10474713}
}

@Manual{R,
  title = {R: A Language and Environment for Statistical Computing},
  author = {{R Core Team}},
  organization = {R Foundation for Statistical Computing},
  address = {Vienna, Austria},
  year = {2016},
  note = {{ISBN} 3-900051-07-0},
  url = {https://www.R-project.org/},
}

@article{ihaka:1996,
  Author = {Ihaka, Ross and Gentleman, Robert},
	Journal = {Journal of Computational and Graphical Statistics},
	Number = 3,
	Pages = {299--314},
	Title = {R: A Language for Data Analysis and Graphics},
	Volume = 5,
	Year = 1996,
        url = {https://doi.org/10.1080/10618600.1996.10474713}
}

@book{royle2008hierarchical,
  title={Hierarchical modeling and inference in ecology: the analysis of data from populations, metapopulations and communities},
  author={Royle, J Andrew and Dorazio, Robert M},
  year={2008},
  publisher={Academic Press}
}

@article{kery2017ahmbook,
  title={AHMbook: functions and data for the book ‘Applied hierarchical modeling in ecology’},
  author={K{\'e}ry, M and Royle, A and Meredith, M},
  journal={R package version 0.1},
  volume={3},
  year={2017}
}

@article{ovaskainen2017make,
  title={How to make more out of community data? A conceptual framework and its implementation as models and software},
  author={Ovaskainen, Otso and Tikhonov, Gleb and Norberg, Anna and Guillaume Blanchet, F and Duan, Leo and Dunson, David and Roslin, Tomas and Abrego, Nerea},
  journal={Ecology letters},
  volume={20},
  number={5},
  pages={561--576},
  year={2017},
  publisher={Wiley Online Library}
}

@article{tikhonov2020joint,
  title={Joint species distribution modelling with the R-package Hmsc},
  author={Tikhonov, Gleb and Opedal, {\O}ystein H and Abrego, Nerea and Lehikoinen, Aleksi and de Jonge, Melinda MJ and Oksanen, Jari and Ovaskainen, Otso},
  journal={Methods in ecology and evolution},
  volume={11},
  number={3},
  pages={442--447},
  year={2020},
  publisher={Wiley Online Library}
}

@article{doser2022spoccupancy,
  title={spOccupancy: An R package for single-species, multi-species, and integrated spatial occupancy models},
  author={Doser, Jeffrey W and Finley, Andrew O and K{\'e}ry, Marc and Zipkin, Elise F},
  journal={Methods in Ecology and Evolution},
  year={2022},
  publisher={Wiley Online Library}
}

@book{gelfand2010handbook,
  title={Handbook of spatial statistics},
  author={Gelfand, Alan E and Diggle, Peter and Guttorp, Peter and Fuentes, Montserrat},
  year={2010},
  publisher={CRC press}
}

@article{bradley2015multivariate,
  title={Multivariate spatio-temporal models for high-dimensional areal data with application to longitudinal employer-household dynamics},
  author={Bradley, Jonathan R and Holan, Scott H and Wikle, Christopher K},
  journal={The Annals of Applied Statistics},
  volume={9},
  number={4},
  pages={1761--1791},
  year={2015},
  publisher={Institute of Mathematical Statistics}
}

@article{hughes2013dimension,
  title={Dimension reduction and alleviation of confounding for spatial generalized linear mixed models},
  author={Hughes, John and Haran, Murali},
  journal={Journal of the Royal Statistical Society: Series B (Statistical Methodology)},
  volume={75},
  number={1},
  pages={139--159},
  year={2013},
  publisher={Wiley Online Library}
}

@article{reich2006effects,
  title={Effects of residual smoothing on the posterior of the fixed effects in disease-mapping models},
  author={Reich, Brian J and Hodges, James S and Zadnik, Vesna},
  journal={Biometrics},
  volume={62},
  number={4},
  pages={1197--1206},
  year={2006},
  publisher={Wiley Online Library}
}

@article{stenseth2015testing,
  title={Testing for effects of climate change on competitive relationships and coexistence between two bird species},
  author={Stenseth, Nils Chr and Durant, Jo{\"e}l M and Fowler, Mike S and Matthysen, Erik and Adriaensen, Frank and Jonz{\'e}n, Niclas and Chan, Kung-Sik and Liu, Hai and De Laet, Jenny and Sheldon, Ben C and others},
  journal={Proceedings of the Royal Society B: Biological Sciences},
  volume={282},
  number={1807},
  pages={20141958},
  year={2015},
  publisher={The Royal Society}
}

@article{tobler2019joint,
  title={Joint species distribution models with species correlations and imperfect detection},
  author={Tobler, Mathias W and K{\'e}ry, Marc and Hui, Francis KC and Guillera-Arroita, Gurutzeta and Knaus, Peter and Sattler, Thomas},
  journal={Ecology},
  volume={100},
  number={8},
  pages={e02754},
  year={2019},
  publisher={Wiley Online Library}
}

@article{chamberlain2016alpine,
  title={Alpine bird distributions along elevation gradients: the consistency of climate and habitat effects across geographic regions},
  author={Chamberlain, Dan and Brambilla, Mattia and Caprio, Enrico and Pedrini, Paolo and Rolando, Antonio},
  journal={Oecologia},
  volume={181},
  number={4},
  pages={1139--1150},
  year={2016},
  publisher={Springer}
}

@article{mardia1988multi,
  title={Multi-dimensional multivariate Gaussian Markov random fields with application to image processing},
  author={Mardia, KV},
  journal={Journal of Multivariate Analysis},
  volume={24},
  number={2},
  pages={265--284},
  year={1988},
  publisher={Elsevier}
}

@article{hepler2021spatiotemporal,
  title={A spatiotemporal model for multivariate occupancy data},
  author={Hepler, Staci A and Erhardt, Robert J},
  journal={Environmetrics},
  volume={32},
  number={2},
  pages={e2657},
  year={2021},
  publisher={Wiley Online Library}
}


@article{albertchib1993,
  title={Bayesian Analysis of Binary and Polychotomous Response Data},
  author={Albert, J.H. and Chib, S.},
  journal={Journal of the American Statistical Association},
  volume={88},
  number={422},
  pages={669--679},
  year={1993}
}


@article{lele2012,
  title={Dealing with detection error in site occupancy surveys: what can we do with a single survey?},
  author={Lele, S.R. and Moreno, M. and Bayne, E.},
  journal={Journal of Plant Ecology},
  volume={5},
  number={1},
  pages={22-31},
  year={2012}
}

@article{mackenzie2002,
  title={Estimating site occupancy rates when detection probabilities are less than one},
  author={MacKenzie, D.I. and Nichols, J.D. and Lachman, G.B. and Droege, S. and Royle, J.A. and Langtimm, C.A.},
  journal={Ecology},
  volume={83},
  number={8},
  pages={2248-2255},
  year={2002}
}

@article{hepler2018,
  title={Identifying drivers of spatial variation in occupancy with limited replication camera trap data},
  author={Hepler, S.A. and Erhardt, R. and Anderson, T.M.},
  journal={Ecology},
  volume={99},
  number={10},
  pages={2152-2158},
  year={2018}
}

@article{johnson2013,
  title={Spatial occupancy models for large data sets},
  author={Johnson, D.S. and Conn, P.B. and Hooten, M.B. and Ray, J.C. and Pond, B.A.},
  journal={Ecology},
  volume={94},
  number={4},
  pages={801-808},
  year={2013}
}

@article{rota2016,
  title={A two-species occupancy model accommodating simultaneous spatial and interspecific dependence},
  author={Rota, C.T. and Wikle, C.K. and Kays, R.W. and Forrester, T.D. and McShea, W.J. and Parsons, A.W. and Millspaugh, J.J.},
  journal={Ecology},
  volume={97},
  number={1},
  pages={48-53},
  year={2016}
}

@article{rahman2021,
  title={Application of multi-species occupancy modeling to assess mammal diversity in northeast {B}angladesh},
  author={Rahman, H.A. and McCarthy, K.P. and McCarthy, J.L. and Faisal, M.M.},
  journal={Global Ecology and Conservation},
  volume={25},
  year={2021}
}

@article{guillera2019,
  title={Inferring species richness using multispecies occupancy modeling: Estimation performance and interpretation},
  author={Guillera-Arroita, G. and K\'{e}ry, M. and Jahoz-Monfort, J.J.},
  journal={Ecology and Evolution},
  volume={9},
  number={2},
  pages={780-792},
  year={2019}
}

@article{hepler2022histo,
  title={Integrating public health surveillance and environmental data to model presence of {H}istoplasma in the {U}nited {S}tates},
  author={Hepler, S.A. and Kaufeld, K.A. and Benedict, K. and Toda, M. and Jackson, B.R. and Liu, X. and Kline, D.},
  journal={Epidemiology},
  year={2022},
  doi = {10.1097/EDE.0000000000001499}
}

@article{sanderlin2021,
  title={Occupancy modeling and resampling overcomes low test sensitivity to produce accurate {SARS}-{C}o{V}-2 prevalence estimates},
  author={Sanderlin, J.S. and Golding, J.D. and Wilcox, T. and Mason, D.H. and McKelvey, K.S. and Pearson, D.E. and Schwartz, M.K.},
  journal={BMC Public Health},
   volume={21},
  number={577},
  year={2021}
}

@article{clark2017generalized,
  title={Generalized joint attribute modeling for biodiversity analysis: Median-zero, multivariate, multifarious data},
  author={Clark, James S and Nemergut, Diana and Seyednasrollah, Bijan and Turner, Phillip J and Zhang, Stacy},
  journal={Ecological Monographs},
  volume={87},
  number={1},
  pages={34--56},
  year={2017},
  publisher={Wiley Online Library}
}

@article{rota2009occupancy,
  title={Occupancy estimation and the closure assumption},
  author={Rota, Christopher T and Fletcher Jr, Robert J and Dorazio, Robert M and Betts, Matthew G},
  journal={Journal of Applied Ecology},
  volume={46},
  number={6},
  pages={1173--1181},
  year={2009},
  publisher={Wiley Online Library}
}

@article{pollock2014understanding,
  title={Understanding co-occurrence by modelling species simultaneously with a Joint Species Distribution Model (JSDM)},
  author={Pollock, Laura J and Tingley, Reid and Morris, William K and Golding, Nick and O'Hara, Robert B and Parris, Kirsten M and Vesk, Peter A and McCarthy, Michael A},
  journal={Methods in Ecology and Evolution},
  volume={5},
  number={5},
  pages={397--406},
  year={2014},
  publisher={Wiley Online Library}
}

@article{taylor2017joint,
  title={Joint species distribution modeling: dimension reduction using Dirichlet processes},
  author={Taylor-Rodriguez, Daniel and Kaufeld, Kimberly and Schliep, Erin M and Clark, James S and Gelfand, Alan E},
  journal = {Bayesian Analysis},
  volume = {12},
  number = {4},
  pages = {939-967},
  year={2017}
}

@article{clark2014more,
  title={More than the sum of the parts: forest climate response from joint species distribution models},
  author={Clark, James S and Gelfand, Alan E and Woodall, Christopher W and Zhu, Kai},
  journal={Ecological Applications},
  volume={24},
  number={5},
  pages={990--999},
  year={2014},
  publisher={Wiley Online Library}
}

@misc{guisan2011sesam,
  title={SESAM--a new framework integrating macroecological and species distribution models for predicting spatio-temporal patterns of species assemblages},
  author={Guisan, Antoine and Rahbek, Carsten},
  journal={Journal of Biogeography},
  volume={38},
  number={8},
  pages={1433--1444},
  year={2011},
  publisher={Wiley Online Library}
}

@article{vehtari2017practical,
  title={Practical Bayesian model evaluation using leave-one-out cross-validation and WAIC},
  author={Vehtari, Aki and Gelman, Andrew and Gabry, Jonah},
  journal={Statistics and computing},
  volume={27},
  pages={1413--1432},
  year={2017},
  publisher={Springer}
}

@misc{WakeHPC,
  doi       = {10.57682/G13Z-2362},
  url       = {https://hpc.wfu.edu},
  author    = {{Information Systems and Wake Forest University}},
  keywords  = {High Performance Computing},
  title     = {{WFU High Performance Computing Facility}},
  abstract  = {The WFU HPC Facility is a centralized research computing
               environment for the entire WFU campus. It provides stable,
               robust, and accessible resources used across many educational,
               research, and outreach activities. Please use the following
               acknowledgement: "Computations were performed using the Wake
               Forest University (WFU) High Performance Computing Facility, a
               centrally managed computational resource available to WFU
               researchers including faculty, staff, students, and
               collaborators."},
  publisher = {Wake Forest University},
  year      = {2021}
}