@book{bird:2006,
author = {C.~{Bird, A.~Gourley, P.~Devanbu, M.~Gertz, and A.~Swaminathan}},
title = {{Mining email social networks}},
publisher = {In Proceedings of the  International Workshop on MiningSoftware Repositories Shanghai China pages},
pages = {137--143},
year = {2006},
url = {http://macbeth.cs.ucdavis.edu/msr06.pdf}
}
@book{brin:1998,
author = {S.~{Brin and L.~Page}},
title = {{The anatomy of a large-scale hypertextual web search engine}},
publisher = {Computer Networks and ISDN Systems 30(1-7):   ~t2003013/wiki/images/8/8f/Anatomy.pdf},
pages = {107--117},
year = {1998},
url = {http://wx.bsjh.tcc.edu.tw/}
}
@book{butts:2008,
author = {C.~T. {Butts}},
title = {{Social network analysis with sna}},
publisher = {Journal of Statistical Software 24 (6)},
year = {2008},
url = {http://www.jstatsoft.org/v24/i06/}
}
@book{chang:2009,
author = {J.~{Chang, J.~B. Graber, and D.~M. Blei}},
title = {{Connections between the lines: Augmenting social networks with text}},
publisher = {In KDD '09: Proceedings of the 15th ACM SIGKDD internationalconference on Knowledge discovery and data mining pages  New York,NY USA  ACM  ~jbg/documents/kdd.pdf},
pages = {169--178},
year = {2009},
url = {http://www.cs.princeton.edu/}
}
@book{csardi:2006,
author = {G.~{Csardi and T.~Nepusz}},
title = {{The igraph software package for complex network research}},
publisher = {InterJournal Complex Systems: 1695},
year = {2006},
url = {http://igraph.sf.net}
}
@book{erkan:2004,
author = {G.~{Erkan and D.~R. Radev}},
title = {{Lexrank: Graph-based centrality as salience in text summarization}},
publisher = {Journal of Artificial Intelligence Research   ~radev/lexrank/lexrank.pdf},
year = {2004},
url = {http://tangra.si.umich.edu/}
}
@book{feinerer:2010,
author = {I.~{Feinerer and K.~Hornik}},
title = {{wordnet: WordNet Interface. R package version 0.1-6., }},
year = {2010},
url = {http://CRAN.R-project.org/package=wordnet}
}
@book{feinerer:2008,
author = {I.~{Feinerer, K.~Hornik, and D.~Meyer}},
title = {{Text mining infrastructure in R}},
publisher = {Journal of Statistical Software 25 (5):  ISSN 1548-7660},
pages = {1--54},
year = {2008},
url = {http://www.jstatsoft.org/v25/i05}
}
@book{fellbaum:1998,
author = {C.~{Fellbaum}},
title = {{WordNet: An Electronic Lexical Database}},
publisher = {Bradford Books},
year = {1998}
}
@book{kleinberg:1999,
author = {J.~M. {Kleinberg}},
title = {{Authoritative sources in a hyperlinked environment}},
publisher = {Journal of the ACM 46 (5):},
pages = {604--632},
year = {1999},
url = {http://www.cs.cornell.edu/home/kleinber/auth.pdf}
}
@book{levenshtein:1966,
author = {V.~I. {Levenshtein}},
title = {{Binary codes capable of correcting deletions, insertions, and reversals}},
publisher = {Technical Report~8 Soviet Physics Doklady},
year = {1966}
}
@book{mccallum:2007,
author = {A.~{McCallum, X.~Wang, and A.~Corrada-Emmanuel}},
title = {{Topic and role discovery in social networks with experiments on Enron and academic email}},
publisher = {Journal of Artificial Intelligence Research 30:   ~mccallum/papers/art-ijcai05.pdf},
pages = {249--272},
year = {2007},
url = {http://www.cs.umass.edu/}
}
@book{sarkar:2008,
author = {D.~{Sarkar}},
title = {{Lattice: Multivariate Data Visualization with R}},
publisher = {Springer},
year = {2008}
}
@book{vanderwende:2004,
author = {L.~{Vanderwende, M.~Banko, and A.~Menezes}},
title = {{Event-centric summary generation}},
publisher = {In In Working Notes of DUC},
year = {2004},
url = {http://www-nlpir.nist.gov/projects/duc/pubs/2004papers/microsoft.banko.%pdf}
}
@book{velardi:2008,
author = {P.~{Velardi, R.~Navigli, A.~Cucchiarelli, and F.~D'Antonio}},
title = {{A new content-based model for social network analysis}},
publisher = {In Proceedings of the  IEEE International Conference onSemantic Computing pages  Washington DC USA  IEEE ComputerSociety  ~velardi/ICSCpubblicato.pdf},
pages = {18--25},
year = {2008},
url = {http://www.dsi.uniroma1.it/}
}
@book{viermetz:2008,
author = {M.~{Viermetz}},
title = {{Partitioning Massive Graphs for Content Oriented Social Network Analysis}},
publisher = {PhD thesis Heinrich-Heine-Universit"at D"usseldorf June},
year = {2008},
url = {http://docserv.uni-duesseldorf.de/servlets/DerivateServlet/Derivate-882%5/diss_viermetz_pdfa1b.pdf}
}
@book{wallace:2007,
author = {M.~{Wallace}},
title = {{Jawbone Java WordNet API, }},
year = {2007},
url = {http://mfwallace.googlepages.com/jawbone.html}
}


