@Article{mypaper,
  author =	 {Liu, F. and Li, Q.},
  year =	 2014,
  journal =	 {Computational Statistics and Data Analysis},
  title =	 {Exact sequential test of equivalence hypothesis
                  based on bivariate non-central $t$-statistics},
  volume =       77,
  pages =        {14--24}
}

@Manual{east,
  author =	 {Cytel},
  title =	 {EaST for Windows: A Software Package for the Design
                  and Analysis of Group Sequential Clinical Trials},
  organization = {Cytel Software Corporation},
  year =	 2009,
  address =	 {Cambridge, Massachusetts}
}

@Article{Simon90,
  author =	 {Durrleman, S. and Simon, R.},
  title =	 {Planning and Monitoring of Equivalence Trials},
  journal =	 {Biometrics},
  volume =	 46,
  number =       2,
  year =	 1990,
  pages =	 {329--336}
}

@Article{Gould95,
  author =	 {Gould, L. A.},
  title =	 {Group sequential extensions of a standard
                  bioequivalence testing procedure},
  journal =	 {Journal of Pharmacokinetics and Biopharmaceuticss},
  volume =	 23,
  number =       1,
  year =	 1995,
  pages =	 {57-86}
}

@article{huang10,
  Author =	 {Huang, Yunda and Self, Steven G.},
  Title =	 {A Comparison of Testing Parameters and the
                  Implementation of a Group Sequential Design for
                  Equivalence Studies Using Paired-Sample Analysis},
  Journal =	 {Statistics in Pharmaceutical Research},
  Year =	 2010,
  Volume =	 2,
  Number =	 3,
  Pages =	 {336-347},
}

@article{hwang96,
  Author =	 {Hwang, JS},
  Title =	 {Numerical solutions for a sequential approach to
                  bioequivalence},
  Journal =	 {Statistica Sinica},
  Year =	 1996,
  Volume =	 6,
  Number =	 3,
  Pages =	 {663-673}
}

@Article{HSD90,
  author =	 {Hwang, I. K. and Shih, W. J. and DeCani, J. S.},
  title =	 {Group Sequential Designs Using a Family of Type {I}
                  Error Probability Spending Functions},
  journal =	 {Statistics in Medicine},
  volume =	 9,
  number =       12,
  year =	 1990,
  pages =	 {1439--1445}
}

@Article{keaven,
  author =	 {Keaven Anderson},
  title =	 {\pkg{gsDesign}: Group Sequential Design (version
                  2.8-8)},
  journal =	 {R},
  year =	 2010,
  url =
                  {http://cran.r-project.org/web/packages/gsDesign/index.html}
}

@Article{JT89,
  author =	 {Jennison, C. and Turnbull, B.},
  title =	 { Interim analyses: The repeated confidence interval
                  approach (with Discussion)},
  journal =	 {Journal of the Royal Statistical Society, Series B},
  volume =	 51,
  number =       3,
  year =	 1989,
  pages =	 {305-361}
}

@Article{JT93,
  author =	 {Jennison, C. and Turnbull, B.},
  title =	 {Group Sequential Tests for Bivariate Response:
                  Interim Analyses of Clinical Trials with Both
                  Efficacy and Safety Endpoints},
  journal =	 {Biometrics},
  volume =	 49,
  number =       3,
  year =	 1993,
  pages =	 {741-752}
}

@Article{LD83,
  author =	 {Lan, K.K.G. and DeMets, D.L.},
  title =	 {Discrete Sequential Boundaries for Clinical trials},
  journal =	 {Biometrika},
  volume =	 70,
  number =       3,
  year =	 1983,
  pages =	 {659-663}
}

@Article{Potvin12,
  author =	 {Montague, T. H. and Potvin, D. and DiLiberti,
                  C. E. and Hauck, W. W. and Parr, A. F. and
                  Schuirmann, D. J.},
  title =	 {Additional results for `{S}equential design
                  approaches for bioequivalence studies with crossover
                  designs'},
  journal =	 {Pharmaceutical Statistics},
  volume =	 11,
  number =       1,
  year =	 2012,
  pages =	 {8-13}
}

@Article{Potvin08,
  author =	 {Potvin, D. and DiLiberti, C. E. and Hauck, W. W. and
                  Parr, A. F. and Schuirmann, D. J. and Smith, R. A.},
  title =	 {Sequential design approaches for bioequivalence
                  studies with crossover designs},
  journal =	 {Pharmaceutical Statistics},
  volume =	 7,
  number =       4,
  year =	 2008,
  pages =	 {245-262}
}

@article{whitehead96,
  Author =	 {Whitehead, J},
  Title =	 {Sequential designs for equivalence studies},
  Journal =	 {Statistics in Medicine},
  Year =	 1996,
  Volume =	 15,
  Number =	 24,
  Pages =	 {2703-2715}
}

@Manual{clinfun,
  title =	 {clinfun: Clinical Trial Design and Data Analysis
                  Functions},
  author =	 {Venkatraman E. Seshan},
  year =	 2014,
  note =	 {R package version 1.0.6},
  url =		 {http://CRAN.R-project.org/package=clinfun},
}

@Manual{AGSDest,
  title =	 {AGSDest: Estimation in Adaptive Group Sequential
                  Trials},
  author =	 {Niklas Hack and Werner Brannath and Matthias
                  Brueckner},
  year =	 2013,
  note =	 {R package version 2.1},
  url =		 {http://CRAN.R-project.org/package=AGSDest},
}

@Manual{PwrGSD,
  title =	 {PwrGSD: Power in a Group Sequential Design},
  author =	 {Grant Izmirlian},
  year =	 2014,
  note =	 {R package version 2.000},
  url =		 {http://CRAN.R-project.org/package=PwrGSD},
}

@Manual{Hmisc,
  title =	 {Hmisc: Harrell Miscellaneous},
  author =	 {Harrell Jr, Frank E},
  year =	 2014,
  note =	 {R package version 3.14-6},
  url =		 {http://CRAN.R-project.org/package=Hmisc},
}

@Manual{gsDesign,
  title =	 {gsDesign: Group Sequential Design},
  author =	 {Keaven Anderson},
  year =	 2014,
  note =	 {R package version 2.9-3},
  url =		 {http://CRAN.R-project.org/package=gsDesign},
}

@Manual{GroupSeq,
  title =	 {GroupSeq: A GUI-Based Program to Compute
                  Probabilities Regarding Group Sequential Designs},
  author =	 {Roman Pahl},
  year =	 2014,
  note =	 {R package version 1.3.2},
  url =		 {http://CRAN.R-project.org/package=GroupSeq},
}


















