

@article{HartiganWong,
  title={A K-means clustering algorithm},
  author={Hartigan, J.A. and Wong, M.A.},
  journal={Applied Statistics},
  volume={28},
  pages={100--108},
  year={1979}
}


		

@Manual{R,
    title = {R: A Language and Environment for Statistical Computing},
    author = {{R Core Team}},
    organization = {R Foundation for Statistical Computing},
    address = {Vienna, Austria},
    year = {2014},
    url = {http://www.R-project.org/}
  }

@mastersthesis{yucanqiu,
title={Antimicrobial Susceptibility and Clonal Population Structure of Multidrug Resistant {\em {C}ampylobacter jejuni} Isolates from Commercial Turkeys in {N}orth {C}arolina},
author={Yucan Qiu},
school={North Carolina State University},
year={2013}
}

@article{goodman1990analysis,
  title={The analysis of nonadditivity in two-way analysis of variance},
  author={Goodman, Leo A and Haberman, Shelby J},
  journal={Journal of the American Statistical Association},
  volume={85},
  number={409},
  pages={139--145},
  year={1990},
  publisher={Taylor \& Francis}
}

@article{Carter,
author={Carter, O.R. and Collier, B.L. and Davis, F.L.},
title={Blast furnace slags as agricultural liming materials},
journal={Agronomy},
volume={43},
pages={430-433},
year={1951}
}

@article{Simecek,
author={Simecek, P. and Simeckova, M.},
title={Modification of Tukey's additivity test},
journal={Journal of Statistical Planning and Inference},
volume={143},
pages={1},
year={2012}
}

@article{MacQueen,
author={MacQueen, J.},
title={Some methods for classification and analysis of multivariate observations},
journal={Proceedings of 5th Berkeley Symposium on Mathematical Statistics and Probability},
volume={1},
pages={281â€“297},
year={1967}
}

@article{Franck,
author={Franck, C.T. and Nielsen, D.M. and Osborne, J.A.},
title={A method for detecting hidden additivity in two-factor unreplicated experiments},
journal={Computational Statistics \& Data Analysis},
volume={67},
pages={95-104},
year={2013}
}

@article{OttSnee,
author={Ott, E.R. and Snee, R.D.},
title={Identifying Useful Differences in a Multiple-Head Machine},
journal={JOURNAL OF QUALITY TECHNOLOGY},
volume={5},
pages={47-57},
year={1973}
}

@article{Biggs,
author={Biggs, R. and Macmillan, R.L.},
title={The Error of the Red Cell Count},
journal={Journal of Clinical Pathology},
volume={1},
issue={5},
pages={288-291},
year={1948}
}


@article{Malik,
author={Malik, W.A. and Mohring, J. and Piepho, H.P.},
title={A clustering-based test for non-additivity in an unreplicated two-way layout},
journal={Communications in Statistics - Simulation and Computation},
volume={1},
pages={1-24},
year={2014}
}

@book{GiesGump,
author={Giesbrecht, F.G. and Gumpertz, M.L.},
title={Planning, Construction, and Statistical Analysis of Comparative Experiments},
publisher={Wiley},
series={Probability and Statistics},
year={2004}
}


@book{Mandel3,
author={Mandel, J.},
title={Evaluation and Control of Measurements},
publisher={Marcel Dekker},
series={Quality and Reliability Series},
year={1991}
}

@book{Hald,
author={Hald, A.},
title={Statistical Theory with Engineering Applications},
publisher={Wiley Publications},
series={Statistics},
year={1952}
}


@book{Lentner,
author={Lentner, M. and Bishop, T.},
title={Experimental Design and Analysis},
publisher={Valley Book Company},
edition={Second},
year={1993}
}

@book{Ostle,
author={Ostle, B.},
title={Statistics in Research, Basic Concepts and Techniques for Research Works},
publisher={The Iowa State University Press},
edition={2nd},
year={1963}
}

@book{OttLongnecker,
author={Ott, R.L. and Longnecker, M.T.},
title={An Introduction to Statistical Methods and Data Analysis},
publisher={Brooks/Cole},
edition={Check},
year={2001}
}

@book{Davies,
author={Davies, O.L. and Goldsmith, P.L.},
title={Statistical Methods in Research and Production},
publisher={Longman},
edition={4th},
year={1972}
}


@article{Cox,
author={Cox, D.R.},
title={Interaction},
journal={International Statistical Review},
volume={52},
pages={1-24},
year={1984}
}

@article{BerCox,
author={Berrington de Gonz\'alez, A. and Cox, D.R.},
title={Interpretation of Interaction: a Review},
journal={The Annals of Applied Statistics},
volume={1},
pages={371-385},
year={2007}
}


@article{Post,
author={Post, J.B. and Bondell, H.D.},
title={Factor selection and structural identification in the interaction {ANOVA} model},
journal={North Carolina State Department of Statistics technical report number 2637},
volume={},
pages={},
year={2011}
}

@article{Tusellspan,
author={Tusell, F.},
title={Una nota sobre el contraste de interaccion en tablas anova rectangulares no replicadas},
journal={Revista de la Real Academia de Ciencias Exactas, Fisicas y Naturales},
volume={81},
pages={677-680},
year={1987}
}


@article{KKSA,
author={Kharrati-Kopaei, M. and Sadooghi-Alvandi, S.M.},
title={A new method for testing interaction in unreplicated two-way analysis of variance},
journal={Communications in Statistics-Theory and Methods},
volume={36},
pages={2787-2803},
year={2007}
}

@article{Tusellcor,
author={Tusell, F.},
title={Corrigendum:  Testing for interaction in two-way ANOVA tables with no replication},
journal={Computational Statistics \& Data Analysis},
volume={13},
pages={121},
year={1992}
}

@article{Chen,
author={Chen, Y. and Kunert, J.},
title={A new quantitative method for analysing unreplicated factorial designs},
journal={Biometrical Journal},
volume={46},
pages={125-140},
year={2004}
}

@article{Ward,
author={Ward, G.C. and Dick, I.D.},
title={Non-additivity in randomized block designs and balanced incomplete block designs},
journal={New Zealand Journal of Science and Technology},
volume={33},
pages={430-436},
year={1952}
}


@article{McDonald,
author={McDonald, L.L},
title={A multivariate extension of {T}ukey's one degree of freedom for non-additivity},
journal={Journal of the American Statistical Association},
volume={675},
pages={674-675},
year={1972}
}

@article{Boik,
author={Boik, R.J.},
title={Testing additivity in two-way classifications with no replications: the locally best invariant test},
journal={Journal of Applied Statistics},
volume={20},
pages={41-55},
year={1993}
}

@article{OsborneNS,
author={Osborne, N.S. and McKelvy, E.C. and Bearce, H.W.},
title={Density and Thermal Expansion of Ethyl Alcohol and its Mixtures with Water},
journal={Bulletin of the Bureau of Standards},
volume={9},
year={1913}
}

@article{Boik2,
author={Boik, R.J.},
title={A comparison of three invariant tests of additivity in two-way classifications with no replications},
journal={Computational Statistics and Data Analysis},
volume={15},
pages={411-424},
year={1993}
}

@article{Tusell,
author={Tusell, F.},
title={Testing for interaction in two-way {ANOVA} tables with no replication},
journal={Computational Statistics and Data Analysis},
volume={10},
pages={29-45},
year={1990}
}

@article{Courcoux,
author={Courcoux, P. and Chavanne, P.C.},
title={Preference mapping using a latent class vector model},
journal={Food Quality and Preference},
volume={12},
pages={369-372},
year={2001}
}

@article{Speed,
author={Speed, F.M. and Speed, F.M},
title={An ad-hoc diagnostic tool for checking for interaction in a nonreplicated
experiment},
journal={Communications in Statistics - Theory and Methods},
volume={23},
pages={1365-1374},
year={1994}
}

@article{Snee,
author={Snee, R.D.},
title={Nonadditivity in a two-way classification: Is it interaction or nonhomogeneous variance},
journal={Journal of the American Statistical Association},
volume={77},
pages={515-519},
year={1982}
}

@article{Grubbs,
author={Grubbs, F.E.},
title={On estimation of precision of measuring instruments and product variability},
journal={Journal of the American Statistical Association},
volume={43},
pages={243-264},
year={1948}
}

@article{Piepho,
author={Piepho, H.},
title={On tests for interaction in a nonreplicated two-way layout},
journal={Australian Journal of Statistics},
volume={36},
pages={363-369},
year={1994}
}

@article{Milliken,
author={Milliken, G.A. and Rasmuson, D.},
title={A heuristic technique for testing for the presence of interaction in nonreplicated factorial experiments},
journal={Australian Journal of Statistics},
volume={19},
pages={32-38},
year={1977}
}

@article{Hegemann2,
author={Hegemann, V. and Johnson, D.E.},
title={On analyzing two-way {A}o{V} data with interaction},
journal={Technometrics},
volume={18},
pages={273-281},
year={1976}
}

@book{Daniel,
author={Daniel, W.},
title={Biostatistics: A Foundation for Analysis in the Health Sciences Eighth edition},
journal={Wiley Series in Probability and Statistics},
pages={341-342},
year={2005}
}

@book{CoxHinkley,
author={Cox, D.R. and Hinkley, D.V.},
title={Theoretical Statistics},
journal={Chapman and Hall},
pages={468-469},
year={1974}
}

@book{FS,
author={Fr\"{u}hwirth-Schnatter, S.},
title={Finite Mixture and Markov Switching Models},
journal={Springer Series in Statistics},
year={2006}
}

@book{Rao,
author={Rao, P.V.},
title={Statistical Research Methods in the Life Sciences},
journal={Brooks/Cole Publishing Company},
year={1998}}

@article{Bondell,
author={Bondell, H. D. and Reich, B.J.},
title={Simultaneous factor selection and collapsing levels in ANOVA},
journal={Biometrics},
volume={65},
pages={169-177},
year={2009}
}

@article{Ramey,
author ={Ramey, T.B. and Rosielle, A.A.},
title ={HASS cluster analysis: a new method of grouping genotypes or environments in plant breeding },
journal = {Theoretical and Applied Genetics},
year={1983},
pages={131-133}
}


@article{Lin,
author={Lin, C.S.},
title={Grouping Genotypes by a cluster method directly related to genotype-environment interaction mean square},
journal = {Theoretical and Applied Genetics},
year={1982},
pages={277-280}
}

Lin, C.-S., Theor. Appl. Genet., 62,277-280, 1982

@article{Zafer-Yab,
author={Zafar-Yab},
title={On Testing for Non-Additivity in Factorial Experiments},
journal={Biometrical Journal},
volume={35},
pages={925-932},
year={1993}
}

@article{Koziol,
author={Koziol, J.A.},
title={Multivariate tests for non-additivity},
journal={Statistical Papers},
volume={30},
pages={27-37},
year={1989}
}

@article{Tuk,
author={Tukey, J.},
title={Answers to query 113},
journal={Biometrics},
volume={11},
pages={111},
year={1955}
}


@article{Shinawi,
author={Shinawi, M. and Wai Cheung, S.},
title={The array {CGH} and its clinical applications},
journal={Drug Discovery Today},
volume={13},
pages={760-770},
year={2008}
}


@article{Dempster,
author={Dempster, A.P. and Laird, N.M. and Rubin, D.B.},
title={Maximum likelihood from incomplete data via the EM algorithm},
journal={Journal of the Royal Statistical Society},
volume={39},
pages={1-38},
year={1977}
}

@book{EfTib,
author={Efron, B. and Tibshirani, R.},
title={An introduction to the bootstrap},
journal={London: Chapman and Hall},
year={1993}
}

@book{Lindsay,
author={Lindsay, B. G.},
title={Mixture models: theory, geometry, and applications},
journal={American Statistical Association},
year={1995}
}

@book{Casella,
author={Casella, G. and Berger, R.},
title={Statistical Inference, Second Edition},
journal={Wiley Series in Probability and Statistics},
pages={341-342},
year={2002}
}

@book{Tanner,
author={Tanner, M.A.},
title={Tools for Statistical Inference: Methods for the Exploration of Posterior Distributions and Likelihood Functions},
journal={Springer Series in Statistics},
year={1996}
}

@book{McLachlan,
author={McLachlan, G. and Peel, D.},
title={Finite Mixture Models},
journal={New York: Wiley.},
year={2000}
}

@book{Titterington,
author={Titterington, D.M., and Smith, A.F., and Markov, U.E.},
title={Statistical analysis of finite mixture distributions},
publisher={New York:Wiley},
year={1985}
}

@book{JohnsonW,
author={Johnson, R. and Wichern, D.},
title={Applied Multivariate Statistical Analysis, sixth edition},
publisher={Pearson Prentice Hall},
year={2007}
}

@article{JohnsonD,
author={Johnson, D.E. and Graybill, F.A.},
title={An analysis of a two-way model with interaction and no replication},
journal={Journal of the American Statistical Association},
volume={67},
pages={862-868},
year={1972}
}

@article{Graybillex,
author={Graybill, F.A.},
title={Variance Heterogeneity in a Randomized Block Design},
journal={Biometrics},
volume={10},
pages={516-520},
year={1954}
}

@article{Hirotsu,
author={Hirotsu, C.},
title={An approach to defining the pattern of interaction effects in a two-way layout},
journal={Annals of the Institute of Statistical Mathematics},
volume={35},
pages={77-90},
year={1982}
}

@article{Spiegelhalter,
author={Spiegelhalter, D.J. and Best, N. and Carlin, B. and Van Der Linde, A.},
title={Bayesian measures of model complexity and fit},
journal={Journal of the Royal Statistical Society, Series B},
volume={64},
pages={583-640},
year={2002}
}

@article{BM,
author={Basford, K.E. and McLachlan, G.J.},
title={Cluster analysis in a randomized complete block design},
journal={Communication in statistics - theory and methods},
volume={14},
pages={451-463},
year={1985}
}

@article{Richardson,
author={Richardson, S. and Green, P.},
title={On Bayesian analysis of mixtures with an unknown number of components},
journal={Journal of the Royal Statistical Society, Series B (Methodological)},
volume={59},
pages={731-792},
year={1997}
}

@article{Celeux,
author={Celeux, G. and Forbes, F. and Robert, C. and Titterington, D.},
title={Deviance information criterion for missing data models.},
journal={Bayesian Analysis},
volume={1},
pages={651-674},
year={2006}
}

@article{Truong,
author={Truong, V.D. and Pascua, Y.T. and Reynolds, R. and Thompson, R.L.},
title={Evaluation of post-harvest handling practices and biochemical changes affecting French fry quality of long-term stored sweetpotatoes.},
journal={Golden LEAF funded project, Progress Report, NC State University},
year={2010}
}

@article{Akaike,
author={Akaike, H.},
title={A new look at the statistical identification model},
journal={IEEE Transactions on Automatic Control},
volume={19},
pages={716-723},
year={1974}
}

@article{Ghosh,
author={Ghosh,J.k, and Sen, P.K.},
title={On the Asymptotic Performance of the Log Likelohood Ratio Statistic for the Mixture Model and Related Results},
journal={Proceedings of the Berkeley Conference in Honor of Jerzy Neyman and Jack Kiefer, vol. II Wadsworth, Montery, 789806.},
year={1984}
}

@article{Barker,
author={Barker, C. and Stefanski, L. and Osborne, J.A.},
title={The orthogonal interactions model for unreplicated factorial experiments, unpublished manuscript},
year={2009}
}



@article{Garel,
author={Garel, B.},
title={Recent asymtotic results in testing for mixtures},
journal={Computational Statistics and Data Analysis},
volume={51},
pages={5295-5304},
year={1996}
}

@article{Schwartz,
author={Schwartz, G.},
title={Estimating the dimmension of a model},
journal={Annals of Statistics},
volume={6},
pages={461-464},
year={1978}
}

@article{Tukey,
author={Tukey, J.},
title={One Degree of Freedom for Non-Additivity},
journal={Biometrics},
volume={5},
pages={232-242},
year={1949}
}

@article{Alin,
author={Alin, A. and Kurt,S.},
title={Testing non-additivity (interaction) in two-way {ANOVA} tables with no replication},
journal={Statistical Methods in Medical Research},
year={2006},
volume={15},
pages={63-85}
}

@article{Mandel1,
author={Mandel, J.},
title={Non-Additivity in Two-Way Analysis of Variance},
journal={Journal of the American Statistical Association},
year={1961},
volume={56},
pages={878-888}
}

@article{Mandel2,
author={Mandel, J.},
title={A New Analysis of Variance Model for Non-Additive Data},
journal={Technometrics},
year={1971},
volume={13},
pages={1-18}
}

@article{Gollob,
author={Gollob, H.F.},
title={A Statistical Model which Combines Features of Factor Analytic and Analysis of Variance Techniques},
journal={Psychometrika},
year={1968},
volume={33},
pages={73-115}
}


@article{Pardo,
author={Pardo, L. and Pardo, M.C.},
title={Nonadditivity in loglinear models using $\phi$-divergences and {MLE}s},
journal={Journal of Statistical Planning and Inference},
year={2005},
volume={127},
pages={237-252}
}

@article{JohnsonGraybill,
author={Johnson, D.E. and Graybill, F.A.},
title={Estimation of $\sigma^2$ in a two-way classification model with interaction},
journal={Journal of the American Statistical Association},
year={1972},
volume={67},
pages={338-394}
}


@article{Brooks,
author={Brooks, B.M. and Rose, F.D. and Attree, E.A. and Elliot-Square, A.},
title={An Evaluation of the Efficacy of Training People With Learning Disabilities in a Virtual Environment},
journal={Disability and Rehabilitation},
volume={24},
year={2002},
pages={622-626}
}

@article{Anscombe,
author={Anscombe, F.J. and Tukey, J.W.},
title={The examination and analysis of residuals},
journal={Technometrics},
volume={5},
year={1963},
pages={141-160}
}

@article{Cressie,
author={Cressie, N.A.C.},
title={Removing nonadditivity from two-way tables with one observation per cell},
journal={Biometrics},
volume={34},
year={1978},
pages={505-513}
}

@article{Boxcox,
author={Box, G.E.P. and Cox, D.R.},
title={An analysis of transformations},
journal={Journal of the Royal Statistical Society.  Series B},
volume={26},
year={1964},
pages={211-252}
}

@article{GhoshSharm,
author={Ghosh, M.N. and Sharma, D.},
title={Power of {T}ukey's TEST for non-additivity},
journal={Journal of the Royal Statistical Society. Series B},
volume={1},
year={1963},
pages={213-219}
}

@article{Hegemann,
author={Hegemann, V. and Johnson, D.E.},
title={The power of two tests for nonadditivity},
journal={Journal of the American Statistical Association},
volume={71},
year={1976},
pages={945-948}
}

@article{Guo,
author={Guo, J. and Wall, M. and Amemiya, Y.},
title={Latent class regressors on latent factors},
journal={Biostatistics},
volume={7,1},
year={2006},
pages={145-163}
}


@Manual{Rteam,
    title = {R: A Language and Environment for Statistical Computing},
    author = {{R Core Team}},
    organization = {R Foundation for Statistical Computing},
    address = {Vienna, Austria},
    year = {2014},
    url = {http://www.R-project.org/},
  }


