@book{AppleXgridSystem,
author = {{{Apple Inc.}}},
title = {{Mac OS X Server: Xgrid Administration and High Performance Computing (Version 10.6 Snow Leopard)}},
publisher = {Apple Inc.},
year = {2009}
}
@book{collinslanza,
author = {L.~M. {Collins and S.~T. Lanza}},
title = {{Latent Class and Latent Transition Analysis: With Applications in the Social, Behavioral, and Health Sciences}},
publisher = {Wiley},
year = {2009}
}
@book{runjags,
author = {M.~J. {Denwood}},
title = {{runjags: Run Bayesian MCMC Models in the BUGS syntax from Within R, }},
publisher = {R package version 0.9.9-1},
year = {2010},
url = {http://cran.r-project.org/web/packages/runjags/}
}
@book{PVM,
author = {A.~{Geist, A.~Beguelin, J.~Dongarra, W.~Jiang, R.~Manchek, and V.~Sunderam}},
title = {{PVM: Parallel Virtual Machine: A Users' Guide and Tutorial for Networked Parallel Computing}},
publisher = {MIT Press},
year = {1994},
url = {http://www.csm.ornl.gov/pvm/}
}
@book{Hesterberg,
author = {T.~{Hesterberg}},
title = {{It's time to retire the $ngeq30$ rule}},
publisher = {Proceedings of the Joint Statistical Meetings   ~timhesterberg/articles/},
year = {2008},
url = {http://home.comcast.net/}
}
@book{xgrid,
author = {N.~{Horton and S.~Anoke}},
title = {{xgrid: Access Apple Xgrid using R, }},
publisher = {R package version 0.2-5},
year = {2012},
url = {http://CRAN.R-project.org/package=xgrid}
}
@book{keel,
author = {P.~K. {Keel, M.~Fichter, N.~Quadflieg, C.~M. Bulik, M.~G. Baxter, L.~Thornton, K.~A. Halmi, A.~S. Kaplan, M.~Strober, D.~B. Woodside, S.~J. Crow, J.~E. Mitchell, A.~Rotondo, M.~Mauri, G.~Cassano, J.~Treasure, D.~Goldman, W.~H. Berrettini, and W.~H. Kaye}},
title = {{Application of a latent class analysis to empirically define eating disorder phenotypes}},
publisher = {Archives of General Psychiatry 61 (2): February},
pages = {192--200},
year = {2004}
}
@book{rpvm,
author = {N.~M. {Li and A.~J. Rossini}},
title = {{rpvm: Cluster statistical computing in R}},
publisher = {R News 1 (3):},
pages = {4--7},
year = {2001}
}
@book{poLCA,
author = {D.~A. {Linzer and J.~B. Lewis}},
title = {{poLCA: An R package for polytomous variable latent class analysis}},
publisher = {Journal of Statistical Software 42 (10):},
pages = {1--29},
year = {2011},
url = {http://www.jstatsoft.org/v42/i10/}
}
@book{snow,
author = {A.~J. {Rossini, L.~Tierney, and N.~Li}},
title = {{Simple parallel statistical computing in R}},
publisher = {Journal of Computational and Graphical Statistics 16(2):},
pages = {399--420},
year = {2007}
}
@book{sawi:blai:1992,
author = {S.~S. {Sawiloswky and R.~C. Blair}},
title = {{A more realistic look at the robustness and Type II error properties of the t test to departures from population normality}},
publisher = {Psychological Bulletin 111 (2):},
pages = {352--360},
year = {1992}
}
@book{swanson,
author = {S.~A. {Swanson, K.~Lindenberg, S.~Bauer, and R.~D. Crosby}},
title = {{A Monte Carlo investigation of factors influencing latent class analysis: An application to eating disorder research}},
publisher = {Journal of Abnormal Psychology 121 (1):},
pages = {225--231},
year = {2011}
}
@book{multicore,
author = {S.~{Urbanek}},
title = {{multicore: Parallel processing of R code on machines with multiple cores or CPUs, }},
publisher = {R package version 0.1-7},
year = {2011},
url = {http://CRAN.R-project.org/package=multicore}
}
@book{GridR,
author = {D.~{Wegener, T.~Sengstag, S.~Sfakianakis, and A.~A. S.~R{\"u}ping}},
title = {{GridR: An R-based grid-enabled tool for data analysis in ACGT Clinico-Genomic Trials}},
publisher = {Proceedings of the 3rd International Conference on e-Scienceand Grid Computing (eScience )},
year = {2007}
}
@book{wilk:alle:1999,
author = {B.~{Wilkinson and M.~Allen}},
title = {{Parallel Programming: Techniques and Applications Using Networked Workstations and Parallel Computers}},
publisher = {Prentice Hall},
year = {1999}
}
@book{Rmpi,
author = {H.~{Yu}},
title = {{Rmpi: Parallel statistical computing in R}},
publisher = {R News 2 (2):},
pages = {10--14},
year = {2002}
}

