% Encoding: windows-1252

@Article{bakar2015,
  author =  {Bakar, Khandoker Shuvo and Sahu, Sujit K},
  title =   {{spTimer}: Spatio-Temporal {B}ayesian Modelling Using {R}},
  journal = {Journal of Statistical Software},
  year =    {2015},
  volume =  {63},
  number =  {15},
  pages =   {1--32},
  doi = {10.18637/jss.v063.i15}
}

@Manual{Beygelzimer2013,
  Title                    = {{FNN}: Fast Nearest Neighbor Search Algorithms and Applications},
  Author                   = {Alina Beygelzimer and Sham Kakadet and John Langford and Sunil Arya and David Mount and Shengqiao Li},
  Note                     = {R package version 1.1},
  Year                     = {2013},

  Url                      = {https://CRAN.R-project.org/package=FNN}
}

@Article{Bilonick1988,
  Title =	 {Monthly hydrogen ion deposition maps for the
                  northeastern {U.S.} from {J}uly 1982 to {S}eptember
                  1984},
  Author =	 {Richard A. Bilonick},
  Journal =	 {Atmospheric Environment (1967)},
  Year =	 {1988},
  Number =	 {9},
  Pages =	 {1909--1924},
  Volume =	 {22},
  doi =		 {10.1016/0004-6981(88)90080-7},
}

@Article{biondi,
  Title =	 {Space-time kriging extension of precipitation
                  variability at 12 km spacing from tree-ring
                  chronologies and its implications for drought
                  analysis },
  Author =	 {Biondi, F.},
  Journal =	 {Hydrology and Earth System Sciences Discussussions},
  Year =	 {2013},
  Pages =	 {4301--4335},
  Volume =	 {10},
  doi =		 {10.5194/hessd-10-4301-2013}
}

@Book{Cressie2011,
  Title                    = {Statistics for Spatio-Temporal Data},
  Author                   = {Cressie, Noel and Wikle, Christopher K},
  Publisher                = {Wiley},
  Year                     = {2011}
}

@Article{DeCesare2001,
  Title                    = {Estimating and modeling space-time correlation structures},
  Author                   = {L. {De Cesare} and D.E Myers and D Posa},
  Journal                  = {Statistics \& Probability Letters},
  Year                     = {2001},
  Number                   = {1},
  Pages                    = {9--14},
  Volume                   = {51},

  doi = {10.1016/S0167-7152(00)00131-0},
}

@Article{DeIaco2001,
  Title                    = {Space-time analysis using a general product-sum model},
  Author                   = {De Iaco, S. and D.E. Myers and D. Posa},
  Journal                  = {Statistics \& Probability Letters},
  Year                     = {2001},
  Number                   = {1},
  Pages                    = {21--28},
  Volume                   = {52},

  doi = {10.1016/S0167-7152(00)00200-5},
}

@Article{finley2015,
  author =  {Finley, Andrew O and Banerjee, Sudipto and Gelfand, Alan E},
  title =   {{spBayes} for Large Univariate and Multivariate Point-Referenced Spatio-Temporal Data Models},
  journal = {Journal of Statistical Software},
  year =    {2015},
  volume =  {63},
  number =  {13},
  doi = {10.18637/jss.v063.i13}
}

@Article{Gasch2015,
  author =	 {Caley K. Gasch and Tomislav Hengl and Benedikt
                  Gr{\"a}ler and Hanna Meyer and Troy S. Magney and
                  David J. Brown},
  title =	 {Spatio-temporal interpolation of soil water,
                  temperature, and electrical conductivity in {3D} +
                  {T}: The {C}ook Agronomy Farm data set},
  journal =	 {Spatial Statistics},
  year =	 {2015},
  volume =	 {14},
  number =	 {Part A},
  pages =	 {70--90},
  doi =		 {10.1016/j.spasta.2015.04.001},
}

@Article{hu,
  Title =	 {Spatio-temporal Transmission and Environmental
                  Determinants of Schistosomiasis Japonica in {A}nhui
                  Province, {C}hina},
  Author =	 {Yi Hu and Rui Li and Robert Bergquist and Henry Lynn
                  and Fenghua Gao and Qizhi Wang and Shiqing Zhang and
                  Liqian Sun and Zhijie Zhang and Qingwu Jiang},
  Journal =	 {PLoS Neglected Tropical Diseases},
  Year =	 {2015},
  Number =	 {2},
  Volume =	 {9},
  doi = {10.1371/journal.pntd.0003470}
}

@Article{Kilibarda2014,
  Title                    = {Spatio-temporal interpolation of daily temperatures for global land areas at 1 km resolution},
  Author                   = {Kilibarda, Milan and Hengl, Tomislav and Heuvelink, Gerard B. M. and Gr{\"a}ler, Benedikt and Pebesma, Edzer and Per\v{c}ec Tadi{\'c}, Melita and Bajat, Branislav},
  Journal                  = {Journal of Geophysical Research: Atmospheres},
  Year                     = {2014},
  Number                   = {5},
  Pages                    = {2294--2313},
  Volume                   = {119},
  doi = {10.1002/2013JD020803}
}

@Article{kj99,
  Title                    = {Geostatistical Space-Time Models: A Review},
  Author                   = {Kyriakidis, Phaedon C. and Journel, Andr\'{e} G.},
  Journal                  = {Mathematical Geology},
  Year                     = {1999},
  Number                   = {6},
  Pages                    = {651--684},
  Volume                   = {31},

  doi = {10.1023/A:1007528426688},
  Publisher                = {Kluwer Academic Publishers-Plenum Publishers}
}

@Article{lindgren2015,
  author =    {Lindgren, Finn and Rue, H{\aa}vard},
  title =     {Bayesian spatial modelling with {R-INLA}},
  journal =   {Journal of Statistical Software},
  year =      {2015},
  volume =    {63},
  number =    {19},
  publisher = {University of Bath},
  doi = {10.18637/jss.v063.i19}
}

@Article{marek,
  Title =	 {Using geovisual analytics in {G}oogle {E}arth to
                  understand disease distribution: A case study of
                  campylobacteriosis in the {C}zech {R}epublic
                  (2008--2012)},
  Author =	 {Luk\'{a}\u{s} Marek and Pavel Tu\u{c}ek and V\'{i}t
                  P\'{a}szto},
  Journal =	 {International Journal of Health Geographics},
  Year =	 {2015},
  Number =	 {7},
  Pages =	 {1--13},
  Volume =	 {14},
  Url =		 {http://www.ij-healthgeographics.com/content/14/1/7}
}

@Article{Nash2014,
  Title =	 {On Best Practice Optimization Methods in {R}},
  Author =	 {John C. Nash},
  Journal =	 {Journal of Statistical Software},
  Year =	 {2014},
  Number =	 {2},
  Pages =	 {1--14},
  Volume =	 {60},
  doi =		 {10.18637/jss.v060.i02},
}

@Article{optim,
  Title                    = {Numerical Optimization in {R}: {B}eyond optim},
  Author                   = {Ravi Varadhan},
  Journal                  = {Journal of Statistical Software},
  Year                     = {2014},

  Month                    = {9},
  Number                   = {1},
  Pages                    = {1--3},
  Volume                   = {60},
    doi = {10.18637/jss.v060.i01}
}

@Article{pe1,
  Title =	 {Mapping Sea Bird Densities over the {N}orth {S}ea:
                  Spatially Aggregated Estimates and Temporal Changes},
  Author =	 { Edzer J. Pebesma and Richard N.M. Duin and Peter
                  A. Burrough},
  Journal =	 {Environmetrics},
  Year =	 { 2005 },
  Number =	 {6},
  Pages =	 {573--587},
  Volume =	 {16},
  doi =		 {10.1002/env.723}
}

@InCollection{pe2,
  Title =	 {Spatio-temporal mapping of sea floor sediment
                  pollution in the {N}orth {S}ea},
  Author =	 {Edzer J. Pebesma and Richard N.M. Duin},
  Booktitle =	 {Fifth European Conference on Geostatistics for
                  Environmental Applications, GeoENV2004},
  Publisher =	 {Springer},
  Year =	 {2005},
  Editor =	 { Philip Renard and Roland Froidevaux },
  Pages =	 { 367--378 },
  doi =		 {10.1007/3-540-26535-X_31}
}

@Article{Pebesma2004,
  Title                    = {Multivariable geostatistics in {S}: The gstat package},
  Author                   = {Edzer J. Pebesma},
  Journal                  = {Computers \& Geosciences},
  Year                     = {2004},
  Pages                    = {683--691},
  Volume                   = {30},

  Owner                    = {b_grae02},
  Timestamp                = {2013.04.17},
  doi = {10.1016/j.cageo.2004.03.012}
}

@Article{Pebesma2012,
  Title =	 {{spacetime}: Spatio-Temporal Data in {R}},
  Author =	 {Edzer Pebesma},
  Journal =	 {Journal of Statistical Software},
  Year =	 {2012},
  Number =	 {7},
  Pages =	 {1--30},
  Volume =	 {51},
  doi =		 {10.18637/jss.v051.i07},
}

@Article{Schlather2014,
  Title =	 {Analysis, Simulation and Prediction of Multivariate
                  Random Fields with Package {RandomFields}},
  Author =	 {Martin Schlather and Alexander Malinowski and Peter
                  J. Menck and Marco Oesting and Kirstin Strokorb},
  Journal =	 {Journal of Statistical Software},
  Year =	 {2014},
  Number =	 {8},
  Pages =	 {1--25},
  Volume =	 {63},
  doi =		 {10.18637/jss.v063.i08},
}

@Article{sigrist2015,
  author =	 {Fabio Sigrist and Hans R. K\"unsch and Werner
                  A. Stahel},
  title =	 {{spate}: An {R} Package for Spatio-Temporal Modeling
                  with a Stochastic Advection-Diffusion Process},
  journal =	 {Journal of Statistical Software},
  year =	 {2015},
  volume =	 {63},
  number =	 {14},
  pages =	 {1--23},
  doi =		 {10.18637/jss.v063.i14},
}

@Article{Snepvangers2003,
  Title =	 {Soil water content interpolation using
                  spatio-temporal kriging with external drift},
  Author =	 {J.J.J.C Snepvangers and G.B.M Heuvelink and J.A
                  Huisman},
  Journal =	 {Geoderma},
  Year =	 {2003},
  Number =	 {3--4},
  Pages =	 {253--271},
  Volume =	 {112},
  doi =		 {10.1016/S0016-7061(02)00310-5},
}

@Article{yoon,
  author =	 {Seo Youn Yoon and Srinath K. Ravulaparthy and
                  Konstadinos G. Goulias},
  title =	 {Dynamic diurnal social taxonomy of urban
                  environments using data from a geocoded time use
                  activity-travel diary and point-based business
                  establishment inventory },
  journal =	 {Transportation Research Part A: Policy and Practice},
  year =	 {2014},
  volume =	 {68},
  pages =	 {3--17},
  doi =		 {10.1016/j.tra.2014.01.004},
}


