@Article{harrison-1978-hedonic,
  title = {Hedonic Housing Prices and the Demand for Clean Air},
  author = {David Harrison and Daniel L. Rubinfeld},
  year = {1978},
  journal = {Journal of Environmental Economics and Management},
  volume = {5},
  number = {1},
  pages = {81-102},
  url = {https://doi.org/10.1016/0095-0696(78)90006-2},
}

@Article{breiman-1985-estimating,
  author = {Leo Breiman and Jerome H. Friedman},
  title = {Estimating Optimal Transformations for Multiple Regression and Correlation},
  journal = {Journal of the American Statistical Association},
  volume = {80},
  number = {391},
  pages = {580-598},
  year = {1985},
  url = {https://doi.org/10.1080/01621459.1985.10478157},
}

@Article{friedman-2008-predictive,
  author = {Jerome H. Friedman and Bogdan E. Popescu},
  title = {Predictive Learning via Rule Ensembles},
  journal = {Annals of Applied Statistics},
  year = {2008},
  volume = {2},
  number = {3},
  pages = {916--954},
  url = {https://doi.org/10.1214/07-aoas148},
}

@Article{friedman-2001-greedy,
  author = {Jerome H. Friedman},
  title = {Greedy Function Approximation: A Gradient Boosting Machine},
  journal = {The Annals of Statistics},
  year = {2001},
  volume = {29},
  pages = {1189--1232},
  url= {https://doi.org/10.1214/aos/1013203451},
}

@Article{friedman-1991-mars,
  author = {Jerome H. Friedman},
  title = {Multivariate Adaptive Regression Splines},
  journal = {The Annals of Statistics},
  year = {1991},
  volume = {19},
  number = {1},
  pages = {1--67},
  url = {https://doi.org/10.1214/aos/1176347963},
}

@Article{goldstein-peeking-2015,
  title = {Peeking Inside the Black Box: Visualizing Statistical Learning with Plots of Individual Conditional Expectation},
  author = {Alex Goldstein and Adam Kapelner and Justin Bleich and Emil Pitkin},
  journal = {Journal of Computational and Graphical Statistics},
  volume = {24},
  number = {1},
  pages = {44--65},
  year = {2015},
  url = {https://doi.org/10.1080/10618600.2014.907095},
}

@Article{hunter-matplotlib-2007,
  author = {John D. Hunter},
  title = {Matplotlib: A 2D Graphics Environment},
  journal = {Computing In Science \& Engineering},
  volume = {9},
  number = {3},
  pages = {90--95},
  publisher = {IEEE COMPUTER SOC},
  year = {2007},
  url = {https://doi.org/10.1109/mcse.2007.55},
}

@Article{plyr-pkg,
  title = {The Split-Apply-Combine Strategy for Data Analysis},
  author = {Hadley Wickham},
  journal = {Journal of Statistical Software},
  year = {2011},
  volume = {40},
  number = {1},
  pages = {1--29},
  url = {https://doi.org/10.18637/jss.v040.i01},
}

@Article{randomForest-pkg,
  title = {Classification and Regression by randomForest},
  author = {Andy Liaw and Matthew Wiener},
  journal = {R News},
  year = {2002},
  volume = {2},
  number = {3},
  pages = {18--22},
  url = {http://CRAN.R-project.org/doc/Rnews/},
}

@Article{fox-effects-2003,
  title = {Effect Displays in {R} for Generalised Linear Models},
  author = {John Fox},
  journal = {Journal of Statistical Software},
  year = {2003},
  volume = {8},
  number = {15},
  pages = {1--27},
  url = {https://doi.org/10.18637/jss.v008.i15},
}

@Article{kernlab-pkg,
  title = {Kernlab -- An {S4} Package for Kernel Methods in {R}},
  author = {Alexandros Karatzoglou and Alex Smola and Kurt Hornik and Achim Zeileis},
  journal = {Journal of Statistical Software},
  year = {2004},
  volume = {11},
  number = {9},
  pages = {1--20},
  url = {https://doi.org/10.18637/jss.v011.i09},
}

@Article{friedman-ppr-1981,
  title = {Projection Pursuit Regression},
  author = {Jerome H. Friedman and Werner Stuetzle},
  journal = {Journal of the American Statistical Association},
  year = {1981},
  volume = {76},
  number = {376},
  pages = {817--823},
  url = {https://doi.org/10.1080/01621459.1981.10477729},
}

@Article{adabag-pkg,
  title = {{adabag}: An {R} Package for Classification with Boosting and Bagging},
  author = {Esteban Alfaro and Mat\'ias G\'amez and Noelia Garc\'ia},
  journal = {Journal of Statistical Software},
  year = {2013},
  volume = {54},
  number = {2},
  pages = {1--35},
  url = {https://doi.org/10.18637/jss.v054.i02},
}

@Book{fitzmaurice-2011-applied,
  title = {Applied Longitudinal Analysis},
  author = {G. M. Fitzmaurice and N. M. Laird and J. H. Ware},
  series = {Wiley Series in Probability and Statistics},
  year = {2011},
  publisher = {John Wiley \& Sons},
}

@Book{lattice-pkg,
  title = {Lattice: Multivariate Data Visualization with R},
  author = {Deepayan Sarkar},
  publisher = {Springer-Verlag},
  address = {New York},
  year = {2008},
  note = {ISBN 978-0-387-75968-5},
  url = {http://lmdvr.r-forge.r-project.org},
}

@Book{hastie-elements-2009,
  title = {The Elements of Statistical Learning: Data Mining, Inference, and Prediction, Second Edition},
  author = {Trevor Hastie and Robert. Tibshirani and Jerome Friedman},
  series = {Springer Series in Statistics},
  year = {2009},
  publisher = {Springer-Verlag},
}

@Book{venables-modern-2002,
  title = {Modern Applied Statistics with {S}},
  author = {W. N. Venables and B. D. Ripley},
  publisher = {Springer-Verlag},
  edition = {4th},
  address = {New York},
  year = {2002},
  url = {http://www.stats.ox.ac.uk/pub/MASS4},
}

@Book{fox-car-2011,
  title = {An {R} Companion to Applied Regression},
  edition = {2nd},
  author = {John Fox and Sanford Weisberg},
  year = {2011},
  publisher = {Sage},
  address = {Thousand Oaks {CA}},
  url = {http://socserv.socsci.mcmaster.ca/jfox/Books/Companion},
}

@Book{ggplot2-pkg,
  author = {Hadley Wickham},
  title = {ggplot2: Elegant Graphics for Data Analysis},
  publisher = {Springer-Verlag},
  year = {2009},
  isbn = {978-0-387-98140-6},
  url = {http://ggplot2.org},
}

@Manual{mda-pkg,
  title = {mda: Mixture and Flexible Discriminant Analysis},
  author = {Friedrich Leisch and Kurt Hornik and Brian D. Ripley.},
  year = {2016},
  note = {R package version 0.4-9},
  url = {https://CRAN.R-project.org/package=mda},
}

@Manual{ranger-pkg,
  title = {ranger: A Fast Implementation of Random Forests},
  author = {Marvin N. Wright},
  year = {2017},
  note = {R package version 0.7.0},
  url = {https://CRAN.R-project.org/package=ranger},
}

@Manual{dplyr-pkg,
  title = {dplyr: A Grammar of Data Manipulation},
  author = {Hadley Wickham and Romain Francois},
  year = {2016},
  note = {R package version 0.5.0},
  url = {https://CRAN.R-project.org/package=dplyr},
}

@Manual{gbm-pkg,
  title = {gbm: Generalized Boosted Regression Models},
  author = {Greg Ridgeway},
  year = {2017},
  note = {R package version 2.1.3},
  url = {https://CRAN.R-project.org/package=gbm},
}

@Manual{latticeExtra-pkg,
  title = {latticeExtra: Extra Graphical Utilities Based on Lattice},
  author = {Deepayan Sarkar and Felix Andrews},
  year = {2016},
  note = {R package version 0.6-28},
  url = {https://CRAN.R-project.org/package=latticeExtra},
}

@Manual{gridExtra-pkg,
  title = {gridExtra: Miscellaneous Functions for "Grid" Graphics},
  author = {Baptiste Auguie},
  year = {2016},
  note = {R package version 2.2.1},
  url = {https://CRAN.R-project.org/package=gridExtra},
}

@Manual{grid-pkg,
  title = {R: A Language and Environment for Statistical Computing},
  author = {{R Core Team}},
  organization = {R Foundation for Statistical Computing},
  address = {Vienna, Austria},
  year = {2017},
  url = {https://www.R-project.org/},
}

@Manual{caret-pkg,
  title = {caret: Classification and Regression Training},
  author = {Max Kuhn},
  year = {2017},
  note = {R package version 6.0-76},
  url = {https://CRAN.R-project.org/package=caret},
}

@Manual{Cubist-pkg,
  title = {Cubist: Rule- And Instance-Based Regression Modeling},
  author = {Max Kuhn and Steve Weston and Chris Keefer and Nathan Coulter},
  year = {2016},
  note = {R package version 0.0.19},
  url = {https://CRAN.R-project.org/package=Cubist},
}

@Manual{C50-pkg,
  title = {C50: C5.0 Decision Trees and Rule-Based Models},
  author = {Max Kuhn and Steve Weston and Nathan Coulter and Mark Culp},
  year = {2015},
  note = {R package version 0.1.0-24},
  url = {https://CRAN.R-project.org/package=C50},
}

@Manual{xgboost-pkg,
  title = {xgboost: Extreme Gradient Boosting},
  author = {Tianqi Chen and Tong He and Michael Benesty},
  year = {2017},
  note = {R package version 0.6-4},
  url = {https://CRAN.R-project.org/package=xgboost},
}

@Manual{viridis-pkg,
  title = {viridis: Default Color Maps from 'matplotlib'},
  author = {Simon Garnier},
  year = {2017},
  note = {R package version 0.4.0},
  url = {https://CRAN.R-project.org/package=viridis},
}

@Manual{doParallel-pkg,
  title = {doParallel: Foreach Parallel Adaptor for the 'parallel' Package},
  author = {{Revolution Analytics} and Steve Weston},
  year = {2015},
  note = {R package version 1.0.10},
  url = {https://CRAN.R-project.org/package=doParallel},
}

@Manual{doMC-pkg,
  title = {doMC: Foreach Parallel Adaptor for 'parallel'},
  author = {{Revolution Analytics} and Steve Weston},
  year = {2015},
  note = {R package version 1.3.4},
  url = {https://CRAN.R-project.org/package=doMC},
}

@Manual{magrittr-pkg,
  title = {magrittr: A Forward-Pipe Operator for R},
  author = {Stefan Milton Bache and Hadley Wickham},
  year = {2014},
  note = {R package version 1.5},
  url = {https://CRAN.R-project.org/package=magrittr},
}

@Manual{foreach-pkg,
  title = {foreach: Provides Foreach Looping Construct for R},
  author = {{Revolution Analytics} and Steve Weston},
  year = {2015},
  note = {R package version 1.4.3},
  url = {https://CRAN.R-project.org/package=foreach},
}

@Manual{pdp-pkg,
  title = {pdp: Partial Dependence Plots},
  author = {Brandon Greenwell},
  year = {2017},
  note = {R package version 0.4.0},
  url = {https://CRAN.R-project.org/package=partial},
}

@Manual{mlbench-pkg,
  title = {mlbench: Machine Learning Benchmark Problems},
  author = {Friedrich Leisch and Evgenia Dimitriadou},
  year = {2012},
  note = {R package version 2.1-1},
  url = {https://CRAN.R-project.org/package=mlbench},
}

@Manual{rpart-pkg,
  title = {rpart: Recursive Partitioning and Regression Trees},
  author = {Terry Therneau and Beth Atkinson and Brian Ripley},
  year = {2017},
  note = {R package version 4.1-11},
  url = {https://CRAN.R-project.org/package=rpart},
}

@Manual{party-pkg,
  title = {party: A Laboratory for Recursive Partytioning},
  author = {Torsten Hothorn and Kurt Hornik and Carolin Strobl and Achim Zeileis},
  year = {2017},
  note = {R package version 1.2-3},
  url = {https://CRAN.R-project.org/package=party},
}

@Manual{partykit-pkg,
  title = {partykit: A Laboratory for Recursive Partytioning},
  author = {Torsten Hothorn and Achim Zeileis},
  year = {2016},
  note = {R package version 1.1-1},
  url = {https://CRAN.R-project.org/package=partykit},
}

@Manual{ipred-pkg,
  title = {ipred: Improved Predictors},
  author = {Andrea Peters and Torsten Hothorn},
  year = {2017},
  note = {R package version 0.9-6},
  url = {https://CRAN.R-project.org/package=ipred},
}

@Manual{earth-pkg,
  title = {earth: Multivariate Adaptive Regression Splines},
  author = {Stephen Milborrow},
  year = {2017},
  note = {R package version 4.5.0},
  url = {https://CRAN.R-project.org/package=earth},
}

@Manual{plotmo-pkg,
  title = {plotmo: Plot a Model's Response and Residuals},
  author = {Stephen Milborrow},
  year = {2017},
  note = {R package version 3.3.3},
  url = {https://CRAN.R-project.org/package=plotmo},
}

@Manual{e1071-pkg,
  title = {e1071: Misc Functions of the Department of Statistics, Probability Theory Group (Formerly: E1071), TU Wien},
  author = {David Meyer and Evgenia Dimitriadou and Kurt Hornik and Andreas Weingessel and Friedrich Leisch},
  year = {2017},
  note = {R package version 1.6-8},
  url = {https://CRAN.R-project.org/package=e1071},
}
