@article{Arrieta2020,
  title={Explainable Artificial Intelligence (XAI): Concepts, taxonomies, opportunities and challenges toward responsible AI},
  author={Arrieta, Alejandro Barredo and D{\'\i}az-Rodr{\'\i}guez, Natalia and Del Ser, Javier and Bennetot, Adrien and Tabik, Siham and Barbado, Alberto and Garc{\'\i}a, Salvador and Gil-L{\'o}pez, Sergio and Molina, Daniel and Benjamins, Richard and others},
  journal={Information fusion},
  volume={58},
  pages={82--115},
  year={2020},
  publisher={Elsevier}
}

@Article{Breiman2001,
  Title                    = {Random Forests},
  Author                   = {Breiman, Leo},
  Journal                  = {Machine Learning},
  Year                     = {2001},
  Number                   = {1},
  Pages                    = {5--32},
  Volume                   = {45},
  Doi                      = {10.1023/A:1010933404324},
  Publisher                = {Springer}
}

@Article{Breiman1996a,
  Title                    = {Heuristics of Instability and Stabilization in Model Selection},
  Author                   = {Breiman, Leo},
  Journal                  = {The Annals of Statistics},
  Year                     = {1996},
  Number                   = {6},
  Pages                    = {2350--2383},
  Volume                   = {24},
  Doi                      = {10.1214/aos/1032181158},
  Publisher                = {Institute of Mathematical Statistics}
}

@Article{Strobl2009,
  Title                    = {An Introduction to Recursive Partitioning: Rationale, Application, and Characteristics of Classification and Regression Trees, Bagging, and Random Forests.},
  Author                   = {Strobl, Carolin and Malley, James and Tutz, Gerhard},
  Journal                  = {Psychological Methods},
  Year                     = {2009},
  Number                   = {4},
  Pages                    = {323},
  Volume                   = {14},
  Doi                      = {10.1037/a0016973},
  Publisher                = {American Psychological Association}
}

@Article{Turney1995,
  Title                    = {Technical Note: Bias and the Quantification of Stability},
  Author                   = {Turney, Peter},
  Journal                  = {Machine Learning},
  Year                     = {1995},
  Number                   = {1},
  Pages                    = {23--33},
  Volume                   = {20},
  Doi                      = {10.1007/bf00993473},
  Publisher                = {Springer}
}

@Manual{Maechler2019,
    title = {\texttt{cluster}: Cluster Analysis Basics and Extensions},
    author = {Martin Maechler and Peter Rousseeuw and Anja Struyf and
      Mia Hubert and Kurt Hornik},
    year = {2019},
   }

@article{miglio2004,
  title={The Comparison between Classification Trees through Proximity Measures},
  author={Miglio, Rossella and Soffritti, Gabriele},
  journal={Computational Statistics \& Data Analysis},
  volume={45},
  number={3},
  pages={577--593},
  year={2004},
  publisher={Elsevier}
}
@article{bauer1999,
  title={An Empirical Comparison of Voting Classification Algorithms: Bagging, Boosting, and Variants},
  author={Bauer, Eric and Kohavi, Ron},
  journal={Machine Learning},
  volume={36},
  number={1-2},
  pages={105--139},
  year={1999},
  publisher={Springer}
}

@article{dietterich2000,
  title={An Experimental Comparison of Three Methods for Constructing Ensembles of Decision Trees: Bagging, Boosting, and Randomization},
  author={Dietterich, Thomas G},
  journal={Machine learning},
  volume={40},
  number={2},
  pages={139--157},
  year={2000},
  publisher={Springer}
}

@Book{Hastie2009,
  Title                    = {The Elements of Statistical Learning: Data Mining, Inference, and Prediction},
  Author                   = {Trevor J.. Hastie and Tibshirani, Robert John and Friedman, Jerome H},
  Publisher                = {Springer},
  Year                     = {2009},
  Address                  = {New York},
  Doi                      = {10.1007/978-0-387-84858-7}
}

@article{skurichina2002,
  title={Bagging, Boosting and the Random Subspace Method for Linear Classifiers},
  author={Skurichina, Marina and Duin, Robert PW},
  journal={Pattern Analysis \& Applications},
  volume={5},
  number={2},
  pages={121--135},
  year={2002},
  publisher={Springer}
}

@article{zhang1998,
  title={Classification Trees for Multiple Binary Responses},
  author={Zhang, Heping},
  journal={Journal of the American Statistical Association},
  volume={93},
  number={441},
  pages={180--193},
  year={1998},
  publisher={Taylor \& Francis Group}
}

@article{lee2005,
  title={On Generalized Multivariate Decision Tree by Using GEE},
  author={Lee, Seong Keon},
  journal={Computational Statistics \& Data Analysis},
  volume={49},
  number={4},
  pages={1105--1119},
  year={2005},
  publisher={Elsevier}
}

@Article{Little2012,
  Title                    = {The Prevention and Treatment of Missing Data in Clinical Trials},
  Author                   = {Little, Roderick J and D'agostino, Ralph and Cohen, Michael L and Dickersin, Kay and Emerson, Scott S and Farrar, John T and Frangakis, Constantine and Hogan, Joseph W and Molenberghs, Geert and Murphy, Susan A and others},
  Journal                  = {New England Journal of Medicine},
  Year                     = {2012},
  Number                   = {14},
  Pages                    = {1355--1360},
  Volume                   = {367},
  Doi                      = {10.1056/NEJMsr1203730},
  Publisher                = {Mass Medical Soc}
}

@Article{Schafer2002,
  Title                    = {Missing Data: Our View of the State of the Art},
  Author                   = {Schafer, Joseph L and Graham, John W},
  Journal                  = {Psychological Methods},
  Year                     = {2002},
  Number                   = {2},
  Pages                    = {147},
  Volume                   = {7},
  Doi                      = {10.1037//1082-989x.7.2.147},
  Publisher                = {American Psychological Association}
}

@book{rubin2004,
  title={Multiple Imputation for Nonresponse in Surveys},
  author={Rubin, Donald B},
  volume={81},
  year={2004},
  publisher={John Wiley \& Sons}
}


@article{friedman2008,
  title={Predictive Learning via Rule Ensembles},
  author={Friedman, Jerome H and Popescu, Bogdan E.},
  journal={The Annals of Applied Statistics},
  volume={2},
  number={3},
  pages={916--954},
  year={2008},
  publisher={Institute of Mathematical Statistics}
}

@article{fokkema2020,
  title={Fitting Prediction Rule Ensembles with R Package \texttt{pre}},
  author={Marjolein Fokkema},
  journal={Journal of Statistical Software},
  volume={92},
  number={12},
  year={2020}
}

 @InProceedings{philipp2016,
    title = {A Toolkit for Stability Assessment of Tree-Based
      Learners},
    author = {Michel Philipp\phantom{} and Achim Zeileis and Carolin Strobl},
    year = {2016},
    booktitle = {Proceedings of {COMPSTAT} 2016 -- 22nd International
      Conference on Computational Statistics},
    editor = {Ana Colubi and Angela Blanco and Cristian Gatu},
    isbn = {978-90-73592-36-0},
    publisher = {The International Statistical Institute/International
      Association for Statistical Computing},
    pages = {315--325}
  }

 @Article{Banerjee2012,
  Title                    = {Identifying Representative Trees from Ensembles},
  Author                   = {Banerjee, Mousumi and Ding, Ying and Noone, Anne-Michelle},
  Journal                  = {Statistics in Medicine},
  Year                     = {2012},
  Number                   = {15},
  Pages                    = {1601--1616},
  Volume                   = {31},

  Doi                      = {10.1002/sim.4492},
  Publisher                = {Wiley Online Library}
}


@Article{Briand2009,
  Title                    = {A Similarity Measure to Assess the Stability of Classification Trees},
  Author                   = {Briand, B{\'e}n{\'e}dicte and Ducharme, Gilles R and Parache, Vanessa and Mercat-Rommens, Catherine},
  Journal                  = {Computational Statistics \& Data Analysis},
  Year                     = {2009},
  Number                   = {4},
  Pages                    = {1208--1217},
  Volume                   = {53},

  Doi                      = {10.1016/j.csda.2008.10.033},
  Publisher                = {Elsevier}
}

@InProceedings{Chipman1998,
  Title                    = {Making Sense of a Forest of Trees},
  Author                   = {Chipman, HA and George, EI and McCulloh, RE},
  Booktitle                = {Computing Science and Statistics, Proceedings of the 30th Symposium on the Interface.},
  Year                     = {1998},

  Address                  = {Fairfax, VA},
  Editor                   = {Sanford Weisberg},
  Pages                    = {84--92},
  Publisher                = {Interface Foundation of North America},

  Journal                  = {Computing Science and Statistics}
}



@Book{Kaufman2009,
  Title                    = {Finding Groups in Data: An Introduction to Cluster Analysis},
  Author                   = {Kaufman, Leonard and Rousseeuw, Peter J},
  Publisher                = {John Wiley \& Sons},
  Year                     = {1990},
 Address= {Hoboken},

  Doi                      = {10.1002/9780470316801}
}

@misc{Dheeru2017 ,
title = {UCI Machine Learning Repository},
author = {Dua, Dheeru and Graff, Casey},
year = {2017},
url = {http://archive.ics.uci.edu/ml},
institution = {University of California, Irvine, School of Information and Computer Sciences}
}


@InCollection{Fehrman2017,
  Title                    = {The Five Factor Model of Personality and Evaluation of Drug Consumption Risk},
  Author                   = {Fehrman, Elaine and Muhammad, Awaz K and Mirkes, Evgeny M and Egan, Vincent and Gorban, Alexander N},
  Booktitle                = {Data Science},
  Publisher                = {Springer},
  Year                     = {2017},
  Pages                    = {231--242},
  Doi                      = {10.1037/10140-001}
}

@article{Pfeifer2022,
  title={Multi-omics disease module detection with an explainable Greedy Decision Forest},
  author={Pfeifer, Bastian and Baniecki, Hubert and Saranti, Anna and Biecek, Przemyslaw and Holzinger, Andreas},
  journal={Scientific Reports},
  volume={12},
  number={1},
  pages={1--15},
  year={2022},
  publisher={Nature Publishing Group}
}

@article{Lundberg2020,
  title={From local explanations to global understanding with explainable AI for trees},
  author={Lundberg, Scott M and Erion, Gabriel and Chen, Hugh and DeGrave, Alex and Prutkin, Jordan M and Nair, Bala and Katz, Ronit and Himmelfarb, Jonathan and Bansal, Nisha and Lee, Su-In},
  journal={Nature machine intelligence},
  volume={2},
  number={1},
  pages={56--67},
  year={2020},
  publisher={Nature Publishing Group}
}

@article{philipp2018,
  title={Measuring the Stability of Results from Supervised Statistical Learning},
  author={Philipp, Michel and Rusch, Thomas and Hornik, Kurt and Strobl, Carolin},
  journal={Journal of Computational and Graphical Statistics},
  volume={27},
  number={4},
  pages={685--700},
  year={2018},
  publisher={Taylor \& Francis}
}



@Article{Shannon1999,
  Title                    = {Combining Classification Trees Using MLE},
  Author                   = {Shannon, William D and Banks, David},
  Journal                  = {Statistics in Medicine},
  Year                     = {1999},
  Number                   = {6},
  Pages                    = {727--740},
  Volume                   = {18},

  Doi                      = {10.1002/(sici)1097-0258(19990330)18:6<727::aid-sim61>3.3.co;2-u},
  Publisher                = {Wiley Online Library}
}


@Article{McCrae2004,
  Title                    = {A Contemplated Revision of the NEO Five-Factor Inventory},
  Author                   = {McCrae, Robert R and Costa, Paul T},
  Journal                  = {Personality and Individual Differences},
  Year                     = {2004},
  Number                   = {3},
  Pages                    = {587--596},
  Volume                   = {36},

  Doi                      = {10.1016/s0191-8869(03)00118-1},
  Publisher                = {Elsevier}
}

@Article{Zuckerman1993,
  Title                    = {A Comparison of Three Structural Models for Personality: The Big Three, the Big Five, and the Alternative Five.},
  Author                   = {Zuckerman, Marvin and Kuhlman, D Michael and Joireman, Jeffrey and Teta, Paul and Kraft, Michael},
  Journal                  = {Journal of Paediatric Personality and Social Psychology},
  Year                     = {1993},
  Number                   = {4},
  Pages                    = {757},
  Volume                   = {65},

  Doi                      = {10.1037//0022-3514.65.4.757},
  Publisher                = {American Psychological Association}
}

@Article{Patton1995,
  Title                    = {Factor Structure of the Barratt Impulsiveness Scale},
  Author                   = {Patton, Jim H. and Stanford, Matthew S. and Baratt, Ernest S.},
  Journal                  = {Journal of Cinical Psychology},
  Year                     = {1995},
  Number                   = {6},
  Pages                    = {768--774},
  Volume                   = {51},

  Doi                      = {10.1002/1097-4679(199511)51:6<768::aid-jclp2270510607>3.0.co;2-1},
  Publisher                = {Wiley Subscription Services, Inc., A Wiley Company}
}

@Article{Rousseeuw1987,
  Title                    = {Silhouettes: A Graphical Aid to the Interpretation and Validation of Cluster Analysis},
  Author                   = {Rousseeuw, Peter J},
  Journal                  = {Journal of Computational and Applied Mathematics},
  Year                     = {1987},
  Pages                    = {53--65},
  Volume                   = {20},

  Doi                      = {10.1016/0377-0427(87)90125-7},
  Publisher                = {Elsevier}
}
@misc{therneau2019,
  title={Package \texttt{rpart}},
  author={Therneau, Terry and Atkinson, Beth and Ripley, Brian},
  howpublished={Available online: \url{https://CRAN.R-project.org/package=rpart}},
  year={2015}
}

  @Article{Hothorna2006,
    title = {Unbiased Recursive Partitioning: A Conditional Inference
      Framework},
    author = {Torsten Hothorn and Kurt Hornik and Achim Zeileis},
    journal = {Journal of Computational and Graphical Statistics},
    year = {2006},
    volume = {15},
    number = {3},
    doi = {10.1198/106186006X133933},
    pages = {651--674},
  }

  @Article{Hothornb2015,
    title = {\texttt{partykit}: A Modular Toolkit for Recursive Partytioning
      in {R}},
    author = {Torsten Hothorn\phantom{} and Achim Zeileis},
    journal = {Journal of Machine Learning Research},
    year = {2015},
    volume = {16},
    pages = {3905-3909},
    url = {http://jmlr.org/papers/v16/hothorn15a.html},
  }

  @Article{Hornik2009,
    title = {Open-Source Machine Learning: {R} Meets {Weka}},
    author = {Kurt Hornik and Christian Buchta and Achim Zeileis},
    journal = {Computational Statistics},
    year = {2009},
    volume = {24},
    number = {2},
    pages = {225--232},
    doi = {10.1007/s00180-008-0119-7},
  }


@Article{Alfaro2013,
    title = {\texttt{adabag}: An {R} Package for Classification with Boosting
      and Bagging},
    author = {Esteban Alfaro and Mat\'ias G\'amez and Noelia Garc\'ia},
    journal = {Journal of Statistical Software},
    year = {2013},
    volume = {54},
    number = {2},
    pages = {1--35},
    url = {http://www.jstatsoft.org/v54/i02/},
  }


  @Article{VanBuuren2011,
    title = {\texttt{mice}: Multivariate Imputation by Chained Equations in
      R},
    author = {Stef {van Buuren} and Karin Groothuis-Oudshoorn},
    journal = {Journal of Statistical Software},
    year = {2011},
    volume = {45},
    number = {3},
    pages = {1-67},
    url = {https://www.jstatsoft.org/v45/i03/},
  }

  @Article{Wright2017,
    title = {{ranger}: A Fast Implementation of Random Forests for High
      Dimensional Data in {C++} and {R}},
    author = {Marvin N. Wright and Andreas Ziegler},
    journal = {Journal of Statistical Software},
    year = {2017},
    volume = {77},
    number = {1},
    pages = {1--17},
    doi = {10.18637/jss.v077.i01},
  }
  
@article{Sies2020,
  title={C443: a Methodology to See a Forest for the Trees},
  author={Sies, Aniek and Van Mechelen, Iven},
  journal={Journal of Classification},
volume= {37},
  pages={730--753},
  year={2020},
  publisher={Springer},
 doi={10.1007/s00357-019-09350-4}
}


@book{Breiman1984,
  title={Classification and Regression Trees},
  author={Breiman, Leo and Friedman, Jerome and Stone, Charles J and Olshen, Richard A},
  year={1984},
  publisher={Wadsworth International Group},
address={Belmont}
}

@article{quinlan1986,
  title={Induction of Decision Trees},
  author={Quinlan, J. Ross},
  journal={Machine Learning},
  volume={1},
  number={1},
  pages={81--106},
  year={1986},
  publisher={Springer}
}


@article{breiman2003,
  title={Setting up, Using, and Understanding Random Forests V3.1},
  author={Breiman, L and Cutler, A},
  journal={University of California, Department of Statistics},
  year={2003},
  pdf = {https://www.stat.berkeley.edu/~breiman/Using_random_forests_V3.1.pdf}
}


@article{Breiman1996b,
  title={Bagging Predictors},
  author={Breiman, Leo},
  journal={Machine Learning},
  volume={24},
  number={2},
  pages={123--140},
  year={1996},
  publisher={Springer}
}

@article{Freund1997,
  title={A Decision-Theoretic Generalization of On-Line Learning and an Application to Boosting},
  author={Freund, Yoav and Schapire, Robert E},
  journal={Journal of Computer and System Sciences},
  volume={55},
  number={1},
  pages={119--139},
  year={1997},
  publisher={Elsevier}
}

@book{rubin1987,
  title={Multiple Imputation for Nonresponse in Surveys},
  author={Rubin, Donald B},
  year={1987},
  publisher={John Wiley \& Sons}
}

@misc{leibniz1764,
  title={Nouveaux Essais sur l'Entendement Humain, livre iv, chap. xvii},
  author={Leibniz, Gottfried Wilhelm},
  year={1764}
}

@book{quinlan1993,
  title={C4. 5: Programs for Machine Learning},
  author={Quinlan, J Ross},
  year={1993},
  publisher={Morgan Kaufmann Publishers}
}



@article{ridgeway2007,
  title={Generalized Boosted Models: A Guide to the \texttt{gbm} Package},
  author={Ridgeway, Greg},
  journal={Update},
  volume={1},
  number={1},
  pages={2007},
  year={2007}
}

 @Article{Liaw2002,
    title = {Classification and Regression by \texttt{randomForest}},
    author = {Andy Liaw and Matthew Wiener},
    journal = {R News},
    year = {2002},
    volume = {2},
    number = {3},
    pages = {18-22},
    url = {https://CRAN.R-project.org/doc/Rnews/},
  }


@inproceedings{schubert2019,
  title={Faster k-medoids Clustering: Improving the PAM, CLARA, and CLARANS Algorithms},
  author={Schubert, Erich and Rousseeuw, Peter J},
  booktitle={International Conference on Similarity Search and Applications},
  pages={171--187},
  year={2019},
  organization={Springer}
}