@book{maps,
author = {R.~A. {Becker, A.~R. Wilks, and {R version by Ray Brownrigg and Thomas P Minka}}},
title = {{pkgmaps: Draw Geographical Maps, }},
publisher = {R package version 2.1-0},
year = {2009},
url = {http://CRAN.R-project.org/package=maps}
}
@book{pixmap,
author = {R.~{Bivand, F.~Leisch, and M.~Maechler}},
title = {{pkgpixmap: Bitmap Images (``Pixel Maps''), }},
publisher = {R package version 0.4-10},
year = {2009},
url = {http://CRAN.R-project.org/package=pixmap}
}
@book{SabinaChiaretti04012004,
author = {S.~{Chiaretti, X.~Li, R.~Gentleman, A.~Vitale, M.~Vignetti, F.~Mandelli, J.~Ritz, and R.~Foa}},
title = {{Gene expression profile of adult T-cell acute lymphocytic leukemia identifies distinct subsets of patients with different response to therapy and survival}},
publisher = {Blood 103 (7):},
pages = {2771--2778},
year = {2004}
}
@book{heatmaptut2,
author = {P.~{Cock}},
title = {{Using R to draw a heatmap from microarray data, }},
year = {2010},
url = {http://www2.warwick.ac.uk/fac/sci/moac/students/peter_cock/r/heatmap}
}
@book{huber,
author = {M.~V. {Granovskaia, L.~M. Jensen, M.~E. Ritchie, J.~Toedling, Y.~Ning, P.~Bork, W.~Huber, and L.~M. Steinmetz}},
title = {{High-resolution transcription atlas of the mitotic cell cycle in budding yeast}},
publisher = {Genome Biology 11 (3): R24},
year = {2010},
url = {http://genomebiology.com/2010/11/3/R24}
}
@book{ReadImages,
author = {M.~{Loecher}},
title = {{ReadImages: Image Reading Module for R, }},
publisher = {R package version 0.1.3.1},
year = {2009},
url = {http://CRAN.R-project.org/package=ReadImages}
}
@book{lattice,
author = {D.~{Sarkar}},
title = {{pkglattice: Lattice Graphics, }},
publisher = {R package version 0.18-3},
year = {2010},
url = {http://CRAN.R-project.org/package=lattice}
}













