@article{RJ-2023-3-sprint,
  author = {Turner, Heather and Becker, Gabriel},
  title = {{R Project Sprint} 2023},
  journal = {The R Journal},
  year = {2023},
  url = {https://journal.R-project.org/news/RJ-2023-3-sprint},
  volume = {15},
  issue = {3},
  issn = {2073-4859},
  pages = {299--305}
}
