
@article{bogdanov14,
  title={Rmind: a tool for cryptographically secure statistical analysis},
  journal={IACR Cryptology ePrint Archive},
  volume={2014},
  pages={512},
  author={Dan Bogdanov and Liina Kamm and Sven Laur and Ville Sokk},
  year=2014
}

@misc{RDieHarder,
  author = {D. Eddelbuettel},
  title = {{RDieHarder}: {R} interface to the dieharder {RNG} test suite},
  howpublished = {\url{http://CRAN.R-project.org/package=RDieHarder}},
  note = {Online; accessed 2016-02-25},
  year = {2014}
}

@misc{randtests,
  author = {F. Caeiro and A. Mateus},
  title = {randtests: Testing randomness in {R}},
  howpublished = {\url{https://CRAN.R-project.org/package=randtests}},
  note = {Online; accessed 2016-02-25},
  year = {2014}
}

@misc{DescTools,
  author =	 {A. Signorell},
  title =	 {{DescTools}: Tools for Descriptive Statistics},
  howpublished =
                  {\url{https://CRAN.R-project.org/package=DescTools}},
  note =	 {Online; accessed 2016-02-25},
  year =	 {2015}
}

@MISC{eddelbuettel_bronw,
  author =	 {D. Eddelbuettel and R.G. Brown},
  title =	 {{RDieHarder}: An {R} interface to the DieHarder
                  suite of Random Number Generator Tests},
  howpublished =
                  {\url{http://CRAN.R-project.org/package=RDieHarder}},
  note =	 "[Online; accessed 16-June-2015]",
  year =	 {2014}
}

@MISC{maechler11a,
  author =	 {M. Maechler},
  title =	 {Arbitrarily accurate computation with {R}: Package
                  {Rmpfr}},
  howpublished =
                  {\url{https://CRAN.R-project.org/web/packages/Rmpfr/vignettes/Rmpfr-pkg.pdf}},
  note =	 "[Online; accessed 18-December-2015]",
  year =	 {2011}
}

@Manual{maechler11b,
  title =	 {{Rmpfr}: {R MPFR} -- Multiple Precision Floating-Point
                  Reliable},
  author =	 {Martin Maechler},
  year =	 {2015},
  note =	 {R package version 0.6-0},
  url =		 {https://CRAN.R-project.org/package=Rmpfr},
}

@Article{demirhan10,
 author     = {H. Demirhan and N.A. Dolgun and Y. Parlak Demirhan and M.O. Dolgun},
 title      = {Performance of some multiple comparison tests under heteroscedasticity and dependency},
 journal    = {Journal of Statistical Computation and Simulation},
 volume     = {80},
 pages      = {1083--1100},
 year       = {2010}
}

@Article{demirhan15,
 author     = {H. Demirhan and N. Bitirim},
 title      = {Statistical testing of cryptographic randomness},
 journal    = {Journal of Statisticians: Statistics and Actuarial Sciences},
 volume     = {9},
 pages      = {1-11},
 year       = {2016}
}

@Article{bleick,
 author     = {W.W. Bleick and P.C.C. Wang},
 title      = {Asymptotics of {S}tirling Numbers of the Second Kind},
 journal    = {Proceedings of the American Mathematical Society},
 volume     = {42},
 pages      = {575--580},
 year       = {1974}
}

@Article{temme,
 author     = {N.M. Temme},
 title      = {Asymptotic estimates of {S}tirling numbers},
 journal    = {Studies in Applied Mathematics},
 volume     = {89},
 pages      = {233--243},
 year       = {1993}
}

@Article{sidak67,
 author     = {Z.K. Sidak},
 title      = {Rectangular Confidence Regions for the Means of Multivariate Normal Distributions},
 journal    = {Journal of the American Statistical Association},
 volume     = {62},
 pages      = {626--633},
 year       = {1967}
}

@Article{dunn61,
 author     = {O.J. Dunn},
 title      = {Multiple Comparisons among Means},
 journal    = {Journal of the American Statistical Association},
 volume     = {56},
 pages      = {52--64},
 year       = {1961}
}


@Article{alani,
 author     = {M.M. Alani},
 title      = {Testing randomness in ciphertext of block-ciphers using DieHard tests},
 journal    = {International Journal of Computer Science and Network Security},
 volume     = {10},
 pages      = {53--57},
 year       = {2010}
}


@Article{alcover,
 author     = {P.M. Alcover and A. Guillamon and M.C. Ruiz},
 title      = {A new randomness test for bit sequences},
 journal    = {Informatica},
 volume     = {24},
 pages      = {339--356},
 year       = {2013}
}


@Article{andrasiu,
 author     = {M. Andrasiu and A. Popescu and G. Simion},
 title      = {Statistical evaluation of cryptographic algorithms},
 journal    = {8th International Conference on Communications},
 volume     = {},
 pages      = {473--476},
 year       = {2010}
}


@MISC{bronw14,
  author = {R.G. Brown and D. Eddelbuettel and D. Bauer},
  title = {Dieharder: A Random Number Test Suite (version 3.31.1)},
  howpublished = {URL: http://www.phy.duke.edu/~rgb/General/dieharder.php},
  note = "[Online; accessed 25-February-2014]",
  year= {2014}
}


@Article{davis,
 author     = {D. Davis and I. Ross and P. Fenstermacher},
 title      = {Cryptographic randomness from air turbulence in disk drives},
 journal    = {Advances in Cryptology CRYPTO 94},
 volume     = {},
 pages      = {114--120},
 year       = {1994}
}

@inproceedings{doganaksoy06,
   author = {A. Doganaksoy and C. Calik and F. Sulak and M.S. Turan},
   address = {Turkey},
   booktitle = {Proceedings of National Cryptology Symposium II},
   language = {eng},
   location = {Turkey},
   title = {New randomness tests using random walk},
   year = {2006}
}

@Article{hernandez,
 author     = {J.C. Hernandez and J.M. Sierra and A. Seznec},
 title      = {The {SAC} test: {A} new randomness test, with some applications to {PRNG} analysis},
 journal    = {In:Proceedings of the International Conference Computational Science and Its Applications},
 volume     = {},
 pages      = {960--967},
 year       = {2004}
}

@MISC{walsh,
  author = {B. Walsh},
  title = {Multiple comparisons: Bonferroni corrections and false discovery rates},
  howpublished = {http://nitro.biosci.arizona.edu/workshops/Aarhus2006/pdfs/Multiple.pdf},
  source={Lecture notes for EEB 581},
  note = "[Online; accessed 19-December-2014]",
  year= {2006}
}

@MISC{kenny,
  author = {C. Kenny},
  title = {Random number generators: An evaluation and comparison of random.org and some commonly used generators},
  source={Trinity College Dublin Management Science and  Information Systems Studies Project Report},
  howpublished = {\url{http://www.random.org/analysis/Analysis2005.pdf}},
  note = "[Online; accessed 24-February-2014]",
  year= {2005}
}

@Book{freund,
  author    = {J.E. Freund and B.M. Perles},
  title     = {Statistics A First Course},
  publisher = {Prentice Hall},
  address   = {New Jersey},
  edition   = {8},
  year      = {2003}
}

@Book{tamhane,
  author    = {Y. Hochberg and A.C. Tamhane},
  title     = {Multiple Comparison Procedures},
  publisher = {Wiley},
  address   = {New York},
  year      = {1987}
}

@INBOOK{maaranen,
  author =       {H. Maaranen and K. Miettinen and M.M. Makela},
  editor =       {Rudnicki, Marek, Wiak, Slawomir},
  title =        {Using Quasi Random Sequences in Genetic Algorithms},
  chapter =      {AA},
  pages =        {33-44},
  publisher =    {Springer},
  year =         {2003}
}



@Book{geza,
  author    = {S. Geza},
  title     = {Introduction to Probability with Statistical Applications},
  publisher = {Birkh\"{a}user},
  address   = {Boston},
  edition   = {},
  year      = {2007}
}%sy 235

@Book{Knuth1969,
  author    = {D.E. Knuth},
  title     = {The Art of Computer Programming, Volume 2 / Seminumerical Algorithms},
  publisher = {Addison-Wesley},
  address   = {Reading, Massachusetts},
  edition   = {1},
  year      = {1969}
}


@Book{Knuth1981,
  author    = {D.E. Knuth},
  title     = {The Art of Computer Programming, Volume 2 / Seminumerical Algorithms},
  publisher = {Addison-Wesley},
  address   = {Reading, Massachusetts},
  edition   = {2},
  year      = {1981}
}


@Book{Knuth1998,
  author    = {D.E. Knuth},
  title     = {The Art of Computer Programming, Volume 2 / Seminumerical Algorithms},
  publisher = {Addison-Wesley},
  address   = {Reading, Massachusetts},
  edition   = {3},
  year      = {1998}
}


@Article{lecuyer1998,
 author     = {P. L'Ecuyer and P. Hellekalek},
 title      = {Random number generators: Selection criteria and testing},
 journal    = {Random and Quasi-Random Point Sets Lecture Notes in Statistics},
 volume     = {138},
 pages      = {223--265},
 year       = {1998}
}


@Article{lecuyer2007,
 author     = {P. L'Ecuyer and R. Simard},
 title      = {{TestU01}: A {C} library for empirical testing of random number generators},
 journal    = {ACM Transactions on Mathematical Software},
 volume     = {33},
 pages      = {Article 22},
 year       = {2007}
}


@MISC{testu01,
  author = {P. L'Ecuyer and R. Simard},
  title = {{TestU01}: A {C} library for empirical testing of random number generators -- User's guide, compact version.},
  howpublished = {\url{http://www.iro.umontreal.ca/~simardr/testu01/guideshorttestu01.pdf}},
  note = "[Online; accessed 24-February-2014]",
  year= {2014}
}


@MISC{diehard,
  author = {G. Marsaglia},
  title = {DIEHARD: A battery of tests of randomness},
  howpublished = {\url{http://stat.fsu.edu/~geo/diehard.html}},
  note = "[Online; accessed 25-February-2014]",
  year= {1996}
}


@Article{marsaglia,
  author =	 {G. Marsaglia and W.W. Tsang},
  title =	 {Some difficult to pass tests of randomness},
  journal =	 {Journal of Statistical Software},
  volume =	 {7},
  number =	 {3},
  pages =	 {1--9},
  year =	 {2002}
}


@Article{maurer,
 author     = {U.M. Maurer},
 title      = {A universal statistical test for random bit generators},
 journal    = {Journal of Cryptology},
 volume     = {5},
 pages      = {89--105},
 year       = {1992}
}

@Article{maurer91,
 author     = {U.M. Maurer and J.L. Massey},
 title      = {Local randomness in pseudorandom sequences},
 journal    = {Journal of Cryptology},
 volume     = {4},
 pages      = {135--149},
 year       = {1991}
}

@Article{marton,
 author     = {K. Marton and A. Suciu and C. Sacarea and O. Cret},
 title      = {Generation and Testing of Random Numbers for Cryptographic Applications},
 journal    = {The Publishing House of the Romanian Academy},
 volume     = {4},
 pages      = {368--377},
 year       = {2012}
}


@Article{mascagni,
 author     = {M. Mascagni and A. Srinivasan},
 title      = {Algorithm 806: {SPRNG}: A scalable library for pseudorandom number generation},
 journal    = {ACM Transactions on Mathematical Software},
 volume     = {26},
 pages      = {436--461},
 year       = {2000}
}

@Article{mccullough,
 author     = {B.D. McCullough},
 title      = {A Review of {TestU01}},
 journal    = {Journal of Applied Econometrics},
 volume     = {21},
 pages      = {677--682},
 year       = {2006}
}


@Book{menezes,
  author    = {A.J. Menezes and P.C. van Oorschot and S.A. Vanstone},
  title     = {Handbook of Applied Cryptography},
  publisher = {CRC Press},
  address   = {New York},
  edition   = {},
  year      = {1996}
}


@MISC{R,
  author = {{R Core Team}},
  title = {R: A Language and Environment for Statistical Computing. R Foundation for Statistical Computing, Vienna, Austria},
  howpublished = {\url{http://www.R-project.org}},
  note = "[Online; accessed 26-February-2015]",
  year= {2015}
}


@Article{reddy,
 author     = {T.C. Reddy and R. Seshadri},
 title      = {New Design of Crypto-Based Pseudo random number generator (CBPRNG) using BLOW FISH cipher},
 journal    = {International Journal on Computer Science and Engineering},
 volume     = {5},
 pages      = {561--566},
 year       = {2013}
}
%and S. Leigh and M. Levenson and M. Vangel and D. Banks and A. Heckert and J. Dray and S. Vo
@MISC{rukhinetal10,
  author = {A. Rukhin and J. Soto and J. Nechvatal and M. Smid and E. Barker and S. Leigh and M. Levenson and M. Vangel and D. Banks and A. Heckert and J. Dray and S. Vo},
  title = {A Statistical Test Suite for Random and Pseudorandom Number Generators for Cryptographic Applications},
  howpublished = {\url{http://csrc.nist.gov/groups/ST/toolkit/rng/documents/SP800-22rev1a.pdf}},
  note = "[Online; accessed 17-June-2015]",
  year= {2010}
}

@Article{rukhin,
 author     = {A.L. Rukhin},
 title      = {Testing randomness: A suite of statistical procedures},
 journal    = {Theory of Probability and Its Applications},
 volume     = {45},
 pages      = {111--132},
 year       = {2001}
}


@Book{rutti,
  author    = {M. Ruetti},
  title     = {A Random Number Generator Test Suite for the C++ Standard-Diploma Thesis},
  publisher = {Institute for Theoretical Physics},
  address   = {ETH Zurich},
  year      = {2004}
}


@Article{ryabko2004,
 author     = {B.Y. Ryabko and V.S. Stognienko and Yu.I. Shokin},
 title      = {A new test for randomness and its application to some cryptographic problems},
 journal    = {Journal of Statistical Planning and Inference},
 volume     = {123},
 pages      = {365--376},
 year       = {2004}
}


@Article{ryabko2005,
 author     = {B.Y. Ryabko and V.A. Monarev},
 title      = {Using information theory approach to randomness testing},
 journal    = {Journal of Statistical Planning and Inference},
 volume     = {133},
 pages      = {95--110},
 year       = {2005}
}

@MISC{ryabko2006,
	Author = {S. Doroshenko and B. Ryabko},
	Howpublished = {Cryptology ePrint Archive, Report 2006/070},
	Note = {\url{http://eprint.iacr.org/}},
	Title = {The experimental distinguishing attack on {RC4}},
	Year = {2006}
}
%Date-Added = {2015-12-10 12:44:13 +0000},
%Date-Modified = {2015-12-10 13:31:48 +0000},

@MISC{ryabko2006_2,
	Author = {S. Doroshenko and A. Fionov and A. Lubkin and V. Monarev and B. Ryabko},
	Howpublished = {Cryptology ePrint Archive, Report 2006/196},
	Note = {\url{http://eprint.iacr.org/}},
	Title = {On {ZK}-Crypt, Book Stack, and Statistical Tests},
	Year = {2006}
}
%Date-Added = {2015-12-10 12:44:45 +0000},
%	Date-Modified = {2015-12-10 12:46:49 +0000},

@MISC{ent,
  author = {J. Walker},
  title = {{ENT} -- {A} pseudorandom number sequence test program},
  howpublished = {\url{https://www.fourmilab.ch/random/}},
  note = "[Online; accessed 25-February-2014]",
  year= {2014}
}


@inproceedings{sys14,
  author =	 {M. S\'{y}s and P. \v{S}venda and M. Ukrop and
                  V. Maty\'{a}\v{s}},
  address =	 {Portugal},
  booktitle =	 {SECRYPT 2014 Proceedings of the 11th International
                  Conference on Security and Cryptography},
  editor =	 {Mohammad S. Obaidat, Andreas Holzinger and
                  Pierangela Samarati},
  language =	 {eng},
  location =	 {Portugal},
  pages =	 {229--237},
  publisher =	 {SCITEPRESS -- Science and Technology Publications},
  title =	 {Constructing empirical tests of randomness},
  year =	 {2014}
}

@inproceedings{sys14_2,
   author = {M. S\'{y}s and Z. \v{R}\'{i}ha},
   address = {Portugal},
   booktitle = {Security, Privacy, and Applied Cryptography Engineering Lecture Notes in Computer Science},
   editor = {Chakraborty, R.S. and others},
   language = {eng},
   location = {Switzerland},
   pages = {272--284},
   publisher = {Springer},
   title = {Faster randomness testing with the {NIST} statistical test suite},
   year = {2014}
}


@inproceedings{jang06,
   author = {I. Jang and H.S. Yoo},
   address = {},
   booktitle = {Computational Science and Its Applications - ICCSA 2006, Part II},
   editor = {Gervasi, O., Kumar, V., Tan, C.J.K., Taniar, D., Lagana, A., Mun, Y., Choo, H.},
   keywords = {},
   howpublished = {},
   language = {eng},
   location = {Heidelberg},
   pages = {206-212},
   publisher = {Springer-Verlag},
   title = {Pseudorandom Number Generators Using Optimal Normal Basis},
   year = {2006}
}%https://books.google.com.tr/books?id=sNU_IjySzXcC&pg=PA212&dq=tests+of+ENT+test+battery+randomness&hl=tr&sa=X&ei=jvSPVImGJNjzapemgKgD&ved=0CCsQ6AEwAQ#v=onepage&q=tests%20of%20ENT%20test%20battery%20randomness&f=false

@inproceedings{soto99,
  author =	 {J. Soto},
  address =	 {USA},
  booktitle =	 {Proceedings of the 22nd National Information Systems
                  Security Conference},
  language =	 {eng},
  location =	 {Virginia, USA},
  publisher =	 {National Institute of Standards and Technology},
  title =	 {Statistical Testing of Random Number Generators},
  year =	 {1999}
}

@ARTICLE{sadique,
  author =       {J.K.M. Sadique and U. Zaman and R. Ghosh},
  title =        {Review on fifteen Statistical Tests proposed by {NIST}},
  journal =      {Journal of Theoretical Physics and Cryptography},
  year =         {2012},
  volume =       {1},
  pages =        {18-31},
  month =        {November}
}

@ARTICLE{nuzzo,
  author =       {R. Nuzzo},
  title =        {Scientific method: Statistical errors},
  journal =      {Nature},
  year =         {2014},
  volume =       {506},
  number =       {7487},
  pages =        {150}
} %http://www.nature.com/news/scientific-method-statistical-errors-1.14700


@ARTICLE{vattulainen,
  author =       {I. Vattulainen and T. Ala-Nissila and K. Kankaala},
  title =        {Physical models as tests of randomness},
  journal =      {Physical Review Engineering},
  year =         {1995},
  volume =       {52},
  pages =        {3205--3213},
  month =        {}
}

@Manual{kSamples,
  title =	 {{kSamples}: {K}-Sample Rank Tests and Their
                  Combinations},
  author =	 {Fritz Scholz and Angie Zhu},
  year =	 {2016},
  note =	 {R package version 1.2-3},
  url =		 {https://CRAN.R-project.org/package=kSamples},
}

@Manual{tseries,
  title =	 {tseries: Time Series Analysis and Computational
                  Finance},
  author =	 {Adrian Trapletti and Kurt Hornik},
  year =	 {2015},
  note =	 {R package version 0.10-34},
  url =		 {http://CRAN.R-project.org/package=tseries},
}

@Manual{copula,
  title =	 {copula: Multivariate Dependence with Copulas},
  author =	 {Marius Hofert and Ivan Kojadinovic and Martin
                  Maechler and Jun Yan},
  year =	 {2015},
  note =	 {R package version 0.999-14},
  url =		 {http://CRAN.R-project.org/package=copula},
}

@Manual{gmp,
  title =	 {gmp: Multiple Precision Arithmetic},
  author =	 {Antoine Lucas and Immanuel Scholz and Rainer Boehme
                  and Sylvain Jasson and Martin Maechler},
  year =	 {2014},
  note =	 {R package version 0.5-12},
  url =		 {https://CRAN.R-project.org/package=gmp},
}

@Manual{CryptRndTest-pkg,
  title =	 {{CryptRndTest}: Statistical Tests for Cryptographic
                  Randomness},
  author =	 {Haydar Demirhan},
  year =	 {2016},
  note =	 {R package version 1.2.1},
  url =		 {https://CRAN.R-project.org/package=CryptRndTest},
}








