
@ARTICLE{Agullo2008,
  title   = {The multivariate least-trimmed squares estimator},
  journal = {Journal of Multivariate Analysis},
  volume  = {99},
  number =  {3},
  pages   = {311--338},
  year    = {2008},
  author  = {J. L. Bali and G. Boente and D. E. Tyler and J-L. Wang},
  doi	  = {https://doi.org/10.1016/j.jmva.2006.06.005}
}

@ARTICLE{Aribas2014,
  title   = {Shape outlier detection and visualization for functional data: the outliergram},
  journal = {Biostatistics},
  volume  = {15},
  number =  {4},
  pages   = {603--619},
  year    = {2014},
  author  = {A. Arribas-Gil and J. Romo},
  doi	  = {https://doi.org/10.1093/biostatistics/kxu006}
}

@Article{ATW20,
  author  = {M. K. Ahn and J. D. Tucker and W. Wu and A. Srivastava},
  journal = {Computational Statistics and Data Analysis},
  title   = {Regression models using shapes of functions as predictors},
  year    = {2020},
  pages   = {107017},
  volume  = {151},
  doi	  = {https://doi.org/10.1016/j.csda.2020.107017}
}

@ARTICLE{Bali2011,
  title   = {Robust functional principal components: A projection-pursuit approach},
  journal = {The Annals of Statistics},
  volume  = {39},
  number =  {6},
  pages   = {2852--2882},
  year    = {2011},
  author  = {J. L. Bali and G. Boente and D. E. Tyler and J-L. Wang},
  doi	  = {https://doi.org/10.1214/11-AOS923}
}

@ARTICLE{Ben2006,
  author  = {M. G. Ben and E. Martinez and V. J. Yohai},
  title   = {Robust estimation for the multivariate linear model based on a $\tau$ scale},
  journal = {Journal of Multivariate Analysis},
  year    = {2006},
  volume  = {97},
  number  = {7},
  pages   = {1600--1622},
  doi	  = {https://doi.org/10.1016/j.jmva.2005.08.007}
}

@ARTICLE{BSchem,
  title   = {A robust functional partial least squares for scalar-on-multiple-function regression},
  journal = {Journal of Chemometrics},
  volume  = {36},
  number  = {4},
  pages   = {e3394},
  year    = {2022},
  author  = {U. Beyaztas and H. L. Shang},
  doi	  = {https://doi.org/10.1002/cem.3394}
}

@ARTICLE{BeyaztasShang2020,
  author  = {U. Beyaztas and H. L. Shang},
  title   = {On function-on-function regression: Partial least squares approach},
  journal = {Environmental and Ecological Statistics},
  year    = {2020},
  volume  = {27},
  number  = {1},
  pages   = {95--114},
  doi	  = {https://doi.org/10.1007/s10651-019-00436-1}
}

@article{BS22,
  title   = "{A partial least squares approach for function-on-function interaction regression}",
  journal = "Computational Statistics",
  volume  = "36",
  number =  "2",
  pages   = "911--939",
  year    = "2021",
  author  = "U. Beyaztas and H. L. Shang",
  doi	  = "https://doi.org/10.1080/03610926.2022.2065018"
}

@ARTICLE{Bilo2000,
  author  = {M. Bilodeau and P. Duchesne},
  title   = {Robust estimation of the SUR model},
  journal = {The Canadian Journal of Statistics},
  year    = {2000},
  volume  = {28},
  number  = {2},
  pages   = {277--288},
  doi	  = {https://doi.org/10.2307/3315978}
}

@ARTICLE{Boente2020,
  author  = {G. Boente and M. Salibian-Barrera and P. Vena},
  title   = {Robust estimation for semi-functional linear regression models},
  journal = {Computational Statistics \& Data Analysis},
  year    = {2020},
  volume  = {152},
  pages   = {107041},
  doi	  = {https://doi.org/10.1016/j.csda.2020.107041}
}

@ARTICLE{cardot1991,
  title   = {Functional linear model},
  journal = {Statistics and Probability Letters},
  volume  = {45},
  number  = {1},
  pages   = {11--22},
  year    = {1991},
  author  = {H. Cardot and F. Ferraty and P. Sarda},
  doi	  = {https://doi.org/10.1016/S0167-7152(99)00036-X}
}

@ARTICLE{cardot2003,
  title   = {Spline estimators for the functional linearmodel},
  journal = {Statistica Sinica},
  volume  = {13},
  number  = {3},
  pages   = {571--591},
  year    = {2003},
  author  = {H. Cardot and F. Ferraty and P. Sarda}
}

@ARTICLE{chen2011,
  title   = {Single and multiple index functional regression models with nonparametric link},
  journal = {The Annals of Statistics},
  volume  = {39},
  number  = {3},
  pages   = {1720--1747},
  year    = {2011},
  author  = {D. Chen and P. Hall and H-G. M{\"u}ller},
  doi	  = {https://doi.org/10.1214/11-AOS882}
}

@ARTICLE{chiou2016,
  title   = {Multivariate functional linear regression and prediction},
  journal = {Journal of Multivariate Analysis},
  volume  = {146},
  pages   = {301--312},
  year    = {2016},
  author  = {J. M. Chiou and Y. F. Yang and Y. T. Chen},
  doi	  = {https://doi.org/10.1016/j.jmva.2015.10.003}
}

@ARTICLE{croux96,
  title   = {High breakdown estimators for principal components: the projection-pursuit approach revisited},
  journal = {Journal of Multivariate Analysis},
  volume  = {95},
  number  = {1},
  pages   = {206--226},
  year    = {1996},
  author  = {C. Croux and A. Ruiz-Gazen},
  doi	  = {https://doi.org/10.1016/j.jmva.2004.08.002}
}

@ARTICLE{cuevas07,
  title   = {Robust estimation and classification for functional data via projection-based depth notions},
  journal = {Computational Statistics},
  volume  = {22},
  number  = {3},
  pages   = {481--496},
  year    = {2007},
  author  = {A. Cuaves and M. Febrero and R. Fraiman},
  doi	  = {https://doi.org/10.1007/s00180-007-0053-0}
}

@ARTICLE{cuevas2014,
  title   = {A partial overview of the theory of statistics with functional data},
  journal = {Journal of Statistical Planning and Inference},
  volume  = {147},
  pages   = {1--23},
  year    = {2014},
  author  = {A. Cuevas},
  doi	  = {https://doi.org/10.1016/j.jspi.2013.04.002}
}

@ARTICLE{Dai2018,
  title   = {Multivariate functional data visualization and outlier detection},
  journal = {Journal of Computational and Graphical Statistics},
  volume  = {27},
  number  = {4},
  pages   = {923--934},
  year    = {2018},
  author  = {W. Dai and M. G. Genton},
  doi	  = {https://doi.org/10.1080/10618600.2018.1473781}
}

@Book{DM16,
  author    = {I. L. Dryden and K. V. Mardia},
  publisher = {Wiley Series in Probability and Statistics},
  title     = {{Statistical Shape Analysis, with Applications in R}},
  year      = {2016},
  address   = {New York},
}

@ARTICLE{dou2012,
  title   = {Estimation in functional regression for general exponential families},
  journal = {The Annals of Statistics},
  volume  = {40},
  number  = {5},
  pages   = {2421--2451},
  year    = {2012},
  author  = {W. W. Dou and D. Pollard and H. H. Zhou},
  doi	  = {https://doi.org/10.1214/12-AOS1027}
}

@ARTICLE{Febrero08,
  author  = {M. Febrero-Bande and P. Galeano and W. Gonzalez-Mantelga},
  journal = {Environmetrics},
  title   = {{Outlier detection in functional data by depth measures, with application to identify abnormal NO$_x$ levels}},
  year    = {2008},
  number  = {4},
  pages   = {331--345},
  volume  = {19},
  doi	  = {https://doi.org/10.1002/env.878}
}

@BOOK{ferraty2006,
  author = {F. Ferraty and P. Vieu},
  year = {2006},
  title = {Nonparametric Functional Data Analysis},
  address = {New York},
  publisher = {Springer}
}

@Article{GBC11,
  author  = {J. Goldsmith and J. Bobb and C. M. Crainiceanu and B. Caffo and D. Reich},
  journal = {Journal of Computational and Graphical Statistics},
  title   = {Penalized functional regression},
  year    = {2011},
  number  = {4},
  pages   = {830-851},
  volume  = {20},
  doi	  = {https://doi.org/10.1198/jcgs.2010.10007}
}

@Manual{GSH22,
  title  = {refund: Regression with Functional Data},
  author = {Jeff Goldsmith and Fabian Scheipl and Lei Huang and Julia Wrobel and Chongzhi Di and Jonathan Gellar and Jaroslaw Harezlak and Mathew W. McLean and Bruce Swihart and Luo Xiao and Ciprian Crainiceanu and Philip T. Reiss},
  note   = {R package version 0.1-28},
  year   = {2022},
  url    = {https://CRAN.R-project.org/package=refund},
}

@ARTICLE{harezlak2007,
  title   = {Penalized solutions to functional regression problems},
  journal = {Computational Statistics and Data Analysiss},
  volume  = {51},
  number  = {10},
  pages   = {4911--4925},
  year    = {2007},
  author  = {J. Harezlak and B. A. Coull and N. M. Laird and S. R. Magari and D. C. Christiani},
  doi	  = {https://doi.org/10.1016/j.csda.2006.09.034}
}

@ARTICLE{Harjit,
  title   = {Robust function-on-function regression},
  journal = {Technometrics},
  volume  = {63},
  number  = {3},
  pages   = {396--409},
  year    = {2021},
  author  = {H. Hullait and D. S. Leslie and N. G. Pavlidis and S. King},
  doi	  = {https://doi.org/10.1080/00401706.2020.1802350}
}

@BOOK{horvath2012,
  author = {L. Horv\'{a}th and P. Kokoszka},
  year = {2012},
  title = {Inference for Functional Data with Applications},
  address = {New York},
  publisher = {Springer}
}

@BOOK{Hsing,
  author = {T. Hsing and R. Eubank},
  year = {2015},
  title = {Theoretical Foundations of Functional Data Analysis, with an Introduction to Linear Operators},
  address = {Chennai, India},
  publisher = {John Wiley \& Sons},
}

@ARTICLE{ivanescu2015,
  title   = {Penalized function-on-function regression},
  journal = {Computational Statistics},
  volume  = {30},
  number  = {2},
  pages   = {539--568},
  year    = {2015},
  author  = {A. E. Ivanescu and A. M. Staicu and F. Scheipl and S. Greven},
  doi	  = {https://doi.org/10.1007/s00180-014-0548-4}
}

@ARTICLE{james2002,
  title   = {Generalized linear models with functional predictors},
  journal = {Journal of Royal Statistical Society, Series B},
  volume  = {64},
  number  = {3},
  pages   = {411--432},
  year    = {2002},
  author  = {G. M. James},
  doi	  = {https://doi.org/10.1111/1467-9868.00342}
}

@ARTICLE{jiang2011,
  title   = {Functional single index models for longitudinal data},
  journal = {The Annals of Statistics},
  volume  = {39},
  number  = {1},
  pages   = {362--388},
  year    = {2011},
  author  = {C. Jiang and J. L. Wang},
  doi	  = {https://doi.org/10.1214/10-AOS845}
}

@ARTICLE{Kalogridis,
  title   = {Robust functional regression based on principal components},
  journal = {Journal of Multivariate Analysis},
  volume  = {173},
  pages   = {393--415},
  year    = {2019},
  author  = {I. Kalogridis and S. Van Aelst},
  doi	  = {https://doi.org/10.1016/j.jmva.2019.04.003}
}

@ARTICLE{Koller2011,
  title   = {Sharpening Wald-type inference in robust regression for small samples},
  journal = {Computational Statistics \& Data Analysis},
  volume  = {55},
  number  = {8},
  pages   = {2504--2515},
  year    = {2011},
  author  = {M. Koller and W. A. Stahel},
  doi	  = {https://doi.org/10.1016/j.csda.2011.02.014}
}

@BOOK{KoRe,
  author = {P. Kokoszka and M. Reimherr},
  year = {2017},
  title = {Introduction to Functional Data Analysis},
  address = {Boca Raton},
  publisher = {CRC Press}
}

@ARTICLE{Kudraszow2011,
  title   = {Estimates of MM type for the multivariate linear model},
  journal = {Journal of Multivariate Analysis},
  volume  = {102},
  number  = {9},
  pages   = {1280--1292},
  year    = {2011},
  author  = {N. L. Kudraszow and R. A. Moronna},
  doi	  = {https://doi.org/10.1016/j.jmva.2011.04.011}
}

@ARTICLE{Maronna,
  title   = {Robust functional linear regression based on splines},
  journal = {Computational Statistics and Data Analysis},
  volume  = {65},
  pages   = {46--55},
  year    = {2013},
  author  = {R. A. Maronna and V. J. Yohai},
  doi	  = {https://doi.org/10.1016/j.csda.2011.11.014}
}

@ARTICLE{matsui2009,
  title   = {Regularized functional regression modeling for functional response and predictors},
  journal = {Journal of Math-for-Industry},
  volume  = {1},
  number  = {A3},
  pages   = {17--25},
  year    = {2009},
  author  = {H. Matsui and S. Kawano and S. Konishi}
}

@Article{MRS15,
  author  = {J. S. Marron and J. O. Ramsay and L. M. Sangalli and A. Srivastava},
  journal = {Statistical Science},
  title   = {Functional data analysis of amplitude and phase variation},
  year    = {2015},
  number  = {4},
  pages   = {468-484},
  volume  = {30},
  doi	  = {https://doi.org/10.1214/15-STS524}
}

@ARTICLE{Ocana2007,
  title   = {Computational considerations in functional principal component analysis},
  journal = {Computational Statistics},
  volume  = {22},
  number  = {3},
  pages   = {449--465},
  year    = {2007},
  author  = {F. A. Ocana and A. M. Aguilera and M. Escabias},
  doi	  = {https://doi.org/10.1007/s00180-007-0051-2}
}

@ARTICLE{ramsay1991,
  title   = {Some tools for functional data analysis},
  journal = {Journal of the Royal Statistical Society, Series B},
  volume  = {53},
  number  = {3},
  pages   = {539--572},
  year    = {1991},
  author  = {J. O. Ramsay and  C. J. Dalzell},
  doi	  = {https://doi.org/10.1111/j.2517-6161.1991.tb01844.x}
}

@BOOK{ramsay2002,
  author = {J. O. Ramsay and B. W. Silverman},
  year = {2002},
  title = {Applied Functional Data Analysis},
  address = {New York},
  publisher = {Springer}
}

@BOOK{ramsay2006,
  author = {J. O. Ramsay and B. W. Silverman},
  year = {2006},
  title = {Functional Data Analysis},
  address = {New York},
  publisher = {Springer}
}

@ARTICLE{Rana,
  author  = {P. {Ra\~{n}a} and G. Aneiros and J. M. Vilar},
  title   = {Detection of outliers in functional time series},
  journal = {Environmetrics},
  year    = {2015},
  volume  = {26},
  number  = {3},
  pages   = {178--191},
  doi	  = {https://doi.org/10.1002/env.2327}
}

@ARTICLE{ResiOgden,
  title   = {Functional principal component regression and functional partial least squares},
  journal = {Journal of the American Statistical Association: Theory and Methods},
  volume  = {102},
  number  = {479},
  pages   = {984--996},
  year    = {2007},
  author  = {P. T. Reiss and T. R. Ogden},
  doi	  = {https://doi.org/10.1198/016214507000000527}
}

@Manual{RGH22,
  title  = {fda: Functional Data Analysis},
  author = {J. O. Ramsay and Spencer Graves and Giles Hooker},
  note   = {R package version 6.0.5},
  year   = {2022},
  url    = {https://CRAN.R-project.org/package=fda},
}

@ARTICLE{Rousseeuw1984,
  title   = {Least median of squares regression},
  journal = {Journal of the American Statistical Association: Theory and Methods},
  volume  = {79},
  number  = {388},
  pages   = {871--881},
  year    = {1984},
  author  = {P. J. Rousseeuw},
  doi	  = {https://doi.org/10.1080/01621459.1984.10477105}
}

@ARTICLE{Rousseeuwetal1984,
  title   = {Robust multivariate regression},
  journal = {Technometrics},
  volume  = {46},
  number  = {3},
  pages   = {293--305},
  year    = {2004},
  author  = {P. J. Rousseeuw and K. V. Driessen and S. V. Aelst and J. Agullo},
  doi	  = {https://doi.org/10.1198/004017004000000329}
}

@ARTICLE{Salibian2008,
  title   = {The fast-tau estimator for regression},
  journal = {Journal of Computational and Graphical Statistics},
  volume  = {17},
  number  = {3},
  pages   = {659--682},
  year    = {2008},
  author  = {M. Salibian-Barrera and G. Willems and R. Zamar},
  doi	  = {https://doi.org/10.1198/106186008X343785}
}

@ARTICLE{senturk2008,
  title   = {Generalized varying coefficient models for longitudinal data},
  journal = {Biometrika},
  volume  = {95},
  number  = {3},
  pages   = {653--666},
  year    = {2008},
  author  = {D. \c{S}ent{\"u}rk and H-G. M{\"u}ller},
  doi	  = {https://doi.org/10.1093/biomet/asn006}
}

@ARTICLE{ShinLee,
  author  = {H. Shin and S. Lee},
  title   = {An {RKHS} approach to robust functional linear regression},
  journal = {Statistica Sinica},
  year    = {2016},
  volume  = {26},
  pages   = {255--272}
}

@Book{SK16,
  author    = {A. Srivastava and E. P. Klassen},
  publisher = {Springer},
  title     = {{Functional and Shape Data Analysis}},
  year      = {2016},
  address   = {New York},
}

@Article{SSG15,
  author  = {F. Scheipl and A-M. Staicu and S. Greven},
  journal = {Journal of Computational and Graphical Statistics},
  title   = {Functional additive mixed models},
  year    = {2015},
  number  = {2},
  pages   = {477-501},
  volume  = {24},
  doi	  = {https://doi.org/10.1080/10618600.2014.901914}
}

@ARTICLE{Sun2011,
  author =  {Y. Sun and M. G. Genton},
  title =   {Functional boxplots},
  journal = {Journal of Computational and Graphical Statistics},
  year =    {2011},
  volume =  {20},
  number =  {2},
  pages =   {316--334},
  doi	  = {https://doi.org/10.1198/jcgs.2011.09224}
}

@Article{TLS19,
  author  = {J. D. Tucker and J. R. Lewis and A. Srivastava},
  journal = {Statistical Analysis and Data Mining},
  title   = {Elastic functional principal component regression},
  year    = {2019},
  number  = {2},
  pages   = {101-115},
  volume  = {12},
  doi	  = {https://doi.org/10.1002/sam.11399}
}

@ARTICLE{yao2005,
  author =  {F. Yao and H-G. M{\"u}ller and J-L. Wang},
  title =   {Functional linear regression analysis for longitudinal data},
  journal = {The Annals of Statistics},
  year =    {2005},
  volume =  {33},
  number =  {6},
  pages =   {2873--2903},
  doi	  = {https://doi.org/10.1214/009053605000000660}
}

@ARTICLE{Yohai1987,
  author =  {V. J. Yohai},
  title =   {High breakdown-point and high efficiency estimates for regression},
  journal = {The Annals of Statistics},
  year =    {1987},
  volume =  {15},
  number =  {2},
  pages =   {642--665},
  doi	  = {https://doi.org/10.1214/aos/1176350366}
}

@ARTICLE{zhu2011,
  author =  {H. Zhu and P. J. Brown and J. S. Morris},
  title =   {Robust, adaptive functional regression in functional mixed model framework},
  journal = {Journal of the American Statistical Association},
  year =    {2011},
  volume =  {106},
  number =  {1},
  pages =   {1167--1179},
  doi	  = {https://doi.org/10.1198/jasa.2011.tm10370}
}

