@book{Calza;2007,
author = {S.~{Calza, W.~Raffelsberger, A.~Ploner, J.~Sahel, T.~Leveillard, and Y.~Pawitan}},
title = {{Filtering genes to improve sensitivity in oligonucleotide microarray data analysis}},
publisher = {Nucleic Acids Research 35 (16)},
year = {2007}
}
@book{dunn;tava;08,
author = {M.~{Dunning, N.~B. Morais, A.~Lynch, S.~Tavar\'{e}, and M.~Ritchie}},
title = {{Statistical issues in the analysis of Illumina data}},
publisher = {BMC Bioinformatics 9 (1): 85+  ISSN 1471-2105 doi10.1186/1471-2105-9-85},
year = {2008},
url = {http://dx.doi.org/10.1186/1471-2105-9-85}
}
@book{dunnin:2007,
author = {M.~J. {Dunning, M.~L. Smith, M.~E. Ritchie, and S.~Tavar\'{e}}},
title = {{beadarray: R classes and methods for Illumina bead-based data}},
publisher = {Bioinformatics 23 (16):  Aug ISSN 1367-4811 doi10.1093/bioinformatics/btm311},
pages = {2183--2184},
year = {2007},
url = {http://dx.doi.org/10.1093/bioinformatics/btm311}
}
@book{forch;2011,
author = {A.~C. {Forcheh, G.~Verbeke, A.~Kasim, D.~Lin, Z.~Shkedy, W.~Talloen, H.~W. G\"{o}hlmann, and L.~Clement}},
title = {{Gene filtering in the analysis of Illumina microarray experiments}},
publisher = {Journal of Statistical Applications in Genetics and MolecularBiology 11 (1)},
year = {2012}
}
@book{Kasi;zi;2010,
author = {A.~{Kasim, D.~Lin, S.~Van~Sanden, D.-A. Clevert, L.~Bijnens, H.~G\"{o}hlmann, D.~Amaratunga, S.~Hochreiter, Z.~Shkedy, and W.~Talloen}},
title = {{Informative or noninformative calls for gene expression: a latent variable approach}},
publisher = {Statistical applications in genetics and molecular biology,9 (1) Jan  ISSN 1544-6115 doi10.2202/1544-6115.1460},
year = {2010},
url = {http://dx.doi.org/10.2202/1544-6115.1460}
}
@book{kim;lin;2011,
author = {R.~S. {Kim and J.~Lin}},
title = {{Multi-level mixed effects models for bead arrays}},
publisher = {Bioinformatics 27:  March  ISSN 1367-4803 doi},
pages = {633--640},
year = {2011},
url = {http://dx.doi.org/10.1093/bioinformatics/btq708}
}
@book{tall;Cleve;07,
author = {W.~{Talloen, D.-A. Clevert, S.~Hochreiter, D.~Amaratunga, L.~Bijnens, S.~Kass, and H.~W.~H. G\"{o}hlmann}},
title = {{I/NI-calls for the exclusion of non-informative genes: a highly effective filtering tool for microarray data}},
publisher = {Bioinformatics 23 (21): btm Oct doi10.1093/bioinformatics/btm478},
pages = {478--2902},
year = {2007},
url = {http://dx.doi.org/10.1093/bioinformatics/btm478}
}
@book{verb;mole;00,
author = {G.~{Verbeke and G.~Molenberghs}},
title = {{Linear mixed models for longitudinal data}},
publisher = {Springer Series in Statistics Springer-Verlag New-York},
year = {2000}
}




