@book{RBillingsley1986,
author = {P.~{Billingsley}},
title = {{em Probability and Measure}},
publisher = {Wiley New York 2nd edition},
year = {1986}
}

@book{RBryceGouldNotzPeck2001,
author = {G.R.~{Bryce, R.~Gould, W.~Notz and R.~Peck, R}},
title = {{Curriculum guidelines for bachelor of science degrees in statistical science}},
publisher = {em The American Statistician 55:},
pages = {7--13},
year = {2001}
}

@book{RChanceRossman2006,
author = {B.~{Chance and A.~Rossman}},
title = {{em Investigating Statistical Concepts, Applications, and Methods}},
publisher = {Duxbury Belmont},
year = {2006}
}

@book{RChung1974,
author = {K.L.~{Chung}},
title = {{em A Course in probability theory}},
publisher = {Academic press New York 2nd edition},
year = {1974}
}

@book{RDunn1999,
author = {P.K.~{Dunn}},
title = {{Three tools for interactively visualizing some distribution theory concepts}},
publisher = {em The American Statistician 53:},
pages = {137--139},
year = {1999}
}

@book{RFerguson1996,
author = {T.~{Ferguson}},
title = {{em A Course in Large Sample Theory}},
publisher = {Chapman and Hall .%bibitem[Fisher (1956)]R:Fisher:1956%R.A.~Fisher.% Statistical Methods and Scientific Inference.% em Oliver and Boyd Edinburgh},
year = {1996}
}

@book{RLafayeDeMicheauxLiquet2009,
author = {P.~{Lafaye de Micheaux and B.~Liquet}},
title = {{Understanding convergence concepts: A visual-minded and graphical simulation-based approach}},
publisher = {em The American Statistician 63(2):},
pages = {173--178},
year = {2009}
}

@book{RLehmann2001,
author = {E.~{Lehmann}},
title = {{em Elements of Large-Sample Theory}},
publisher = {Springer 2nd edition},
year = {2001}
}

@book{RMarasingheMeekerCookShin1996,
author = {M.G.~{Marasinghe, W.Q.~Meeker, D.~Cook and T.~Shin}},
title = {{Using Graphics and Simulation to Teach Statistical Concepts}},
publisher = {em The American Statistician 50:},
pages = {342--351},
year = {1996}
}

@book{RMills2002,
author = {J.D.~{Mills}},
title = {{Using computer simulation methods to teach statistics: A review of the literature}},
publisher = {em Journal of Statistics Education 10 (1)    bibitem[Ihaka and Gentleman(1996)]R:Ihaka+Gentleman:1996% R.~Ihaka and R.~Gentleman.%  R: A language for data analysis and graphics.%  em Journal of Computational and Graphical Statistics 5%   (3):  1996.%},
pages = {299--314},
year = {2002},
url = {http://www.amstat.org/publications/jse/v10n1/mills.html.%}
}

@book{RSerfling2002,
author = {R.J.~{Serfling}},
title = {{em Approximation Theorems of Mathematical Statistics}},
publisher = {Wiley New York},
year = {2002}
}

@book{RSethuraman1995,
author = {J.~{Sethuraman}},
title = {{Review: Large-sample methods in statistics: An introduction with applications}},
publisher = {em Journal of The American Statistical Association 90: 384},
year = {1995}
}

