@book{APAManual,
author = {\emph{{Publication Manual of the American Psychological Association}}},
title = {{}},
publisher = {American Psychological Association 6th edition},
year = {2013}
}
@book{Algina1997,
author = {J.~{Algina}},
title = {{Generalization of Improved General Approximation tests to split-plot designs with multiple between-subjects factors and/or multiple within-subjects factors}},
publisher = {British Journal of Mathematical and Statistical Psychology,50:},
pages = {243--252},
year = {1997},
url = {https://doi.org/10.1111/j.2044-8317.1997.tb01144.x}
}
@book{Algina1984,
author = {J.~{Algina and S.~F. Olejnik}},
title = {{Implementing the welch-james procedure with factorial designs}},
publisher = {Educational and Psychological Measurement 44(1):},
pages = {39--48},
year = {1984},
url = {https://doi.org/10.1177/0013164484441004}
}
@book{EarHear2011,
author = {J.~M. {Aronoff, D.~J. Freed, L.~M. Fisher, I.~Pal, and S.~D. Soli}},
title = {{The effect of different cochlear implant microphones on acoustic hearing individuals' binaural benefits for speech perception in noise}},
publisher = {Ear Hear 32 (4):},
pages = {468--484},
year = {2011},
url = {https://doi.org/10.1097/AUD.0b013e31820dd3f0}
}
@book{lme4paper,
author = {D.~{Bates, M.~M{\"a}chler, B.~Bolker, and S.~Walker}},
title = {{Fitting Linear Mixed-Effects Models Using lme4}},
publisher = {Journal of Statistical Software 67 (1):},
pages = {1--48},
year = {2015},
url = {https://doi.org/10.18637/jss.v067.i01}
}
@book{lme4pkg,
author = {D.~{Bates, M.~Maechler, B.~Bolker, and S.~Walker}},
title = {{lme4: Linear Mixed-Effects Models using 'Eigen' and S4, }},
publisher = {R package version 1.1-12},
year = {2016},
url = {https://CRAN.R-project.org/package=lme4}
}
@book{Beasley2002,
author = {T.~M. {Beasley}},
title = {{Multivariate Aligned Rank Test for Interactions in Multiple Group Repeated Measures Designs}},
publisher = {Multivariate Behavioral Research 37 (2):197 -- 226},
year = {2002},
url = {https://doi.org/10.1207/S15327906MBR3702_02}
}
@book{Bolker2009,
author = {B.~M. {Bolker, M.~E. Brooks, C.~J. Clark, S.~W. Geange, J.~R. Poulsen, M.~H.~H. Stevens, and J.-S.~S. White}},
title = {{Generalized linear mixed models: a practical guide for ecology and evolution}},
publisher = {Trends in Ecology & Evolution 24 (3):},
pages = {127--135},
year = {2009},
url = {https://doi.org/10.1016/j.tree.2008.10.008}
}
@book{psychology-pan-fire-2011,
author = {J.~{Coates and S.~McKenzie-Mohr}},
title = {{Out of the Frying Pan, Into the Fire: Trauma in the Lives of Homeless Youth Prior to and During Homelessness}},
publisher = {Journal of Sociology & Social Welfare 37(4):},
pages = {65--96},
year = {2010}
}
@book{Conover2012,
author = {W.~J. {Conover}},
title = {{The rank transformation - an easy and intuitive way to connect many nonparametric methods to their parametric counterparts for seamless teaching introductory statistics courses}},
publisher = {Wiley Interdisciplinary Reviews: Computational Statistics,4 (5):},
pages = {432--438},
year = {2012},
url = {https://doi.org/10.1002/wics.1216}
}
@book{Dien2010,
author = {J.~{Dien}},
title = {{The ERP PCA Toolkit: An open source program for advanced statistical analysis of event-related potential data}},
publisher = {Journal of Neuroscience Methods 187 (1):},
pages = {138--145},
year = {2010},
url = {https://doi.org/10.1016/j.jneumeth.2009.12.009}
}
@book{fMRI-language,
author = {J.~{Dien, M.~S. Franklin, C.~A. Michelson, L.~C. Lemene, C.~L. Adams, and K.~A. Kiehlf}},
title = {{fMRI characterization of the language formulation area}},
publisher = {Brain Research 1229:},
pages = {179--192},
year = {2008},
url = {https://doi.org/10.1016/j.brainres.2008.06.107}
}
@book{modernSurvey2008,
author = {D.~M. {Erce-Hurn and V.~M. Mirosevich}},
title = {{Modern Robust Statistical Methods: An Easy Way to Maximize the Accuracy and Power of Your Research}},
publisher = {American Psychologist 63 (7):},
pages = {591--601},
year = {2008},
url = {https://doi.org/10.1037/0003-066X.63.7.591}
}
@book{glmmADMBpaper,
author = {D.~A. {Fournier, H.~J. Skaug, J.~Ancheta, J.~Ianelli, A.~Magnusson, M.~Maunder, A.~Nielsen, and J.~Sibert}},
title = {{AD Model Builder: using automatic differentiation for statistical inference of highly parameterized complex nonlinear models}},
publisher = {Optimization Methods and Software 27 (2):},
pages = {233--249},
year = {2012},
url = {https://doi.org/10.1080/10556788.2011.597854}
}
@book{higgins-book,
author = {J.~J. {Higgins}},
title = {{Introduction to Modern Nonparametric Statistics}},
publisher = {Cengage Learning},
year = {2003}
}
@book{higgins-1994,
author = {J.~J. {Higgins and S.~Tashtoush}},
title = {{An aligned rank transform test for interaction}},
publisher = {Nonlinear World 1:},
pages = {201--221},
year = {1994}
}
@book{agematters2015,
author = {B.~H. {Huang and S.-A. Jun}},
title = {{Age matters, and so may ratters: Rater Differences in the Assessment of Foreign Accents}},
publisher = {Studies in Second Language Acquisition 37(4): 623 -- 650},
year = {2015},
url = {https://doi.org/10.1017/S0272263114000576}
}
@book{Huynh1978,
author = {H.~{Huynh}},
title = {{Some approximate test for repeated measurement designs}},
publisher = {Psychometrika 43 (2):},
pages = {161--175},
year = {1978},
url = {https://doi.org/10.1007/BF02293860}
}
@book{Johansen1980,
author = {S.~{Johansen}},
title = {{The Welch-James approximation to the distribution of the residual sum of squares in a weighted linear regression}},
publisher = {Biometrika 67:},
pages = {85--92},
year = {1980},
url = {https://doi.org/10.2307/2335320}
}
@book{Jonkman1999,
author = {L.~{Jonkman, C.~Kemner, M.~Verbaten, H.~van Engeland, J.~Kenemans, G.~Camfferman, J.~Buitelaar, and H.~Koelega}},
title = {{Perceptual and response interference in children with attention-deficit hyperactivity disorder, and the effects of methylphenidate}},
publisher = {Psychophysiology 36 (4): 419 -- 429},
year = {1999},
url = {https://doi.org/10.1111/1469-8986.3640419}
}
@book{psychosis2014,
author = {J.~{Kayser, C.~E. Tenke, C.~J. Kroppmann, D.~M. Alschuler, S.~Fekri, S.~Ben-David, C.~M. Corcoran, and G.~E. Bruder}},
title = {{Auditory event-related potentials and $alpha$ oscillations in the psychosis prodrome: neuronal generator patterns during a novelty oddball task}},
publisher = {International Journal of Psychophysiology 91(2):},
pages = {104--120},
year = {2014},
url = {https://doi.org/10.1016/j.ijpsycho.2013.12.003}
}
@book{Keselman2000,
author = {H.~J. {Keselman, R.~K. Kowalchuk, J.~Algina, L.~M. Lix, and R.~R. Wilcox}},
title = {{Testing treatment effects in repeated measures designs: Trimmed means and bootstrapping}},
publisher = {British Journal of Mathematical and Statistical Psychology,53 (2):},
pages = {175--191},
year = {2000},
url = {https://doi.org/10.1348/000711000159286}
}
@book{Keselman2003,
author = {H.~J. {Keselman, R.~R. Wilcox, and L.~M. Lix}},
title = {{A generally robust approach to hypothesis testing in independent and correlated groups designs}},
publisher = {Psychophyisiology 40:},
pages = {586--596},
year = {2003},
url = {https://doi.org/10.1111/1469-8986.00060}
}
@book{Keselman2008,
author = {H.~J. {Keselman, J.~Algina, L.~M. Lix, R.~R. Wilcox, and K.~N. Deering}},
title = {{A generally robust approach for testing hypotheses and setting confidence intervals for effect sizes}},
publisher = {Psychological Methods 13 (2):},
pages = {110--129},
year = {2008},
url = {https://doi.org/10.1037/1082-989X.13.2.110}
}
@book{kollerThesis,
author = {M.~{Koller}},
title = {{Robust Estimation of Linear Mixed Models}},
publisher = {PhD thesis ETH Zurich},
year = {2013},
url = {http://e-collection.library.ethz.ch/eserv/eth:6670/eth-6670-02.pdf}
}
@book{robustlmmpaper,
author = {M.~{Koller}},
title = {{robustlmm: An R Package for Robust Estimation of Linear Mixed-Effects Models}},
publisher = {Journal of Statistical Software 75 (6):},
pages = {1--24},
year = {2016},
url = {https://doi.org/10.18637/jss.v075.i06}
}
@book{robustlmmpkg,
author = {M.~{Koller}},
title = {{robustlmm: Robust Linear Mixed Effects Models, }},
publisher = {R package version 2.1-3},
year = {2017},
url = {https://CRAN.R-project.org/package=robustlmm}
}
@book{psycho-aging-1997,
author = {J.~R. {Levin}},
title = {{Overcoming feelings of powerlessness in "aging" researchers: a primer on statistical power in analysis of variance designs}},
publisher = {Psychology and aging 12 (1):},
pages = {84--106},
year = {1997},
url = {https://doi.org/10.1037/0882-7974.12.1.84}
}
@book{Lix1995,
author = {L.~M. {Lix and H.~J. Keselman}},
title = {{Approximate Degrees of Freedom Tests: A Unified Perspective on Testing for Mean Equality}},
publisher = {Psychological Bulletin 117 (3):},
pages = {547--560},
year = {1995},
url = {https://doi.org/10.1037/0033-2909.117.3.547}
}
@book{robustbasepkg,
author = {M.~{Maechler, P.~Rousseeuw, C.~Croux, V.~Todorov, A.~Ruckstuhl, M.~Salibian-Barrera, T.~Verbeke, M.~Koller, E.~L.~T. Conceicao, and M.~{Anna di Palma}}},
title = {{robustbase: Basic Robust Statistics, }},
publisher = {R package version 0.92-7},
year = {2016},
url = {http://robustbase.r-forge.r-project.org/}
}
@book{WRS2pkg,
author = {P.~{Mair and R.~Wilcox}},
title = {{WRS2: A Collection of Robust Statistical Methods, }},
publisher = {R package version 0.9-2},
year = {2017},
url = {https://CRAN.R-project.org/package=WRS2}
}
@book{robustStatisticsBook,
author = {R.~A. {Maronna, D.~R. Martin, and V.~J. Yohai}},
title = {{Robust Statistics: Theory and Methods}},
publisher = {Wiley},
year = {2006}
}
@book{Maxwell2004,
author = {S.~E. {Maxwell and H.~D. Delaney}},
title = {{Designing Experiments and Analyzing Data: A model comparison perspective, 2nd Ed}},
publisher = {Routledge},
year = {2004}
}
@book{robustness1987,
author = {G.~W. {Milligan, D.~S. Wong, and P.~A. Thompson}},
title = {{Robustness properties of nonorthogonal analysis of variance}},
publisher = {Psychological Bulletin 101 (3):},
pages = {464--470},
year = {1987},
url = {https://doi.org/10.1037/0033-2909.101.3.464}
}
@book{adhd2011,
author = {U.~C. {M\"{u}ller, P.~Asherson, T.~Banaschewski, J.~K. Buitelaar, R.~P. Ebstein, J.~Eisenberg, M.~Gill, I.~Manor, A.~Miranda, R.~D. Oades, H.~Roeyers, A.~Rothenberger, J.~A. Sergeant, E.~J. Sonuga-Barke, M.~Thompson, S.~V. Faraone, and H.-C. Steinhausen}},
title = {{The impact of study design and diagnostic approach in a large multi-centre ADHD study. Part 1: ADHD symptom patterns}},
publisher = {BMC Psychiatry 11 (54)},
year = {2011},
url = {https://doi.org/10.1186/1471-244X-11-54}
}
@book{nlmepkg,
author = {J.~{Pinheiro, D.~Bates, and {R-core}}},
title = {{nlme: Linear and Nonlinear Mixed Effects Models, }},
publisher = {R package version 3.1-131},
year = {2017},
url = {https://CRAN.R-project.org/package=nlme}
}
@book{heterogeneityReview2012,
author = {J.~{Ruscio and B.~Roche}},
title = {{Variance heterogeneity in published psychological research: a review and a new index}},
publisher = {Methodology: European Journal of Research Methods for theBehavioral and Social Sciences 8 (1):},
pages = {1--11},
year = {2012},
url = {https://doi.org/10.1027/1614-2241/a000034}
}
@book{discontinuity2011,
author = {M.~J.~V. {Ryzin, E.~A. Carlson, and L.~A. Sroufe}},
title = {{Attachment discontinuity in a high-risk sample}},
publisher = {Attachment & Human Development 13 (4):},
pages = {381--401},
year = {2011},
url = {https://doi.org/10.1080/14616734.2011.584403}
}
@book{SalazarAlvarez2014,
author = {M.~I. {Salazar-Alvarez, V.~G. Tercero-G\'{o}mez, M.~del Carmen Temblador-P\'{e}rez, A.~E. Cordero-Franco, and W.~J. Conover}},
title = {{Nonparametric analysis of interactions: a review and gap analysis}},
publisher = {In Proceedings of the  Industrial and Systems EngineeringResearch Conference},
year = {2014}
}
@book{SalibianBarrera2008,
author = {M.~{Salibi{\'a}n-Barrera, S.~Van~Aelst, and G.~Willems}},
title = {{Fast and robust bootstrap}},
publisher = {Statistical Methods and Applications 17(1):},
pages = {41--71},
year = {2008},
url = {https://doi.org/10.1007/s10260-007-0048-6}
}
@book{SASguide,
author = {{SAS {Institute}}},
title = {{SAS/STAT 9.3 User's guide}},
year = {2011}
}
@book{Sawilowsky1990,
author = {S.~S. {Sawilowsky}},
title = {{Nonparametric Tests of Interaction in Experimental Design}},
publisher = {Review of Educational Research 60 (1):},
pages = {91--126},
year = {1990},
url = {https://doi.org/10.3102/00346543060001091}
}
@book{Singh1998,
author = {K.~{Singh}},
title = {{Breakdown theory for bootstrap quantiles}},
publisher = {The Annals of Statistics 26 (5): 10},
pages = {1719--1732},
year = {1998},
url = {https://doi.org/10.1214/aos/1024691354}
}
@book{glmmADMBpkg,
author = {H.~{Skaug, D.~Fournier, A.~Nielsen, A.~Magnusson, and B.~Bolker}},
title = {{glmmADMB: Generalized Linear Mixed Models using 'AD Model Builder', }},
year = {2016},
url = {http://glmmadmb.r-forge.r-project.org}
}
@book{women2010,
author = {L.~{Symes, J.~McFarlane, L.~Frazier, M.~C. Henderson-Everhardus, G.~McGlory, K.~B. Watson, Y.~Liu, C.~E. Rhodes, and R.~C. Hoogeveen}},
title = {{Exploring violence against women and adverse health outcomes in middle age to promote women's health}},
publisher = {Critical Care Nursing Quarterly 33 (3):},
pages = {233--243},
year = {2010},
url = {https://doi.org/10.1097/CNQ.0b013e3181e6d7c4}
}
@book{Vallejo2005,
author = {G.~{Vallejo and P.~Livacic-Rojas}},
title = {{Comparison of Two Procedures for Analyzing Small Sets of Repeated Measures Data}},
publisher = {Multivariate Behavioral Research 40 (2):},
pages = {179--205},
year = {2005},
url = {https://doi.org/10.1207/s15327906mbr4002_2}
}
@book{Vallejo2001,
author = {G.~{Vallejo, A.~Fidalgo, and P.~Fern\'{a}ndez}},
title = {{Effects of covariance heterogeneity on three procedures for analyzing multivariate repeated measures designs}},
publisher = {Multivariate Behavioral Research 36 (1):},
pages = {1--27},
year = {2001},
url = {https://doi.org/10.1207/S15327906MBR3601_01}
}
@book{Vallejo2006,
author = {G.~{Vallejo, J.~Morisa, and N.~M. Conejo}},
title = {{A SAS/IML program for implementing the modified Brown-Forsythe procedure in repeated measures designs}},
publisher = {Computer Methods and Programs in Biomedicine 83(3):},
pages = {169--177},
year = {2006},
url = {https://doi.org/10.1016/j.cmpb.2006.06.006}
}
@book{Vallejo2008,
author = {G.~{Vallejo, M.~Ato, M.~P. Fern\'{a}ndez, and L.-R.~P. E}},
title = {{A Practical Method for Analyzing Factorial Designs with Heteroscedastic Data}},
publisher = {Psychological Reports 102 (3):},
pages = {643--656},
year = {2008},
url = {https://doi.org/10.2466/pr0.102.3.643-656}
}
@book{ARTpkg,
author = {P.~J. {Villacorta}},
title = {{ART: Aligned Rank Transform for Nonparametric Factorial Analysis, }},
publisher = {R package version 1.0},
year = {2015},
url = {https://CRAN.R-project.org/package=ART}
}
@book{welchADFpkg,
author = {P.~J. {Villacorta}},
title = {{welchADF: Welch-James Statistic for Robust Hypothesis Testing under Heterocedasticity and Non-Normality, }},
publisher = {R package version 0.2},
year = {2017},
url = {https://CRAN.R-project.org/package=welchADF}
}
@book{robuspkg,
author = {J.~{Wang, R.~Zamar, A.~Marazzi, V.~Yohai, M.~Salibian-Barrera, R.~Maronna, E.~Zivot, D.~Rocke, D.~Martin, M.~Maechler, and K.~Konis}},
title = {{robust: Port of the S+ "Robust Library", }},
publisher = {R package version 0.4-18},
year = {2017},
url = {https://CRAN.R-project.org/package=robust}
}
@book{Welch1951,
author = {B.~L. {Welch}},
title = {{On the comparison of several mean values: an alternative approach}},
publisher = {Biometrika 38:},
pages = {330--336},
year = {1951},
url = {https://doi.org/10.2307/2332579}
}
@book{Wicherts2005,
author = {J.~{Wicherts, C.~Dolan, and D.~Hessen}},
title = {{Stereotype threat and group differences in test performance: a question of measurement invariance}},
publisher = {Journal of Personality and Social Psychology 89(5):},
pages = {696--716},
year = {2005},
url = {https://doi.org/10.1037/0022-3514.89.5.696}
}
@book{robustEstBook,
author = {R.~{Wilcox}},
title = {{Introduction to Robust Estimation & Hypothesis Testing, 3rd Ed}},
publisher = {Academic Press},
year = {2012}
}
@book{Wilcox1998,
author = {R.~R. {Wilcox, H.~J. Keselman, and R.~K. Kowalchuk}},
title = {{Can tests for treatment group equality be improved?: The bootstrap and trimmed means conjecture}},
publisher = {British Journal of Mathematical and Statistical Psychology,51:},
pages = {123--134},
year = {1998},
url = {https://doi.org/10.1111/j.2044-8317.1998.tb00670.x}
}
@book{mgcvpkg,
author = {S.~{Wood}},
title = {{mgcv: Mixed GAM Computation Vehicle with Automatic Smoothness Estimation, }},
publisher = {R package version 1.8-19},
year = {2017},
url = {https://CRAN.R-project.org/package=mgcv}
}
@book{gamm4pkg,
author = {S.~{Wood and F.~Scheipl}},
title = {{gamm4: Generalized Additive Mixed Models using 'mgcv' and 'lme4', }},
publisher = {R package version 0.2-5},
year = {2017},
url = {https://CRAN.R-project.org/package=gamm4}
}
@book{Wuensch1992,
author = {K.~L. {Wuensch}},
title = {{Fostering house mice onto rats and deer mice: Effects on response to species odors}},
publisher = {Animal Learning & Behavior 20 (3): 253-- 258},
year = {1992},
url = {https://doi.org/10.3758/BF03213379}
}

