@Article{Akritas94,
  author =	 {M. G. Akritas},
  title =	 {Nearest Neighbor Estimation of a Bivariate
                  Distribution under Random Censoring},
  journal =	 {The Annals of Statistics},
  year =	 1994,
  volume =	 22,
  pages =	 {1299--1327},
  doi =		 {10.1214/aos/1176325630},
}

@Misc{Allignol,
  author =	 {A. Allignol and A. Latouche},
  title =	 {CRAN Task View: Survival Analysis},
  year =	 2016,
  url =		 {https://CRAN.R-project.org/view=Survival},
  note =	 {Version 2016-01-27},
}

@TechReport{Beran81,
  title =	 {Nonparametric Regression with Randomly Censored
                  Survival Data},
  year =	 1981,
  author =	 {R. Beran},
  institution =	 {University of California, Berkeley},
}

@Article{Byar,
  author =	 {D. P. Byar},
  title =	 {Veterans Administration Study of Chemoprophylaxis
                  for Recurrent Stage I Bladder Tumors: Comparisons Of
                  Placebo, Pyridoxine and Topical Thiotepa},
  journal =	 {Bladder Tumors and Other Topics in Urological
                  Oncology},
  year =	 1980,
  volume =	 18,
  pages =	 {363--370},
  doi =		 {10.1007/978-1-4613-3030-1_74},
}

@Book{Cook,
  title =	 {The Analysis of Recurrent Event Data},
  publisher =	 {Springer-Verlag},
  year =	 2007,
  author =	 {R. J. Cook and J. F. Lawless},
  address =	 {New York},
}

@Article{Dabrowska87,
  author =	 {D. Dabrowska},
  title =	 {Non-Parametric Regression with Censored Survival
                  Data},
  journal =	 {Scandinavian Journal of Statistics},
  year =	 1987,
  volume =	 14,
  pages =	 {181--197},
  doi =		 {10.1002/9781118558072.ch5},
}

@Book{Davison97,
  title =	 {Bootstrap Methods and Their Application},
  publisher =	 {Cambridge University Press},
  year =	 1997,
  author =	 {A. C. Davison and D. V. Hinkley},
  address =	 {New York},
}

@Article{Dikta1998,
  author =	 {G. Dikta},
  title =	 {On Semiparametric Random Censorship Models},
  journal =	 {Journal of Statistical Planning and Inference},
  year =	 1998,
  volume =	 66,
  pages =	 {253--279},
  doi =		 {10.1016/s0378-3758(97)00091-8},
}

@Article{Manteiga94,
  author =	 {W. Gonzalez-Manteiga and C. Cadarso-Su\'{a}rez},
  title =	 {Asymptotic Properties of a Generalized
                  {K}aplan-{M}eier Estimator with Some Applications},
  journal =	 {Communications in Statistics -- Theory and Methods},
  year =	 1994,
  volume =	 4,
  number =	 1,
  pages =	 {65--78},
  doi =		 {10.1080/10485259408832601},
}

@Article{KM58,
  author =	 {E. L. Kaplan and P. Meier},
  title =	 {Nonparametric Estimation from Incomplete
                  Observations},
  journal =	 {Journal of the American Statistical Association},
  year =	 1958,
  volume =	 53,
  pages =	 {457--481},
  doi =		 {10.2307/2281868},
}

@Article{Moertel90,
  author =	 {C. G. Moertel and T. R. Fleming and J. S. McDonald
                  and others},
  title =	 {Levamisole and Fluorouracil for Adjuvant Therapy Of
                  Resected Colon Carcinoma},
  journal =	 {New England Journal of Medicine},
  year =	 1990,
  volume =	 322,
  pages =	 {352--358},
  doi =		 {10.1007/s11725-008-0076-x},
}

@Article{Nadaraya65,
  author =	 {E. A. Nadaraya},
  title =	 {On Nonparametric Estimates of Density Functions And
                  Regression Curves},
  journal =	 {Theory of Applied Probability},
  year =	 1965,
  volume =	 10,
  pages =	 {186--190},
  doi =		 {10.1137/1110024},
}

@Article{MeiraMachado2009,
  author =	 {L. Meira-Machado and J. {de {U\~{n}a}-\'{A}lvarez}
                  and C. Cadarso-Su\'{a}rez and P. K. Andersen},
  title =	 {Multi-State Models for the Analysis of Time to Event
                  Data},
  journal =	 {Statistical Methods in Medical Research},
  year =	 2009,
  volume =	 18,
  pages =	 {195--222},
  doi =		 {10.1177/0962280208092301},
}

@Article{MeiraMachado2016,
  author =	 {L. Meira-Machado and M. Sestelo and A. Goncalves},
  title =	 {Nonparametric Estimation of the Survival Function
                  for Ordered Multivariate Failure Time Data: A
                  Comparative Study},
  journal =	 {Biometrical Journal},
  volume =	 58,
  number =	 3,
  pages =	 {623--634},
  year =	 2016,
  doi =		 {10.1002/bimj.201500038},
}

@Manual{prodlim,
  title =	 {prodlim: Product-Limit Estimation for Censored Event
                  History Analysis},
  author =	 {Thomas A. Gerds},
  year =	 2015,
  note =	 {R package version 1.5.7},
  url =		 {https://CRAN.R-project.org/package=prodlim},
}

@Article{SattenDatta01,
  author =	 {G. A. Satten and S. Datta},
  title =	 {The {K}aplan-{M}eier Estimator as An
                  Inverse-Probability-of-Censoring Weighted Average},
  journal =	 {The American Statistician},
  year =	 2001,
  volume =	 55,
  number =	 3,
  pages =	 {207--210},
  doi =		 {10.1198/000313001317098185},
}

@Manual{survival,
  title =	 {survival: A Package for Survival Analysis in S},
  author =	 {Terry M Therneau},
  year =	 2015,
  note =	 {version 2.38},
  url =		 {https://CRAN.R-project.org/package=survival},
}

@Article{VanKeilegom2001,
  author =	 {I. {Van Keilegom} and M. Akritas and N. Veraverbeke},
  title =	 {Estimation of the Conditional Distribution In
                  Regression with Censored Data: A Comparative Study},
  journal =	 {Computational Statistics \& Data Analysis},
  year =	 2001,
  volume =	 35,
  pages =	 {487--500},
  doi =		 {10.1016/s0167-9473(00)00025-6},
}

@Article{VanKeilegom2011,
  author =	 {I. {Van Keilegom} and J. {de U\~{n}a}-\'{A}lvarez
                  and L. Meira-Machado},
  title =	 {Nonparametric Location-Scale Models for Successive
                  Survival times under Dependent Censoring},
  journal =	 {Journal of Statistical Planning and Inference},
  year =	 2011,
  volume =	 141,
  pages =	 {1118--1131},
  doi =		 {10.1016/j.jspi.2010.09.010},
}

@Article{vanHouwelingen,
  author =	 {H. C. {Van Houwelingen}},
  title =	 {Dynamic Prediction by Landmarking in Event History
                  Analysis},
  journal =	 {Scandinavian Journal of Statistics},
  year =	 2007,
  volume =	 34,
  pages =	 {70--85},
  doi =		 {10.1111/j.1467-9469.2006.00529.x},
}

@Book{WandJones95,
  title =	 {Kernel Smoothing},
  publisher =	 {Chapman \& Hal},
  year =	 1997,
  author =	 {{M.P.} and {Wand} and M. C. Jones},
  address =	 {London},
  doi =		 {10.1007/978-1-4899-4493-1},
}

@Article{Watson64,
  author =	 {G. S. Watson},
  title =	 {Smooth Regression Analysis},
  journal =	 {Sankhya},
  year =	 1964,
  volume =	 26,
  number =	 15,
  pages =	 {175--184},
  doi =		 {10.1093/biomet/51.1-2.175},
}
@book{Watson64-machado,
author = {G.~S. {Watson}},
title = {{Smooth regression analysis}},
publisher = {Sankhya 26 (15):   doi10.1093/biomet/51.1-2.175},
pages = {175--184},
year = {1964}
}

