@inproceedings{Dau2017,
address = {New York, New York, USA},
annote = {http://www.cs.ucr.edu/{\~{}}hdau001/guided{\_}motif{\_}search/},
author = {Dau, Hoang Anh and Keogh, Eamonn},
booktitle = {Proceedings of the 23rd ACM SIGKDD International Conference on Knowledge Discovery and Data Mining - KDD '17},
doi = {https://doi.org/10.1145/3097983.3097993},
isbn = {9781450348874},
keywords = {interactive data mining,matrix profile,motif discovery,time series},
pages = {125--134},
publisher = {ACM Press},
title = {{Matrix Profile V: A Generic Technique to Incorporate Domain Knowledge into Motif Discovery}},
year = {2017}
}
@article{Faloutsos1994,
author = {Faloutsos, Christos and Ranganathan, M. and Manolopoulos, Yannis},
doi = {https://doi.org/10.1145/191843.191925},
issn = {01635808},
journal = {ACM SIGMOD Record},
month = {jun},
number = {2},
pages = {419--429},
title = {{Fast subsequence matching in time-series databases}},
volume = {23},
year = {1994}
}
@article{Fu2008,
author = {Fu, Ada Wai Chee and Keogh, Eamonn and Lau, Leo Yung Hang and Ratanamahatana, Chotirat Ann and Wong, Raymond Chi Wing},
doi = {https://doi.org/10.1007/s00778-006-0040-z},
isbn = {1-59593-154-6},
issn = {10668888},
journal = {VLDB Journal},
keywords = {Dynamic time warping,Nearest neighbor search,Scaled and warped matching,Subsequence matching,Uniform scaling},
number = {4},
pages = {899--921},
title = {{Scaling and time warping in time series querying}},
volume = {17},
year = {2008}
}
@article{Fu2011,
author = {Fu, Tak Chung},
doi = {https://doi.org/10.1016/j.engappai.2010.09.007},
isbn = {2472061331},
issn = {09521976},
journal = {Engineering Applications of Artificial Intelligence},
keywords = {Representation,Segmentation,Similarity measure,Time series data mining,Visualization},
number = {1},
pages = {164--181},
pmid = {1000285846},
publisher = {Elsevier},
title = {{A review on time series data mining}},
volume = {24},
year = {2011}
}
@inproceedings{Gharghabi2017,
annote = {FLOSS, FLUSS
Semantic Segmentation},
author = {Gharghabi, Shaghayegh and Ding, Yifei and Yeh, Chin-Chia Michael and Kamgar, Kaveh and Ulanova, Liudmila and Keogh, Eamonn},
booktitle = {2017 IEEE International Conference on Data Mining (ICDM)},
doi = {https://doi.org/10.1109/ICDM.2017.21},
isbn = {978-1-5386-3835-4},
issn = {15504786},
keywords = {Online Algorithms,Semantic Segmentation,Time Series},
month = {nov},
pages = {117--126},
publisher = {IEEE},
title = {{Matrix Profile VIII: Domain Agnostic Online Semantic Segmentation at Superhuman Performance Levels}},
volume = {2017-Novem},
year = {2017}
}
@inproceedings{Gharghabi2018,
author = {Gharghabi, Shaghayegh and Imani, Shima and Bagnall, Anthony and Darvishzadeh, Amirali and Keogh, Eamonn},
booktitle = {2018 IEEE International Conference on Data Mining (ICDM)},
keywords = {distance measure,matrix profile,time series},
title = {{Matrix Profile XII: MPdist: A Novel Time Series Distance Measure to Allow Data Mining in More Challenging Scenarios.}},
year = {2018}
}
@inproceedings{Hoang2015,
archivePrefix = {arXiv},
author = {Hoang, Thang and Choi, Deokjai and Nguyen, Thuc},
booktitle = {Proceedings of the 12th International Conference on Security and Cryptography},
doi = {https://doi.org/10.5220/0005572001480159},
eprint = {1602.03199},
isbn = {978-989-758-117-5},
pages = {148--159},
publisher = {SCITEPRESS - Science and and Technology Publications},
title = {{On the Instability of Sensor Orientation in Gait Verification on Mobile Phone}},
year = {2015}
}
@inproceedings{Hu2011,
author = {Hu, Bing and Rakthanmanon, Thanawin and Hao, Yuan and Evans, Scott and Lonardi, Stefano and Keogh, Eamonn},
booktitle = {2011 IEEE 11th International Conference on Data Mining},
doi = {https://doi.org/10.1109/ICDM.2011.54},
isbn = {978-1-4577-2075-8},
month = {dec},
pages = {1086--1091},
publisher = {IEEE},
title = {{Discovering the Intrinsic Cardinality and Dimensionality of Time Series Using MDL}},
year = {2011}
}
@inproceedings{Imani2018,
author = {Imani, Shima and Madrid, Frank and Ding, Wei and Crouter, Scott and Keogh, Eamonn},
booktitle = {2018 IEEE International Conference on Data Mining (ICDM)},
keywords = {all the,data looks like that,diversification,for a sleep study,heartbeats,it may be that,motifs,or it may be,quantifiability,regions,sampling,shows some typical healthy,suppose the top-1 snippet,that there were also,time series},
title = {{Matrix Profile XIII : Time Series Snippets : A New Primitive for Time Series Data Mining}},
year = {2018}
}
@article{Keogh2005,
author = {Keogh, Eamonn and Ratanamahatana, Chotirat Ann},
doi = {https://doi.org/10.1007/s10115-004-0154-9},
issn = {0219-1377},
journal = {Knowledge and Information Systems},
month = {mar},
number = {3},
pages = {358--386},
title = {{Exact indexing of dynamic time warping}},
volume = {7},
year = {2005}
}
@inproceedings{Lin2003,
address = {New York, New York, USA},
annote = {SAX},
archivePrefix = {arXiv},
arxivId = {1011.1669},
author = {Lin, Jessica and Keogh, Eamonn and Lonardi, Stefano and Chiu, Bill},
booktitle = {Proceedings of the 8th ACM SIGMOD workshop on Research issues in data mining and knowledge discovery - DMKD '03},
doi = {https://doi.org/10.1145/882085.882086},
eprint = {1011.1669},
isbn = {978-3-642-41397-1},
keywords = {data mining,data streams,discretize,symbolic,time series},
pages = {2},
pmid = {25140332},
publisher = {ACM Press},
title = {{A symbolic representation of time series, with implications for streaming algorithms}},
year = {2003}
}
@inproceedings{Linardi2018,
address = {New York, New York, USA},
author = {Linardi, Michele and Zhu, Yan and Palpanas, Themis and Keogh, Eamonn},
booktitle = {Proceedings of the 2018 International Conference on Management of Data - SIGMOD '18},
doi = {https://doi.org/10.1145/3183713.3183744},
isbn = {9781450347037},
keywords = {data mining,data series,motif discovery,time series,variable length},
pages = {1053--1066},
publisher = {ACM Press},
title = {{Matrix Profile X: VALMOD - Scalable Discovery of Variable-Length Motifs in Data Series}},
year = {2018}
}
@misc{Mueen2015,
author = {Mueen, Abdullah and Zhu, Yan and Yeh, Michael and Kamgar, Kaveh and Viswanathan, Krishnamurthy and Gupta, Chetan Kumar and Keogh, Eamonn},
title = {{The Fastest Similarity Search Algorithm for Time Series Subsequences under Euclidean Distance and Correlation Coefficient}},
url = {https://www.cs.unm.edu/~mueen/FastestSimilaritySearch.html},
urldate = {2018-09-19},
year = {2015}
}
@inproceedings{Reiss2012,
author = {Reiss, Attila and Stricker, Didier},
booktitle = {2012 16th International Symposium on Wearable Computers},
doi = {https://doi.org/10.1109/ISWC.2012.13},
isbn = {978-0-7695-4697-1},
month = {jun},
pages = {108--109},
publisher = {IEEE},
title = {{Introducing a New Benchmarked Dataset for Activity Monitoring}},
year = {2012}
}
@inproceedings{Shieh2008,
address = {New York, New York, USA},
author = {Shieh, Jin and Keogh, Eamonn},
booktitle = {Proceeding of the 14th ACM SIGKDD international conference on Knowledge discovery and data mining - KDD 08},
doi = {https://doi.org/10.1145/1401890.1401966},
isbn = {9781605581934},
pages = {623},
publisher = {ACM Press},
title = {{iSAX: indexing and mining terabyte sized time series}},
year = {2008}
}
@article{Silva2016,
author = {Silva, D. and Yeh, C. and Batista, G. and Keogh, E.},
journal = {Proceedings of the 17th ISMIR conference},
pages = {23--30},
title = {{Simple: Assessing Music Similarity Using Subsequences Joins}},
year = {2016}
}
@article{Silva2018,
author = {Silva, Diego Furtado and Yeh, Chin-Chia Michael and Zhu, Yan and Batista, Gustavo and Keogh, Eamonn},
doi = {https://doi.org/10.1109/TMM.2018.2849563},
issn = {1520-9210},
journal = {IEEE Transactions on Multimedia},
keywords = {Index Termsâ€”Data analysis,distance measurement,music information retrieval},
number = {8},
pages = {1--1},
title = {{Fast Similarity Matrix Profile for Music Analysis and Exploration}},
volume = {14},
year = {2018}
}
@misc{Ucrmp,
author = {UCR},
title = {{UCR Matrix Profile Page}},
url = {http://www.cs.ucr.edu/~eamonn/MatrixProfile.html},
urldate = {2018-09-20},
year = {2016}
}
@inproceedings{Wei2006,
author = {Wei, Li and Keogh, Eamonn and Xi, Xiaopeng},
booktitle = {Sixth International Conference on Data Mining (ICDM'06)},
doi = {https://doi.org/10.1109/ICDM.2006.138},
isbn = {0-7695-2701-7},
issn = {1550-4786},
month = {dec},
pages = {711--720},
publisher = {IEEE},
title = {{SAXually Explicit Images: Finding Unusual Shapes}},
year = {2006}
}
@article{Yeh2017,
author = {Yeh, Chin Chia Michael and {Van Herle}, Helga and Keogh, Eamonn},
doi = {https://doi.org/10.1109/ICDM.2016.92},
isbn = {9781509054725},
issn = {15504786},
journal = {Proceedings - IEEE International Conference on Data Mining, ICDM},
keywords = {Feature Extraction,Multidimensional Scaling,Time Series,Visualization},
pages = {579--588},
title = {{Matrix profile III: The matrix profile allows visualization of salient subsequences in massive time series}},
year = {2017}
}
@article{Yeh2017a,
author = {Yeh, Chin Chia Michael and Zhu, Yan and Ulanova, Liudmila and Begum, Nurjahan and Ding, Yifei and Dau, Hoang Anh and Silva, Diego Furtado and Mueen, Abdullah and Keogh, Eamonn},
doi = {https://doi.org/10.1109/ICDM.2016.89},
isbn = {9781509054725},
issn = {15504786},
journal = {Proceedings - IEEE International Conference on Data Mining, ICDM},
keywords = {Motif discovery,Similarity joins,Time series},
pages = {1317--1322},
title = {{Matrix profile I: All pairs similarity joins for time series: A unifying view that includes motifs, discords and shapelets}},
year = {2017}
}
@inproceedings{Yeh,
author = {Yeh, Chin-chia Michael and Kavantzas, Nickolas and Keogh, Eamonn},
booktitle = {Proceedings - IEEE International Conference on Data Mining, ICDM},
keywords = {behaviors are almost identical,however,if we focus solely,if we look that,limbs,motif discovery,multidimensional data,on all of the,on the boxer,s dominant hand,set of mo-cap markers,the differences in the,the full,the two,time series},
title = {{Matrix Profile VI : Meaningful Multidimensional Motif Discovery}},
year = {2017}
}
@inproceedings{Yeh2017b,
annote = {SDTScPredict Labeling (not semantig segmentation, but when is event or not event)},
author = {Yeh, Chin-Chia Michael and Kavantzas, Nickolas and Keogh, Eamonn},
booktitle = {Proceedings of the VLDB Endowment},
doi = {https://doi.org/10.14778/3137765.3137784},
issn = {21508097},
month = {aug},
number = {12},
pages = {1802--1812},
title = {{Matrix profile IV: Using Weakly Labeled Time Series to Predict Outcomes}},
volume = {10},
year = {2017}
}
@article{Yoon2015,
author = {Yoon, C. E. and OReilly, O. and Bergen, K. J. and Beroza, G. C.},
doi = {https://doi.org/10.1126/sciadv.1501057},
issn = {2375-2548},
journal = {Science Advances},
month = {dec},
number = {11},
pages = {e1501057--e1501057},
title = {{Earthquake detection through computationally efficient similarity search}},
volume = {1},
year = {2015}
}
@article{Zhu2018,
author = {Zhu, Yan and Imamura, Makoto and Nikovski, Daniel and Keogh, Eamonn},
doi = {https://doi.org/10.1007/s10115-018-1224-8},
issn = {0219-1377},
journal = {Knowledge and Information Systems},
keywords = {Data Streams,Machine Learning: Data Mining,Machine Learning: Time-series,link analysis,motifs,prognostics,time series},
month = {jun},
pages = {1--27},
title = {{Matrix Profile VII: Time Series Chains: A New Primitive for Time Series Data Mining}},
year = {2018}
}
@inproceedings{Zhu2018a,
author = {Zhu, Yan and Yeh, Chin-chia Michael and Zimmerman, Zachary and Kamgar, Kaveh and Keogh, Eamonn},
booktitle = {2018 IEEE International Conference on Data Mining (ICDM)},
keywords = {anytime algorithms,as gpus,demonstrate that scrimp,further expands the purview,larger datasets,matrix profile and allows,motif discovery,of the,performance computing platforms such,time series,us to consider even,we will},
title = {{Matrix Profile XI: SCRIMP++: Time Series Motif Discovery at Interactive Speeds}},
year = {2018}
}
@article{Zhu2016,
author = {Zhu, Yan and Zimmerman, Zachary and Senobari, Nader Shakibay and Yeh, Chin-chia Michael and Funning, Gareth},
doi = {https://doi.org/10.1109/ICDM.2016.126},
isbn = {9781509054725},
issn = {0219-1377},
journal = {Icdm},
keywords = {GPUs,Joins,Motifs,Time series,gpus,joins,motifs,time series},
month = {jan},
number = {1},
pages = {739--748},
title = {{Matrix Profile II : Exploiting a Novel Algorithm and GPUs to Break the One Hundred Million Barrier for Time Series Motifs and Joins}},
volume = {54},
year = {2016}
}
@article{Zimmerman,
author = {Zimmerman, Zachary and Kamgar, Kaveh and Zhu, Yan and Senobari, Nader Shakibay and Crites, Brian and Funning, Gareth},
title = {{Scaling Time Series Motif Discovery with GPUs: Breaking the Quintillion Pairwise Comparisons a Day Barrier}},
doi = {https://doi.org/10.1145/3357223.3362721},
journal = {ACM},
year = {2018}
}
@Manual{tsmp,
  title = {tsmp: Time Series with Matrix Profile},
  author = {Francisco Bischoff},
  year = {2018},
  note = {R package version 0.3.2},
  url = {https://CRAN.R-project.org/package=tsmp},
}
