@book{Norris98,
  title={Markov Chains},
  author={J. R. Norris},
  year={1998},
  publisher={Cambridge University Press},
  url={https://doi.org/10.1017/CBO9780511810633}
}

@book{Ethier05,
title={Markov Processes: Characterization and Convergence},
year=2005,
author={S. N. Ethier and T. G. Kurtz},
publisher={Wiley},
url={https://doi.org/10.1002/9780470316658}
}

@article{Inamura06,
title={Estimating Continuous Time Transition Matrices from Discretely Observed Data},
year=2006,
author="Y. Inamura",
journal="Bank of Japan Working Paper Series",
url={https://www.boj.or.jp/en/research/wps_rev/wps_2006/data/wp06e07.pdf}
}



@article{dosReis17,
author = {G. Smith and G. dos Reis},
title = {Robust and consistent estimation of generators in credit risk},
journal = {Quantitative Finance (To Appear)},
year  = {2017},
url = {  https://doi.org/10.1080/14697688.2017.1383627}
}


@ARTICLE{Kreinin01,
    author = {E. Kreinin and M. Sidelnikova},
    title = {Regularization Algorithms for Transition Matrices},
    journal = {Algo Research Quarterly},
    year = {2001},
    volume={4},
  number={1},
  pages={23--40}
}

@article{Oakes99,
  title={Direct Calculation of the Information Matrix via the {EM} Algorithm},
  author={D. Oakes},
  journal={Journal of the Royal Statistical Society: Series B (Statistical Methodology)},
  volume={61},
  number={2},
  pages={479--482},
  year={1999},
  url={https://doi.org/10.1111/1467-9868.00188}
}

@article{Bladt09,
author="M. Bladt and M. S{\o}rensen",
year={2009},
title={Efficient Estimation of Transition Rates Between Credit Ratings from Observations at Discrete Time Points},
journal="Quantitative Finance",
volume={9},
  number={2},
  pages={147--160},
  url={https://doi.org/10.1080/14697680802624948}
}

@article{Bladt05,
  title={Statistical Inference for Discretely Observed {M}arkov Jump Processes},
  author={M. Bladt and M. S{\o}rensen},
  journal={Journal of the Royal Statistical Society B},
  volume={67},
  number={3},
  pages={395--410},
  year={2005},
  url={https://doi.org/10.1111/j.1467-9868.2005.00508.x}
}


@article{Israel01,
  title={Finding Generators for {M}arkov Chains via Empirical Transition Matrices, with Applications to Credit Ratings},
  author={R. B. Israel and others},
  journal={Mathematical Finance},
  volume={11},
  number={2},
  pages={245--265},
  year={2001},
  url={https://doi.org/10.1111/1467-9965.00114}
}


@article{VanLoan78,
title={Computing Integrals Involving the Matrix Exponential},
author="C. {van Loan}",
year={1978},
journal={IEEE Transactions on Automatic Controls},
volume={AC 23},
number={3},
pages={395--404}}


@article{Hobolth09,
title={Simulation from Endpoint-Conditioned, Continuous-Time {M}arkov Chains on a Finite State Space, with Applications to Molecular Evolution},
author="A. Hobolth and E. A. Stone",
journal="Annals of Applied Statistics",
volume={3},
number={3},
pages={1204--1231},
year={2009},
url={https://doi.org/10.1214/09-AOAS247}}


@article{Blackwell03,
title={{B}ayesian Inference for {M}arkov Processes with Diffusion and Discrete Components},
author={P. G. Blackwell},
journal={Biometrika},
volume={90},
number={3},
year={2003},
pages={613--627}}


@article{Nielsen02,
title={Mapping Mutations on Phylogenies},
author={R. Nielsen},
year={2002},
journal={Systematic Biology},
volume={51},
number={5},
pages={729--739},
url={https://doi.org/10.1080/10635150290102393}
}


@article{Hobolth08,
title={A {M}arkov Chain {M}onte {C}arlo Expectation Maximization Algorithm for Statistical Analysis of {DNA} Sequence Evolution with Neighbor-Dependent Substitution Rates},
author={A. Hobolth},
journal={Journal of Computational and Graphical Statistics},
volume={17},
number={1},
pages={1--25},
year={2008},
url={https://doi.org/10.1198/106186008X289010}}


@book{Chn14,
author={M. Chen and others},
title={Bayesian Phylogenetics: Methods, Algorithms and Applications},
year={2014},
publisher={CRC Press},
url={https://doi.org/10.1093/sysbio/syv063}}


@article{Holmes02,
author={I. Holmes and G. M. Rubin},
title={An Expectation-Maximization Algorithm for Training Hidden Substitution Models},
journal={Journal of Molecular Biology},
volume={317},
number={5},
pages={753--764},
year={2002}}

@book{Chen14,
author={M.-H. Chen and others},
title={Bayesian Phylogenetics: Methods, Algorithms, and Applications},
year={2014},
publisher={CRC Press},
url={https://doi.org/10.1093/sysbio/syv063}
}

@article{Verbyla13,
  title={The Embedding Problem for {M}arkov Models of Nucleotide Substitution},
  author={K. L. Verbyla and others},
  journal={PloS one},
  volume={8},
  number={7},
  pages={e69187},
  year={2013},
  url={https://doi.org/10.1371/journal.pone.0069187}
}

@article{mehtala2015optimal,
  title={Optimal observation times for multistate {M}arkov modelsâ€”applications to pneumococcal colonization studies},
  author={Meht{\"a}l{\"a}, Juha and Auranen, Kari and Kulathinal, Sangita},
  journal={Journal of the Royal Statistical Society: Series C (Applied Statistics)},
  volume={64},
  number={3},
  pages={451--468},
  year={2015},
  publisher={Wiley Online Library}
}

@article{hobolth2008,
  title={A {M}arkov Chain {M}onte {C}arlo Expectation Maximization Algorithm for Statistical Analysis of {DNA} Sequence Evolution with Neighbor-Dependent Substitution Rates},
  author={Hobolth, Asger},
  journal={Journal of Computational and Graphical Statistics},
  year={2008},
  volume={17},
  issue={1},
  pages={138--162}
}

@article{kremer2014asymptotic,
  title={Asymptotic normality for discretely observed {M}arkov jump processes with an absorbing state},
  author={Kremer, Alexander and Wei{\ss}bach, Rafael},
  journal={Statistics \& Probability Letters},
  volume={90},
  pages={136--139},
  year={2014},
  publisher={Elsevier}
}

@article{Fearnhead06,
author={P. Fearnhead and C. Sherlock},
title={An Exact {G}ibbs Sampler for the {M}arkov-Modulated {P}oisson Process},
journal={Journal of the Royal Statistical Society B},
volume={68},
issue={5},
pages={767--784},
year={2006},
url={https://doi.org/10.1111/j.1467-9868.2006.00566.x}
}

@misc{Fintzi16,
author={Jon Fintzi},
title={{ECctmc}: Simulation from Endpoint-Conditioned Continuous Time {M}arkov Chains},
howpublished={CRAN},
year={2016}
}

@article{Cubitt12,
author={T. Cubitt and others},
title={The Complexity of Relating Quantum Channels to Master Equations},
journal={Communications in Mathematical Physics},
volume={310},
number={2},
pages={383--418},
year={2012},
url={https://doi.org/10.1007/s00220-011-1402-y}}

@article{Hughes16,
author={M. Hughes and R. Werner},
title={Choosing {M}arkovian Credit Migration Matrices by Nonlinar Optimization},
Journal={Risks},
year={2016},
number={3},
volume={4},
pages={31},
url={https://doi.org/10.3390/risks4030031}}

@article{Elfving37,
author={G. Elfving},
title="{Zur Theorie der Markoffschen Ketten}",
journal={Acta Societatis Scientiarum Fennicae},
volume={A.2},
number={8},
pages={1--17},
year={1937}}

@article{Dorfleitner13,
  title={A Quantitative Model for Structured Microfinance},
  author={G. Dorfleitner and C. Priberny},
  journal={The Quarterly Review of Economics and Finance},
  volume={53},
  number={1},
  pages={12--22},
  year={2013},
  url={https://doi.org/10.1016/j.qref.2012.10.005}
}

@article{Yavin14,
  title={Transition Probability Matrix Methodology for Incremental Risk Charge},
  author={T. Yavin and others},
  journal={Journal of Financial Engineering},
  volume={1},
  number={1},
  pages={1450010},
  year={2014},
  url={https://doi.org/10.1142/S234576861450010X}
}

@misc{SP00,
title={Global Corporate Rating Transitions},
author="{Standard and Poor's}",
year={2000},
url={https://cerep.esma.europa.eu/cerep-web/statistics/transitionMatrice.xhtml}
}

@misc{Pfeuffer16,
title={Generator Matrix Approximation Based on Discrete-Time Rating Migration Data},
author={M. Pfeuffer},
howpublished={Master Thesis, Ludwig Maximilian University of Munich},
year={2016}
}

@article{Zhang12,
title={Effect of Vitamin {A} Deficiency on Respiratory Infection: Causal Inference for a Discretely Observed Continuous-Time Non-Stationary {M}arkov Process},
author={M. Zhang and D. S. Small},
journal={Canadian Journal of Statistics},
volume={40},
number={4},
pages={646--662},
year={2012},
url={https://doi.org/10.1002/cjs.11161}
}

@article{Gelman92,
  title={Inference from Iterative Simulation Using Multiple Sequences},
  author={A. Gelman and D. B. Rubin},
  journal={Statistical Science},
  pages={457--472},
  year={1992},
  url={https://doi.org/10.1214/ss/1177011136}
}

@book{bolker2008ecological,
  title={Ecological Models and Data in R},
  author={B. Bolker},
  year={2008},
  publisher={Princeton University Press}
}

@article{powell2009bobyqa,
  title={The {BOBYQA} algorithm for bound constrained optimization without derivatives},
  author={Powell, Michael JD},
  journal={Cambridge NA Report NA2009/06, University of Cambridge, Cambridge},
  year={2009},
  publisher={Citeseer}
}

@article{gelman2011inference,
  title={Inference from Simulations and Monitoring Convergence},
  author={A. Gelman and others},
  journal={Handbook of Markov Chain Monte Carlo},
  pages={163--174},
  year={2011},
  url={https://doi.org/10.1201/b10905-7}
}

@article{Brooks98,
  title={General Methods for Monitoring Convergence of Iterative Simulations},
  author={S. P. Brooks and A. Gelman},
  journal={Journal of Computational and Graphical Statistics},
  volume={7},
  number={4},
  pages={434--455},
  year={1998}
}

@article{jackson2011multi,
  title={Multi-state models for panel data: the {msm} package for {R}},
  author={Jackson, Christopher H and others},
  journal={Journal of Statistical Software},
  volume={38},
  number={8},
  pages={1--29},
  year={2011},
  url={https://doi.org/10.18637/jss.v038.i08}
}

@article{speakman1967two,
  title={Two Markov chains with a common skeleton},
  author={Speakman, Jane MO},
  journal={Zeitschrift f{\"u}r Wahrscheinlichkeitstheorie und Verwandte Gebiete},
  volume={7},
  number={3},
  pages={224--224},
  year={1967},
  publisher={Springer}
}

@article{gelman1992inference,
  title={Inference from iterative simulation using multiple sequences},
  author={Gelman, Andrew and Rubin, Donald B},
  journal={Statistical science},
  pages={457--472},
  year={1992},
  publisher={JSTOR}
}

@article{kalbfleisch1985analysis,
  title={The analysis of panel data under a {M}arkov assumption},
  author={Kalbfleisch, JD and Lawless, Jerald F},
  journal={Journal of the American Statistical Association},
  volume={80},
  number={392},
  pages={863--871},
  year={1985},
  publisher={Taylor \& Francis},
  url={https://doi.org/10.1080/01621459.1985.10478195}
}

@article{plummer2006coda,
  title={{CODA}: convergence diagnosis and output analysis for {MCMC}},
  author={Plummer, Martyn and Best, Nicky and Cowles, Kate and Vines, Karen},
  journal={R news},
  volume={6},
  number={1},
  pages={7--11},
  year={2006}
}

@article{heidelberger1981spectral,
  title={A Spectral Method for Confidence Interval Generation and Run Length Control in Simulations},
  author={Heidelberger, Philip and Welch, Peter D},
  journal={Communications of the ACM},
  volume={24},
  number={4},
  pages={233--245},
  year={1981},
  publisher={ACM},
  url={https://doi.org/10.1145/358598.358630}
}


@article{Cuthbert72,
title={On Uniqueness of the Logarithm for {M}arkov Semi-Groups},
author={J. R. Cuthbert},
journal={Journal of the London Mathematical Society},
volume={s2-4},
number={4},
pages={623--630},
year={1972}}

@article{Cuthbert73,
title={The Logarithm Function for Finite-State {M}arkov Semi-Groups},
author={J. R. Cuthbert},
journal={Journal of the London Mathematical Society},
volume={s2-6},
number={3},
pages={524--532},
year={1973}}


@article{Singer76,
title={The Representation of Social Processes by {M}arkov Models},
author={B. Singer and S. Spilerman},
journal={American Journal of Sociology},
pages={1--54},
volume={82},
number={1},
year={1976}}

@Manual{doParallel,
  title =	 {doParallel: Foreach Parallel Adaptor for the
                  'parallel' Package},
  author =	 {Microsoft Corporation and Steve Weston},
  year =	 {2017},
  note =	 {R package version 1.0.11},
  url =		 {https://CRAN.R-project.org/package=doParallel},
}

@Manual{foreach,
  title =	 {foreach: Provides Foreach Looping Construct for R},
  author =	 {{Microsoft} and Steve Weston},
  year =	 {2017},
  note =	 {R package version 1.4.4},
  url =		 {https://CRAN.R-project.org/package=foreach},
}
