
@Manual{survELtest:2020,
title = {{survELtest: Comparing Multiple Survival Functions with Crossing Hazards}},
author = {Chang, Hsin-wen},
year = 2020,
url = {{https://CRAN.R-project.org/package=surELtest}},
note={R package version: 2.0.1}
}

@article{CTU:2016,
	author = "Cronin, A. and Tian, L. and Uno, H.",
	title = "{strmst2} and {strmst2pw}: New commands to compare survival curves using the restricted mean survival time",
	journal = "Stata Journal",
	volume = "16",
	number = "3",
	year = "2016",
	pages = "702--716",
	url = {{https://doi.org/10.1177/1536867X1601600310}}
}



    @article{P:1997,
     title = {Simultaneous confidence intervals for the difference of two survival functions},
     author = {Parzen, M. I. and Wei, L. J. and Ying, Z.},
     journal = {Scandinavian Journal of Statistics},
     volume = {24},
     number = {3},
     pages = {309--314},
     year = {1997},
     url = {{https://doi.org/10.1111/1467-9469.t01-1-00065}}
    }

@article{Letal:2015,
author = {Liebl, Martina and Windschmitt, Johannes and S Besemer, Anna and Schäfer, Anne-Kathrin and Reber, Helmut and Behl, Christian and Clement, Albrecht},
year = {2015},
pages = {8585},
title = {Low-frequency magnetic fields do not aggravate disease in mouse models of {A}lzheimer's disease and amyotrophic lateral sclerosis},
volume = {5},
journal = {Scientific Reports},
url = {{https://doi.org/10.1038/srep08585}}
}

@article{YP:2010,
author = {Yang, Song and Prentice, Ross},
journal = {Biometrics},
number = {1},
pages = {30--38},
title = {Improved logrank-type tests for survival data using	adaptive weights},
volume = {66},
year = {2010},
url = {{https://doi.org/10.1111/j.1541-0420.2009.01243.x}}
}

@article{Letal:2013,
author = {Loupy, Alexandre and Lefaucheur, Carmen and Vernerey, Dewi and Prugger, Christof and van Huyen, Jean-Paul Duong and Mooney, Nuala and Suberbielle, Caroline and Frémeaux-Bacchi, Véronique and Méjean, Arnaud and Desgrandchamps, François and Anglicheau, Dany and Nochy, Dominique and Charron, Dominique and Empana, Jean-Philippe and Delahousse, Michel and Legendre, Christophe and Glotz, Denis and Hill, Gary S. and Zeevi, Adriana and Jouven, Xavier},
title = {Complement-Binding Anti-{HLA} Antibodies and Kidney-Allograft Survival},
journal = {New England Journal of Medicine},
volume = {369},
number = {13},
pages = {1215--1226},
year = {2013},
url = {{https://doi.org/10.1056/NEJMoa1302506}}
}

@article{Retal:2015,
author = {Robert, Caroline and Karaszewska, Boguslawa and Schachter, Jacob and Rutkowski, Piotr and Mackiewicz, Andrzej and Stroiakovski, Daniil and Lichinitser, Michael and Dummer, Reinhard and Grange, Florent and Mortier, Laurent and Chiarion-Sileni, Vanna and Drucis, Kamil and Krajsova, Ivana and Hauschild, Axel and Lorigan, Paul and Wolter, Pascal and Long, Georgina V. and Flaherty, Keith and Nathan, Paul and Ribas, Antoni and Martin, Anne-Marie and Sun, Peng and Crist, Wendy and Legos, Jeff and Rubin, Stephen D. and Little, Shonda M. and Schadendorf, Dirk},
title = {Improved Overall Survival in Melanoma with Combined Dabrafenib and Trametinib},
journal = {New England Journal of Medicine},
volume = {372},
number = {1},
pages = {30--39},
year = {2015},
url = {{https://doi.org/10.1056/NEJMoa1412690}}
}


@Manual{survival:2018,
title = {{survival: Survival Analysis}},
author = {Therneau, Terry M. and Lumley, Thomas and Atkinson, Elizabeth and Crowson, Cynthia},
year = 2020,
url = {{https://CRAN.R-project.org/package=survival}},
note={R package version: 3.2-3}
}

@Manual{YPmodel:2015,
title = {{YPmodel: The Short-Term and Long-Term Hazard Ratio Model for Survival Data}},
author = {Junlong Sun and Song Yang},
year = 2020,
url = {{https://CRAN.R-project.org/package=YPmodel}},
note={R package version: 1.4}
}

@Manual{survRM2:2017,
title = {{survRM2: Comparing Restricted Mean Survival Time}},
author = {Hajime Uno and Lu Tian and Angel Cronin and Chakib Battioui and Miki Horiguchi},
year = 2020,
url = {{https://CRAN.R-project.org/package=survRM2}},
note={R package version: 1.0-3}
}

@Manual{boot:2019,
title = {{boot: Bootstrap Functions (Originally by Angelo Canty for S)}},
author = {Angelo Canty and Brian Ripley},
year = 2020,
url = {{https://CRAN.R-project.org/package=boot}},
note={R package version: 1.3-25}
}

@Manual{muhaz:2019,
title = {{muhaz: Hazard Function Estimation in Survival Analysis}},
author = {Kenneth Hess and R. Gentleman},
year = 2019,
url = {{https://CRAN.R-project.org/package=muhaz}},
note={R package version: 1.2.6.1}
}


@Manual{emplik:2018,
title = {{emplik: Empirical Likelihood Ratio for Censored/Truncated Data}},
author = {Mai Zhou},
year = 2020,
url = {{https://CRAN.R-project.org/package=emplik}},
note={R package version: 1.1-1}
}

@Manual{emplik2:2018,
title = {{emplik2: Empirical Likelihood Ratio Test for Two Samples with Censored Data}},
author = {William H. Barton},
year = 2018,
url = {{https://CRAN.R-project.org/package=emplik2}},
note={R package version: 1.21}
}

@Manual{ELYP:2018,
title = {{ELYP: Empirical Likelihood Analysis for the Cox Model and Yang-Prentice (2005) Model}},
author = {Mai Zhou},
year = 2018,
url = {{https://CRAN.R-project.org/package=ELYP}},
note={R package version: 0.7-5}
}

@Manual{FHtest:2017,
title = {{FHtest: Tests for Right and Interval-Censored Survival Data Based on the Fleming-Harrington Class}},
author = {Ramon Oller and Klaus Langohr},
year = 2017,
url = {{https://CRAN.R-project.org/package=FHtest}},
note={R package version: 1.4}
}

@Manual{clinfun:2018,
title = {{clinfun: Clinical Trial Design and Data Analysis Functions}},
author = {Venkatraman E. Seshan},
year = 2018,
url = {{https://CRAN.R-project.org/package=clinfun}},
note={R package version: 1.0.15}
}

@Manual{LogrankA:2013,
title = {{LogrankA: Logrank Test for Aggregated Survival Data}},
author = {Jonas Richter-Dumke and Roland Rau},
year = 2013,
url = {{https://CRAN.R-project.org/package=LogrankA}},
note={R package version:1.0}
}

@Manual{coin:2017,
title = {{coin: Conditional Inference Procedures in a Permutation Test Framework}},
author = {Torsten Hothorn and Henric Winell and Kurt Hornik and Mark A. van de Wiel and Achim Zeileis},
year = 2019,
url = {{https://CRAN.R-project.org/package=coin}},
note={R package version: 1.3-1}
}

@Manual{maxstat:2017,
title = {{maxstat: Maximally Selected Rank Statistics}},
author = {Torsten Hothorn},
year = 2017,
url = {{https://CRAN.R-project.org/package=maxstat}},
note={R package version: 0.7-25}
}

@article{CM:2019,
author = {Chang, Hsin-wen and McKeague, I. W.},
title = {Nonparametric testing for multiple survival functions with non-inferiority margins},
journal = {Annals of Statistics},
volume = {47},
number = {1},
pages = {205--232},
year = {2019},
url = {{https://doi.org/10.1214/18-AOS1686}}
}

@article{CM:2016,
author = {Chang, Hsin-wen and McKeague, I. W.},
journal = {Electronic Journal of Statistics},
number = {2},
pages = {2511--2536},
title = {Empirical likelihood based tests for stochastic ordering under right censorship},
volume = {10},
year = {2016},
url = {{https://doi.org/10.1214/16-EJS1180}}
}

@article{HV:1996,
author = {Heller, Glenn and Venkatraman, E. S.},
journal = {Biometrics},
number = {4},
pages = {1204--1213},
title = {Resampling Procedures to Compare Two Survival Distributions in the Presence of Right-Censored Data},
volume = {52},
year = {1996},
url = {{https://doi.org/10.2307/2532836}}
}

@article{B:2003,
 URL = {{https://doi.org/10.1093/biomet/90.4.881}},
 author = {Francesco Bravo},
 journal = {Biometrika},
 number = {4},
 pages = {881--890},
 title = {Second-Order Power Comparisons for a Class of Nonparametric Likelihood-Based Tests},
 volume = {90},
 year = {2003}
}

@article{M:1994,
title = {Comparison of tests in their original forms},
author = {Mukerjee, Rahul},
journal = {Sankhy\={a}: The Indian Journal of Statistics, Series A (1961-2002)},
volume = {56},
number = {1},
pages = {118--127},
year = {1994},
url = {{https://www.jstor.org/stable/25050974}}
}

@article {K:2012,
author = {Kitamura, Yuichi and Santos, Andres and Shaikh, Azeem M.},
title = {On the asymptotic optimality of empirical likelihood for testing moment restrictions},
journal = {Econometrica},
volume = {80},
number = {1},
pages = {413--423},
year = {2012},
url = {{https://doi.org/10.3982/ECTA8773}}
}

@Article{KMreconstruct:2012,
AUTHOR = {Guyot, Patricia and Ades, A. E. and Ouwens, Mario J. N. M. and Welton, Nicky J.},
TITLE = {Enhanced secondary analysis of survival data: reconstructing the data from published {K}aplan--{M}eier survival curves},
JOURNAL = {BMC Medical Research Methodology},
VOLUME = {12},
YEAR = {2012},
NUMBER = {1},
PAGES = {1--13},
url = {{https://doi.org/10.1186/1471-2288-12-9}}
}

@article{hepatitis:2011,
author = {Nguyen-Khac, Eric and Thevenot, Thierry and Piquet, Marie-Astrid and Benferhat, Sa{\"i}d and Goria, Odile and Chatelain, Denis and Tramier, Blaise and Dewaele, Fran{\c c}ois and Ghrib, Salah and Rudler, Marika and Carbonell, Nicolas and Tossou, Herv{\'e} and Bental, Abdeslam and Bernard-Chabert, Brigitte and Dupas, Jean-Louis},
title = {Glucocorticoids plus {N}-acetylcysteine in severe alcoholic hepatitis},
journal = {New England Journal of Medicine},
volume = {365},
number = {19},
pages = {1781--1789},
year = {2011},
url = {{https://doi.org/10.1056/NEJMoa1101214}}
}

@article{PF:1989,
title = {Weighted {K}aplan--{M}eier statistics: a class of distance tests for censored survival data},
author = {Pepe, M. S. and Fleming, T. R.},
journal = {Biometrics},
volume = {45},
number = {2},
pages = {497--507},
year = {1989},
url = {{https://doi.org/10.2307/2531492}}
}   
    
@article{EM:2013,
author = {El Barmi, H. and McKeague, I. W.},
title = {Empirical likelihood based tests for stochastic ordering},
journal = {Bernoulli},
volume = {19},
pages = {295--307},
year = {2013},
url = {{https://doi.org/10.3150/11-BEJ393}}
}

@Book{Anderson:1993,
title = {Statistical Models Based on Counting Processes},
publisher = {New York: Springer},
year = {1993},
author = {Andersen, P. K. and Borgan, {{\O}}. and Gill, R. D. and Keiding, N.},
url = {{https://doi.org/10.1007/978-1-4612-4348-9}}
}  

@ARTICLE{TG:1975,
author = {Thomas, D. R. and Grunkemeier, G. L.},
title = {Confidence interval estimation of survival probabilities for censored data},
journal = {Journal of the American Statistical Association},
year = {1975},
volume = {70},
pages = {865--871},
url = {{https://doi.org/10.1080/01621459.1975.10480315}}
}
