

@article{vand:lang:90,
    Author = {van de Pol, F. and Langeheine, R.},
    Journal = {Sociological Methodology},
    Pages = {213-247},
    Title = {Mixed {M}arkov Latent Class Models},
    Volume = 20,
    Year = 1990}

  
@book{meyn2012,
  title= "Markov Chains and Stochastic Stability",
  author="Meyn, Sean P. and Tweedie, Richard L.",
  year= "2012",
  publisher = "Springer Science \& Business Media",
  address = "London"
}

@article{bart:mont:pand:15,
  title={Three-step estimation of latent {M}arkov models with covariates},
  author={Bartolucci, Francesco and Montanari, Giorgio E and Pandolfi, Silvia},
  journal={Computational Statistics \& Data Analysis},
  volume={83},
  pages={287--301},
  year={2015}
}

@article{zeil:croi:10,
    title = {Extended Model Formulas in {R}: Multiple Parts and Multiple Responses},
    author = {Achim Zeileis and Yves Croissant},
    journal = {Journal of Statistical Software},
    year = {2010},
    volume = {34},
    pages = {1--13},
    doi = {10.18637/jss.v034.i01},
  }
  
@Manual{turn:24,
    title = {eglhmm: Extended Generalised Linear Hidden Markov Models},
    author = {Rolf Turner},
    year = {2024},
    note = {R package version 0.1-3},
    url = {https://CRAN.R-project.org/package=eglhmm},
  }
  
 @Article{jack:11,
    title = {Multi-State Models for Panel Data: The {msm} Package for {R}},
    author = {{Christopher H. Jackson}},
    journal = {Journal of Statistical Software},
    year = {2011},
    volume = {8},
    pages = {1--29},
    doi = {10.18637/jss.v038.i08},
  }  

@Manual{hart:21,
    title = {HiddenMarkov: Hidden Markov Models},
    author = {David Harte},
    year = {2021},
    note = {R package version 1.8-13},
    organization = {Statistics Research Associates},
    address = {Wellington},
    url = {https://www.statsresearch.co.nz/dsh/sslib/},
  }
      
@incollection{robi:97,
  title={Causal inference from complex longitudinal data},
  author={Robins, J.},
  booktitle={Latent Variable Modeling and Applications to Causality},
  editor={Berkame, M.},
  volume={120},
  pages={69--117},
  year={1997},
  publisher={Springer},
  address={New York},
  series={Lecture Notes in Statistics}
}
  

@article{kapl:ferg:99,
  title={On the utilization of sample weights in latent variable models},
  author={Kaplan, David and Ferguson, Aaron J},
  journal={Structural equation modeling: A Multidisciplinary Journal},
  volume={6},
  pages={305--321},
  year={1999}
}

@article{bass:penn:ross:21,
  title={Market segmentation and dynamic analysis of sparkling wine purchases in Italy},
  author={Bassi, Francesca and Pennoni, Fulvia and Rossetto, Luca},
  journal={Journal of Wine Economics},
  volume={16},
  pages={283--304},
  year={2021}
}
  
 @article{hels:23,
    title = {seqHMM: Mixture hidden {Markov} models for social sequence data and other multivariate, multichannel categorical time series},
    author = {Jouni Helske and Satu Helske},
    journal = {Journal of Statistical Software},
    year = {2019},
    volume = {88},
    pages = {1--32}
  }
 
  

@Manual{ctmc:24,
    title = {ctmcd: Estimating the Parameters of a Continuous-Time Markov Chain from
Discrete-Time Data},
    author = {Marius Pfeuffer},
    year = {2024},
    note = {R package version 1.4.4},
    url = {https://CRAN.R-project.org/package=ctmcd},
  }

 @article{mstate:07,
    title = {Tutorial in Biostatistics: Competing Risks and Multi-State Models},
    author = {Hein Putter and Ronald B. Geskus and Marta Fiocco},
    journal = {Statistics in Medicine},
    year = {2007},
    volume = {26},
    pages = {2389--2430},
  }

@book{bou:et:al:19,
  title={Model-based {C}lustering and {C}lassification for {D}ata {S}cience: with {A}pplications in {R}},
  author={Bouveyron, Charles and Celeux, Gilles and Murphy, T Brendan and Raftery, Adrian E},
  year={2019},
  publisher={Cambridge University Press},
  address = {Cambridge, UK}}
  
  @article{mor:etal:21,
  title={A systematic review of hidden {M}arkov models and their applications},
  author={Mor, Bhavya and Garhwal, Sunita and Kumar, Ajay},
  journal={Archives of Computational Methods in Engineering},
  volume={28},
  pages={1429--1448},
  year={2021}
}

@book{roba:21,
  title={Beyond Multiple Linear Regression: Applied Generalized Linear Models and Multilevel Models in R},
  author={Roback, Paul and Legler, Julie},
  year={2021},
  address={New York},
  publisher={Chapman and Hall/CRC Press}
}

 @Manual{marc:20,
    title = {march: Markov Chains},
    author = {Ogier Maitre and Kevin Emery and with contributions from O.  Buschor and Andre Berchtold},
    year = {2020},
    note = {R package version 3.3.2},
    url = {https://CRAN.R-project.org/package=march},
  }

@Manual{quan:22,
    title = {quantmod: Quantitative Financial Modelling Framework},
    author = {Jeffrey A. Ryan and Joshua M. Ulrich},
    year = {2022},
    note = {R package version 0.4.26},
    url = {https://CRAN.R-project.org/package=quantmod},
  }
  
  @book{davison:hynkley:1997,
	Address = {Cambridge, MA},
	Author = {Davison, A. C. and Hinkley, D. V.},
	Publisher = {Cambridge University Press},
	Title = {Bootstrap Methods and their Application},
	Year = {1997}}


@inproceedings{bart:penn:11,
  title={Impact evaluation of job training programs by a latent variable model},
  author={Bartolucci, Francesco and Pennoni, Fulvia},
  booktitle={New Perspectives in Statistical Modeling and Data Analysis: Proceedings of the 7th Conference of the Classification and Data Analysis Group of the Italian Statistical Society, Catania, September 9-11, 2009},
  pages={65--73},
  year={2011},
  Publisher = {Springer-Verlag}}

@book{wigg:73,
	Author = {Wiggins, L.},
	Publisher = {Elsevier},
	Address = {Amsterdam},
	Title = {Panel {A}nalysis: {L}atent {P}robability {M}odels for {A}ttitude and {B}ehaviour {P}rocesses},
	Year = 1973}

@article{ephr:02,
  title={Hidden {M}arkov processes},
  author={Ephraim, Yariv and Merhav, Neri},
  journal={IEEE Transactions on Information Theory},
  volume={48},
  pages={1518--1569},
  year={2002}
  }

@article{penn:etal:22,
  title={Exploring the dependencies among main cryptocurrency log-returns: {A} hidden {M}arkov model},
  author={Pennoni, Fulvia and Bartolucci, Francesco and Forte, Gianfranco and Ametrano, Ferdinando},
  journal={Economic Notes},
  volume={51},
  pages={1-27},
  year={2022}
}

@Manual{mixR:24,
    title = {mix: Estimation/Multiple Imputation for Mixed Categorical and
Continuous Data},
    author = {Schafer, J. L.},
    year = {2024},
    note = {R package version 1.0-12},
    url = {https://CRAN.R-project.org/package=mix},
  }

@article{rub:74,
	Author = {Rubin, D. B.},
	Date-Modified = {2015-02-04 17:25:53 +0000},
	Journal = {Journal of Educational Psychology},
	Pages = {688-701},
	Title = {Estimating causal effects of treatments in randomized and nonrandomized studies},
	Volume = {66},
	Year = {1974}}


@article{paas:verm:bijm:07,
    Author = {Paas, L. J. and Vermunt, J. K. and Bilmolt, T. H. A.},
    Journal = {Journal of the Royal Statistical Society, Series A},
    Pages = {955-974},
    Title = {Discrete time, discrete state latent {M}arkov modelling for assessing and predicting household acquisitions of financial products},
    Volume = {170},
    Year = {2007}}



@article{oake:99,
	Author = {Oakes, D.},
	Journal = {Journal of the Royal Statistical Society, Series B},
	Pages = {479-482},
	Title = {Direct calculation of the information matrix via the {EM} algorithm},
	Volume = 61,
	Year = 1999}
	
@article{viss:10,
    title = {{depmixS4}: An {R} Package for Hidden {M}arkov Models},
    author = { Visser, I. and Speekenbrink, M.},
    journal = {Journal of Statistical Software},
    year = {2010},
    volume = {36},
    pages = {1--21}
  }
	
	
@article{penn:bea:22,
  title={{NEET}s and youth unemployment: {A} longitudinal comparison across {E}uropean countries},
  author={Pennoni, Fulvia and  Bal-Dom{\'n}ska, Beata},
  journal={Social Indicator Research},
  volume={162},
  pages={ 739--761},
  year={2022}
}

@book{viss:spee:22,
  title={Mixture and Hidden Markov Models with R},
  author={Visser, Ingmar and Speekenbrink, Maarten},
  year={2022},
  publisher={Springer},
  address = {Cham, CH}
}



@article{penn:vitt:13,
  title={Two competing models for ordinal longitudinal data with time-varying latent effects: An application to evaluate hospital efficiency},
  author={Pennoni, Fulvia and Vittadini, Giorgio},
  journal={Quaderni di Statistica},
  pages={53--68},
  year={2013},
  publisher={Liguori}
}


@article{bart:penn:vitt:11,
    Author = {Bartolucci, F. and Pennoni, F. and Vittadini, G.},
    Journal = {Journal of Educational and Behavioural Statistics},
    Pages = {491-522},
    Title = {Assessment of School Performance through a Multilevel Latent {M}arkov {R}asch Model},
    Volume = 36,
    Year = 2011}

@article{bart:penn:vitt:16,
Author = {Bartolucci, Francesco and Pennoni, Fulvia and  Giorgio Vittadini},
Journal = {Journal of Educational and Behavioral Statistics},
Title = {Causal Latent {M}arkov Model for the Comparison of Multiple Treatments in Observational Longitudinal Studies},
volume = 41,
pages = {146--179},
Year = {2016}}
	
@incollection{penn:naka:23,
  title={Exploring Heterogeneity in Happiness: Evidence from a {J}apanese Longitudinal Survey},
  author={Pennoni, Fulvia and Nakai, Miki},
  booktitle={Facets of Behaviormetrics: The 50th Anniversary of the Behaviormetric Society},
  pages={193--217},
  year={2023},
  publisher={Springer}
}	

@article{pen:gen:20,
  title={Analysing the course of public trust via hidden {M}arkov models: a focus on the {P}olish society},
  author={Pennoni, Fulvia and Genge, Ewa},
  journal={Statistical Methods \& Applications},
  volume={29},
  pages={399--425},
  year={2020}
}

@incollection{bart:etal:24,
  author    = {Bartolucci, Fabio and Greenacre, Michael and Pandolfi, Sergio and Pennoni, Francesco},
  title     = {Hidden {M}arkov and Related Discrete Latent Variable Models: An Application to Compositional Data},
  booktitle = {Studies in Classification, Data Analysis and Knowledge Organization},
  editor    = {Giordano, Giacinto and La Rocca, Maria and Niglio, Bruno and Restaino, Maria and Vichi, Mario},
  publisher = {Springer},
  year      = {2024},
  pages     = {1--8},
  series    = {CLADAG 2023},
}	

@book{little:rub:20,
author = {Little, R. J. A. and Rubin, D. B.},
publisher = {John Wiley Sons },
pages = {381},
title = {Statistical Analysis with Missing Data},
related={3rd Eds.},
address = {Hoboken, NJ},
year = {2020}
}


@article{bart:pand:penn:23a,
  title={Parsimonious parametrizations of transition matrices of Markov chain and hidden Markov models},
  author={ Bartolucci, Francesco and Pandolfi, Silvia  and Pennoni, Fulvia},
  journal={Submitted},
  pages={1-25},
  year={2024}
}



@article{pand:bart:penn:23,
  title={A hidden {M}arkov model for continuous longitudinal data with missing responses and dropout},
  author={Pandolfi, Silvia and Bartolucci, Francesco and Pennoni, Fulvia},
  journal={Biometrical Journal},
  volume = 5,
  pages ={1-28},
  year={2023}
}


@article{bart:pand:penn:17,
	Author = {Bartolucci, F. and Pandolfi, S. and Pennoni, F.},
	Journal = {Journal of Statistical Software},
	 volume = {81},
	Pages = {1--38},
	Title = {{LM}est: An {R} Package for Latent {M}arkov Models for Longitudinal Categorical Data},
	Year = {2017}}



@book{bart:farc:penn:13,
	Address = {Boca Raton, FL},
	Author = {Bartolucci, F. and Farcomeni, A. and Pennoni, F.},
	Publisher = {Chapman \& Hall/CRC Press},
	Title = {Latent {M}arkov Models for Longitudinal Data},
	Year = {2013}}


@article{penn:bart:pand:23,
  title={Variable selection for hidden {M}arkov models with continuous variables and missing data},
  author={Pennoni, Fulvia and Bartolucci, Francesco and Pandolfi, Silvia},
  journal={Journal of Classification},
  year={2024},
  doi={https://doi.org/10.1007/s00357-024-09464-4},
  pages={1--28}
}


@article{penn:paas:bart:23,
  title={A causal hidden {M}arkov model for assessing effects of multiple direct mail campaigns},
  author={Pennoni, Fulvia and Paas, Leonard J and Bartolucci, Francesco},
  journal={TEST},
  pages={1--29},
  year={2023}
}

@article{bart:farc:penn:14,
	Author = {Bartolucci, F. and Farcomeni, A. and Pennoni, F.},
	Journal = {TEST},
	Pages = {433--465},
	Title = {Latent {M}arkov Models: {A} review of a general framework for the analysis of longitudinal data with covariates},
	Volume = 23,
	Year = 2014}

@article{bart:penn:vitt:23,
author = {Francesco Bartolucci and Fulvia Pennoni and Giorgio Vittadini},
title ={A Causal Latent Transition Model With Multivariate Outcomes and Unobserved Heterogeneity: Application to Human Capital Development},
journal = {Journal of Educational and Behavioral Statistics},
volume = {48},
pages = {387-419},
year = {2023}}


@inproceedings{anderson:54,
	Author = {Anderson, T.W. },
	Title = {Probability models for analyzing time changes
in attitudes.},
	Pages = {17-66},
	Publisher = {New York; Free Press},
	Booktitle = {Mathematical Thinking in
the Social Science},
    Editor = {{L}azarsfelsd, P. F.},
	Year = {1954}}
	
	
	
@article{azzalini:94,
  title={Logistic regression for autocorrelated data with application to repeated measures},
  author={Azzalini, A},
  journal={Biometrika},
  volume={81},
  pages={767-775},
  year={1994}
}


@article{bart:pand:penn:22,
author = {Bartolucci, F. and Pandolfi, S. and Pennoni, F.},
title = {Discrete latent variable models},
journal = {Annual Review of Statistics and its Application},
volume = {9},
pages = {425-452},
year = {2022}}

@book{Zucchini2016,
  title={Hidden {M}arkov Models for Time Series: An Introduction using R},
  author={Zucchini, Walter and MacDonald, Iain L and Langrock, Roland},
  year={2016},
  Address = {Boca Raton, FL},
  publisher={CRC press}
}

@article{baum:petr:66,
	Author = {Baum, L.E. and Petrie, T.},
	Date-Modified = {2012-03-18 20:14:43 +0100},
	Journal = {Annals of Mathematical Statistics},
	Pages = {1554-1563},
	Title = {Statistical inference for probabilistic functions of finite state {M}arkov chains},
	Volume = 37,
	Year = 1966}

@article{baum:et:al:70,
	Author = {Baum, L.E. and Petrie, T. and Soules, G. and Weiss, N.},
	Journal = {Annals of Mathematical Statistics},
	Pages = {164-171},
	Title = {A maximization technique occurring in the statistical analysis of probabilistic functions of {M}arkov chains},
	Volume = 41,
	Year = 1970}
	
@article{bart:bacc:penn:14,
  title={Longitudinal analysis of self-reported health status by mixture latent auto-regressive models},
  author={Bartolucci, Francesco and Bacci, Silvia and Pennoni, Fulvia},
  journal={Journal of the Royal Statistical Society, Series C},
  volume={63},
  pages={267--288},
  year={2014}
}	

@article{demp:lair:rubi:77,
	Author = {Dempster, A. P. and Laird, N. M. and Rubin, D. B.},
	Date-Modified = {2018-08-23 17:50:27 +0200},
	Journal = {Journal of the Royal Statistical Society, Series B},
	Pages = {1-38},
	Title = {Maximum likelihood from incomplete data via the {EM} algorithm (with discussion)},
	Volume = 39,
	Year = 1977}
	
	@inproceedings{aka:73,
	Address = {Budapest},
	Author = {Akaike, H.},
	Booktitle = {Second International symposium on information theory},
	Editor = {Petrov, B. N. and Csaki F.},
	Pages = {267-281},
	Publisher = {Akademiai Kiado},
	Title = {Information theory as an extension of the maximum likelihood principle},
	Year = 1973}

@article{sch:78,
	Author = {Schwarz, G.},
	Journal = {Annals of Statistics},
	Pages = {461-464},
	Title = {Estimating the dimension of a model},
	Volume = 6,
	Year = 1978}


@article{bacc:pand:penn:14,
year={2014},
journal={Advances in Data Analysis and Classification},
volume={8},
title={A Comparison of Some Criteria for States Selection in the Latent {M}arkov Model for Longitudinal Data},
publisher={Springer Berlin Heidelberg},
keywords={Akaike information criterion; Bayesian information criterion; Entropy; Mixture model; Multivariate latent {M}arkov model; Normalized entropy criterion; 62; 62F99; 62H30; 62M05; 62M10},
author={Bacci, S. and Pandolfi, S. and Pennoni, F.},
pages={125-145}
}

@article{bart:farc:09,
	Author = {Bartolucci, F. and Farcomeni, A.},
	Journal = {Journal of the American Statistical Association},
	Pages = {816-831},
	Title = {A multivariate extension of the dynamic logit model for longitudinal data based on a latent {M}arkov heterogeneity structure},
	Volume = 104,
	Year = 2009}

@article{juan:rabi:91,
	Author = {Juang, B.H. and Rabiner, L.R.},
	Journal = {Technometrics},
	Pages = {251-272},
	Title = {Hidden {M}arkov models for speech recognition},
	Volume = 33,
	Year = 1991}

@article{vite:67,
	Author = {Viterbi, A.J.},
	Journal = {IEEE Transactions on Information Theory},
	Pages = {260-269},
	Title = {Error bounds for convolutional codes and an asymptotically optimum decoding algorithm},
	Volume = 13,
	Year = 1967}

@article{bart:farc:15a,
	Author = {Bartolucci, F. and Farcomeni, A.},
	Journal = {Statistics and Computing},
	Pages = {515-526},
	Title = {Information matrix for hidden {M}arkov models with covariates},
	Volume = 25,
	Year = 2015}
