@Article{sfa,
  title = {{OpenGIS} Implementation Standard for Geographic Information-Simple Feature Access-Part 1: Common Architecture},
  author = {John R Herring},
  journal = {Open Geospatial Consortium Inc},
  pages = {111},
  year = {2011},
  url = {http://portal.opengeospatial.org/files/?artifact_id=25355},
}

@Article{sfa2,
  title = {{OpenGIS} Implementation Standard for Geographic Information-Simple Feature Access-Part 2: {SQL} Option},
  author = {John R Herring},
  journal = {Open Geospatial Consortium Inc},
  year = {2010},
  url = {http://portal.opengeospatial.org/files/?artifact_id=25354},
}

@Misc{geojson,
  title = {The {GeoJSON} Format},
  author = {H. Butler and M. Daly and A. Doyl and S. Gillies and S. Hagen and T. Schaub},
  year = {2016},
  publisher = {Internet Engineering Task Force (IETF)},
  volume = {Request for Comments: 7946},
  issn = {2070-1721},
  url = {https://tools.ietf.org/html/rfc7946},
}

@Article{geosparql,
  title = {{OGC GeoSPARQL}-A Geographic Query Language for {RDF} Data},
  author = {Matthew Perry and John Herring},
  journal = {OGC Implementation Standard, ref: OGC},
  year = {2012},
}

@Article{scheider,
  author = {Simon Scheider and Benedikt Gräler and Edzer Pebesma and Christoph Stasch},
  title = {Modeling Spatiotemporal Information Generation},
  journal = {International Journal of Geographical Information Science},
  volume = {30},
  number = {10},
  pages = {1980-2008},
  year = {2016},
  url = {https://doi.org/10.1080/13658816.2016.1151520},
}

@InCollection{gdal,
  title = {The Geospatial Data Abstraction Library},
  author = {Frank Warmerdam},
  booktitle = {Open Source Approaches in Spatial Data Handling},
  pages = {87--104},
  year = {2008},
  publisher = {Springer-Verlag},
}

@Article{tidy,
  author = {Hadley Wickham},
  title = {Tidy Data},
  journal = {Journal of Statistical Software},
  volume = {59},
  number = {1},
  year = {2014},
}

@Manual{GDAL0,
  title = {{GDAL} - Geospatial Data Abstraction Library, Version 2.1.1},
  author = {{GDAL Development Team}},
  organization = {Open Source Geospatial Foundation},
  year = {2017},
  url = {http://www.gdal.org},
}

@Manual{geos,
  title = {GEOS - Geometry Engine, Open Source},
  author = {{GEOS Development Team}},
  organization = {Open Source Geospatial Foundation},
  year = {2017},
  url = {https://trac.osgeo.org/geos/},
}

@Book{iliffe,
  pages = { 208 },
  title = { Datums and Map Projections: For Remote Sensing, {GIS} and Surveying},
  year = { 2008 },
  author = {Jonathan Iliffe and Roger Lott},
  publisher = {CRC Inc},
}

@Article{classesmethods,
  author = {Edzer J. Pebesma and Roger S. Bivand},
  title = {Classes and Methods for Spatial Data in {R}},
  journal = {R News},
  year = {2005},
  volume = {5},
  number = {2},
  pages = {9--13},
  url = {https://CRAN.R-project.org/doc/Rnews/},
}

@Book{asdar,
  author = {Roger S. Bivand and Edzer Pebesma and Virgilio Gomez-Rubio},
  title = {Applied Spatial Data Analysis with {R}, Second Edition},
  year = {2013},
  publisher = {Springer-Verlag},
  url = {http://www.asdar-book.org/},
}

@Manual{rgdal,
  title = {rgdal: Bindings for the 'Geospatial' Data Abstraction Library},
  author = {Roger Bivand and Tim Keitt and Barry Rowlingson},
  year = {2017},
  note = {R package version 1.2-15},
  url = {https://CRAN.R-project.org/package=rgdal},
}

@Manual{rgeos,
  title = {rgeos: Interface to Geometry Engine - Open Source ('GEOS')},
  author = {Roger Bivand and Colin Rundel},
  year = {2017},
  note = {R package version 0.3-25},
  url = {https://CRAN.R-project.org/package=rgeos},
}

@Article{tidydata,
  author = {Hadley Wickham},
  title = {Tidy Data},
  journal = {Journal of Statistical Software, Articles},
  volume = {59},
  number = {10},
  year = {2014},
  issn = {1548-7660},
  pages = {1--23},
  url = {https://doi.org/10.18637/jss.v059.i10},
}

@Manual{tidyverse,
  title = {Tidyverse: Easily Install and Load the 'Tidyverse'},
  author = {Hadley Wickham},
  year = {2017},
  note = {R package version 1.1.1},
  url = {https://CRAN.R-project.org/package=tidyverse},
}

@Book{ggplot2,
  title = {Ggplot2: Elegant Graphics for Data Analysis},
  author = {Hadley Wickham},
  year = {2016},
  publisher = {Springer-Verlag},
}

@Manual{dplyr,
  title = {dplyr: A Grammar of Data Manipulation},
  author = {Hadley Wickham and Romain Francois and Lionel Henry and Kirill Müller},
  year = {2017},
  note = {R package version 0.7.4},
  url = {https://CRAN.R-project.org/package=dplyr},
}

@Article{units,
  author = {Edzer Pebesma and Thomas Mailund and James Hiebert},
  title = {Measurement Units in {R}},
  journal = {The R Journal},
  year = {2016},
  volume = {8},
  number = {2},
  pages = {486--494},
  url = {https://journal.r-project.org/archive/2016-2/pebesma-mailund-hiebert.pdf},
}

@Manual{raster,
  title = {Raster: Geographic Data Analysis and Modeling},
  author = {Robert J. Hijmans},
  year = {2016},
  note = {R package version 2.5-8},
  url = {https://CRAN.R-project.org/package=raster},
}

@Book{postgis,
  title = {{PostGIS} in Action},
  author = {Regina O Obe and Leo S Hsu},
  year = {2015},
  publisher = {Manning Publications Co.},
}

@Article{rcpp,
  title = {Rcpp: Seamless {R} and {C++} Integration},
  author = {Dirk Eddelbuettel and Romain François and J Allaire and Kevin Ushey and Qiang Kou and N Russel and John Chambers and D Bates},
  journal = {Journal of Statistical Software},
  volume = {40},
  number = {8},
  pages = {1--18},
  year = {2011},
}

@Book{dirk,
  title = {Seamless {R} and {C++} Integration with {Rcpp}},
  author = {Dirk Eddelbuettel},
  publisher = {Springer-Verlag},
  address = {New York},
  year = {2013},
}

@Article{aw,
  title = {Accuracy of Areal Interpolation Methods for Count Data},
  journal = {Spatial Statistics},
  volume = {14},
  pages = {412 - 438},
  year = {2015},
  url = {https://doi.org/10.1016/j.spasta.2015.07.005},
  author = {Van Huyen Do and Christine Thomas-Agnan and Anne Vanhems},
}

@Manual{sf,
  title = {sf: Simple Features for R},
  year = {2018},
  author = {Edzer Pebesma},
  note = {R package version 0.6-1},
  url = {https://CRAN.R-project.org/package=sf},
}

@InProceedings{cgal,
  title = {{CGAL}: The Computational Geometry Algorithms Library},
  author = {Andreas Fabri and Sylvain Pion},
  booktitle = {Proceedings of the 17th ACM SIGSPATIAL International Conference on Advances in Geographic Information Systems},
  pages = {538--539},
  year = {2009},
  organization = {ACM},
}

@Manual{geosphere,
  title = {geosphere: Spherical Trigonometry},
  author = {Robert J. Hijmans},
  year = {2016},
  note = {R package version 1.5-5},
  url = {https://CRAN.R-project.org/package=geosphere},
}

@Manual{s2,
  title = {S2: Google's S2 Library for Geometry on the Sphere},
  author = {Ege Rubak and Jeroen Ooms},
  year = {2017},
  note = {R package version 0.1-1},
  url = {https://CRAN.R-project.org/package=s2},
}

@Manual{iso,
  title = { Geographic Information -- Simple Feature Access -- Part 1: Common Architecture},
  author = {{ISO}},
  note = { ISO 19125-1:2004 },
  year = { 2004 },
  url = { https://www.iso.org/standard/40114.html },
}

@Manual{lwgeom,
  title = {lwgeom: Bindings to Selected 'liblwgeom' Functions for Simple Features},
  author = {Edzer Pebesma},
  note = {R package version 0.1-5},
  url = {https://CRAN.R-project.org/package=lwgeom},
}
