@Manual{hoeltgebaum2018,
  title = {HCmodelSets: Regression with a Large Number of Potential Explanatory Variables},
  author = {H. H. Hoeltgebaum},
  year = {2018},
  note = {R package version 1.0.2},
  url = {https://CRAN.R-project.org/package=HCmodelSets},
}

@Article{cox2017large,
  title = {Large Numbers of Explanatory Variables, a Semi-Descriptive Analysis},
  author = {David R Cox and HS Battey},
  journal = {Proceedings of the National Academy of Sciences},
  volume = {114},
  number = {32},
  pages = {8592--8595},
  year = {2017},
  publisher = {National Acad Sciences},
}

@Article{tibshirani1996regression,
  title = {Regression Shrinkage and Selection via the Lasso},
  author = {Robert Tibshirani},
  journal = {J. of the Royal Statistical Society B},
  volume = {58},
  number = {1},
  pages = {267--288},
  year = {1996},
  publisher = {John Wiley \& Sons},
}

@Article{cox1958regression,
  title = {The Regression Analysis of Binary Sequences},
  author = {David R Cox},
  journal = {J. of the Royal Statistical Society B},
  volume = {20},
  number = {2},
  pages = {215--232},
  year = {1958},
  publisher = {John Wiley \& Sons},
}

@Article{cox1972regression,
  title = {Regression Models and Life Tables (with Discussion)},
  author = {David R Cox},
  journal = {J. of the Royal Statistical Society},
  volume = {34},
  number = {2},
  pages = {187--220},
  year = {1972},
}

@Article{cox1975partial,
  title = {Partial Likelihood},
  author = {David R Cox},
  journal = {Biometrika},
  volume = {62},
  pages = {269--276},
  year = {1975},
}

@Article{yates1936new,
  title = {A New Method of Arranging Variety Trials Involving a Large Number of Varieties},
  author = {Frank Yates},
  journal = {The Journal of Agricultural Science},
  volume = {26},
  number = {3},
  pages = {424--455},
  year = {1936},
  publisher = {Cambridge University Press},
}

@Article{battey2018large,
  title = {Large Numbers of Explanatory Variables: a Probabilistic Assessment},
  author = {HS Battey and David R Cox},
  journal = {Proceedings of the Royal Society A: Mathematical, Physical and Engineering Sciences},
  volume = {474},
  year = {2018},
  publisher = {The Royal Society Publishing},
}

@Article{cox1975note,
  title = {A Note on Data-Splitting for the Evaluation of Significance Levels},
  author = {David R Cox},
  journal = {Biometrika},
  volume = {62},
  number = {2},
  pages = {441--444},
  year = {1975},
  publisher = {Oxford University Press},
}

@Article{bartlett1937properties,
  title = {Properties of Sufficiency and Statistical Tests},
  author = {Maurice Stevenson Bartlett},
  journal = {Proceedings of the Royal Society of London. Series A-Mathematical and Physical Sciences},
  volume = {160},
  number = {901},
  pages = {268--282},
  year = {1937},
  publisher = {The Royal Society London},
}

@Article{barndorff1984bartlett,
  title = {Bartlett Adjustments to the Likelihood Ratio Statistic and the Distribution of the Maximum Likelihood Estimator},
  author = {Ole E Barndorff-Nielsen and David R Cox},
  journal = {J. of the Royal Statistical Society B},
  volume = {46},
  number = {3},
  pages = {483--495},
  year = {1984},
  publisher = {John Wiley \& Sons},
}

@Book{barndorff1994inference,
  title = {Inference and Asymptotics},
  author = {Ole E Barndorff-Nielsen and David R Cox},
  volume = {13},
  year = {1994},
  publisher = {Chapman \& Hall London},
}

@Book{buhlmann2011statistics,
  title = {Statistics for High-Dimensional Data: Methods, Theory and Applications},
  author = {Peter BÃ¼hlmann and Sara {Van De Geer}},
  year = {2011},
  publisher = {Springer-Verlag},
}

@Article{belloni2013least,
  title = {Least Squares after Model Selection in High-Dimensional Sparse Models},
  author = {Alexandre Belloni and Victor Chernozhukov},
  journal = {Bernoulli},
  volume = {19},
  number = {2},
  pages = {521--547},
  year = {2013},
  publisher = {Bernoulli Society for Mathematical Statistics and Probability},
}

@Article{alizadeh2000distinct,
  title = {Distinct Types of Diffuse Large B-Cell Lymphoma Identified by Gene Expression Profiling},
  author = {Ash A. Alizadeh and Michael B. Eisen and R. Eric Davis and Chi Ma and Izidore S. Lossos and Andreas Rosenwald and Jennifer C. Boldrick and Hajeer Sabet and Truc Tran and Xin Yu and John I. Powell and Liming Yang and Gerald E. Marti and Troy Moore and James {Hudson Jr} and Lisheng Lu and David B. Lewis and Robert Tibshirani and Gavin Sherlock and Wing C. Chan and Timothy C. Greiner and Dennis D. Weisenburger and James O. Armitage and Roger Warnke and Ronald Levy and Wyndham Wilson and Michael R. Grever and John C. Byrd and David Botstein and Patrick O. Brown and Louis M. Staudt},
  journal = {Nature},
  volume = {403},
  number = {6769},
  pages = {503},
  year = {2000},
  publisher = {Nature Publishing Group},
}

@Article{simon2011regularization,
  title = {Regularization Paths for {C}ox's Proportional Hazards Model via Coordinate Descent},
  author = {Noah Simon and Jerome Friedman and Trevor Hastie and Rob Tibshirani},
  journal = {Journal of statistical software},
  volume = {39},
  number = {5},
  pages = {1},
  year = {2011},
  publisher = {NIH Public Access},
}
