@article{abberger_using_2018,
  author       = {Abberger, Klaus and Graff, Michael and Siliverstovs, Boriss and Sturm, Jan-Egbert},
  date         = {2018-01},
  doi          = {10.1016/j.econmod.2017.06.014},
  issn         = {02649993},
  journal      = {Economic Modelling},
  langid       = {english},
  pages        = {127--144},
  shortjournal = {Economic Modelling},
  title        = {Using rule-based updating procedures to improve the performance of composite indicators},
  url          = {https://linkinghub.elsevier.com/retrieve/pii/S0264999317310039},
  urldate      = {2020-04-14},
  volume       = {68},
  year         = {2018}
}

@incollection{abeyasekera_chapter_2005,
  author    = {Abeyasekera, Savitri},
  booktitle = {Household Surveys in Developing and Transition Countries: Design, Implementation and Analysis},
  date      = {2005-03},
  langid    = {english},
  location  = {New York},
  number    = {96},
  pages     = {21},
  series    = {F},
  title     = {Chapter {XVIII} Multivariate methods for index construction},
  url       = {https://unstats.un.org/unsd/hhsurveys/pdf/Household_surveys.pdf#%5B%7B%22num%22%3A1275%2C%22gen%22%3A0%7D%2C%7B%22name%22%3A%22XYZ%22%7D%2C0%2C792%2C1.29903%5D},
  year      = {2005}
}

@book{adhya_shrinking_2017,
  author     = {Adhya, Anirban},
  doi        = {10.1007/978-3-319-51709-4},
  isbn       = {978-3-319-51708-7},
  language   = {en},
  publisher  = {Palgrave Macmillan},
  shorttitle = {Shrinking {Cities} and {First} {Suburbs}},
  title      = {Shrinking {Cities} and {First} {Suburbs}: {The} {Case} of {Detroit} and {Warren}, {Michigan}},
  url        = {https://www.palgrave.com/gp/book/9783319517087},
  urldate    = {2021-08-05},
  year       = {2017}
}


@article{agirre-maskariano_politiques_2019,
  author     = {Agirre-Maskariano, Mikel},
  date       = {2019-07-10},
  doi        = {10.4000/belgeo.35087},
  issn       = {1377-2368},
  journal    = {Belgeo. Revue belge de géographie},
  langid     = {french},
  note       = {Number: 3 Publisher: National Committee of Geography of Belgium / Société Royale Belge de Géographie},
  number     = {3},
  rights     = {Belgeo est mis à disposition selon les termes de la licence Creative Commons Attribution 4.0 International.},
  shorttitle = {Politiques urbaines pour la mise en récit d’une ville moyenne périphérisée en décroissance},
  title      = {Politiques urbaines pour la mise en récit d’une ville moyenne périphérisée en décroissance : L’exemple de {Montluçon}},
  url        = {http://journals.openedition.org/belgeo/35087},
  urldate    = {2020-08-25},
  year       = {2019}
}

@article{alves_historical_2016,
  author     = {Alves, Daniel and Barreira, Ana Paula and Guimarães and Panagopoulos, Thomas},
  date       = {2016-03-01},
  doi        = {10.1016/j.cities.2015.11.008},
  issn       = {0264-2751},
  journal    = {Cities},
  langid     = {english},
  note       = {Publisher: Pergamon},
  pages      = {20--29},
  shorttitle = {Historical trajectories of currently shrinking Portuguese cities},
  title      = {Historical trajectories of currently shrinking {Portuguese} cities: A typology of urban shrinkage},
  url        = {https://www.sciencedirect.com/science/article/pii/S0264275115300019},
  urldate    = {2020-09-21},
  volume     = {52},
  year       = {2016}
}

@article{antonescu_growth_2012,
  author       = {Antonescu, Daniela and Popa, Florina},
  date         = {2012},
  journal      = {Romanian Joural of Economics},
  shortjournal = {Romanian Joural of Economics},
  title        = {Growth and decline of urban areas in {Romania}},
  volume       = {34},
  year         = {2012}
}

@incollection{audirac_shrinking_2014,
  author    = {Audirac, Ivonne},
  booktitle = {Shrinking cities: international perspectives and policy implications},
  date      = {2014},
  publisher = {Routledge},
  title     = {Shrinking cities in the fourth urban revolution},
  urldate   = {2020-08-20},
  year      = {2014}
}

@manual{auguie_gridextra_2017,
  author = {Baptiste Auguie},
  note   = {R package version 2.3},
  title  = {gridExtra: Miscellaneous Functions for "Grid" Graphics},
  url    = {https://CRAN.R-project.org/package=gridExtra},
  year   = {2017}
}

@article{banica_challenges_2017,
  author  = {Bănică, Alexandru and Istrate, Marinela and Muntele, Ionel},
  date    = {2017-12},
  doi     = {10.3390/su9122289},
  journal = {Sustainability},
  langid  = {english},
  note    = {Number: 12
Publisher: Multidisciplinary Digital Publishing Institute},
  number  = {12},
  pages   = {2289},
  rights  = {http://creativecommons.org/licenses/by/3.0/},
  title   = {Challenges for the Resilience Capacity of {Romanian} Shrinking Cities},
  url     = {https://www.mdpi.com/2071-1050/9/12/2289},
  urldate = {2020-08-26},
  volume  = {9},
  year    = {2017}
}

@article{barry_collections_2018,
  author       = {Barry, Timothy},
  date         = {2018},
  doi          = {10.32614/RJ-2018-037},
  issn         = {2073-4859},
  journal      = {The R Journal},
  langid       = {english},
  number       = {1},
  pages        = {455},
  shortjournal = {The R Journal},
  shorttitle   = {Collections in R},
  title        = {Collections in {R}: Review and Proposal},
  url          = {https://journal.r-project.org/archive/2018/RJ-2018-037/index.html},
  urldate      = {2020-09-20},
  volume       = {10},
  year         = {2018}
}

@incollection{beauregard_shrinking_2013,
  author    = {Beauregard, A., Robert},
  booktitle = {Shrinking cities: International perspectives and policy implications},
  date      = {2013},
  pages     = {49--57},
  publisher = {Routledge},
  title     = {Shrinking cities in the {United} {States} in historical perspective: A research note},
  url       = {https://books.google.com/books/about/Shrinking_Cities.html?hl=ro&id=NWhtAAAAQBAJ},
  urldate   = {2020-08-20},
  volume    = {33},
  year      = {2013}
}

@article{becker_weights_2017,
  author       = {Becker, William and Saisana, Michaela and Paruolo, Paolo and Vandecasteele, Ine},
  date         = {2017-09},
  doi          = {10.1016/j.ecolind.2017.03.056},
  issn         = {1470160X},
  journal      = {Ecological Indicators},
  langid       = {english},
  pages        = {12--22},
  shortjournal = {Ecological Indicators},
  shorttitle   = {Weights and importance in composite indicators},
  title        = {Weights and importance in composite indicators: Closing the gap},
  url          = {https://linkinghub.elsevier.com/retrieve/pii/S1470160X17301759},
  urldate      = {2020-04-14},
  volume       = {80},
  year         = {2017}
}

@misc{bernt_policy_2012,
  author      = {Bernt, Matthias and Cocks, Matthew and Couch, Chris and Großmann, Katrin and Haase, Annegret and Rink, Dieter},
  date        = {2012-03},
  institution = {Helmholtz Centre for Environmental Research},
  location    = {Leipzig},
  number      = {2},
  title       = {Policy Response, Governance and Future Directions},
  type        = {Shrink {SMART}},
  url         = {https://www.ufz.de/export/data/400/39031_ResearchBrief2_.pdf},
  urldate     = {2020-08-25},
  year        = {2012}
}

@article{bontje_facing_2004,
  author  = {Bontje, Marco},
  date    = {2004},
  journal = {{GeoJournal}},
  langid  = {english},
  pages   = {13--21},
  title   = {Facing the challenge of shrinking cities in {East} {Germany}: The case of {Leipzig}},
  url     = {https://link.springer.com/content/pdf/10.1007/s10708-005-0843-2.pdf},
  volume  = {61},
  year    = {2004}
}

@article{breckenfeld_coping_1978,
  author  = {Breckenfeld, Gurney},
  date    = {1978},
  journal = {Civil Engineering—{ASCE}},
  note    = {Publisher: {ASCE}},
  number  = {11},
  pages   = {112--113},
  title   = {Coping with City Shrinkage},
  url     = {https://cedb.asce.org/CEDBsearch/record.jsp?dockey=0027669},
  urldate = {2020-08-20},
  volume  = {48},
  year    = {1978}
}

@article{bucek_urban_2013,
  author  = {Buček, Ján and Bleha, Branislav},
  date    = {2013-03-01},
  doi     = {10.2478/mgr-2013-0001},
  journal = {Moravian Geographical Reports},
  langid  = {english},
  note    = {Publisher: Sciendo
Section: Moravian Geographical Reports},
  number  = {1},
  pages   = {2--15},
  title   = {Urban Shrinkage as a Challenge to Local Development Planning in {Slovakia}},
  url     = {https://content.sciendo.com/view/journals/mgr/21/1/article-p2.xml},
  urldate = {2020-08-25},
  volume  = {21},
  year    = {2013}
}

@article{cauchi-duval_decroissance_2016,
  author     = {Cauchi-Duval, Nicolas and Béal, Vincent and Rousseau, Max},
  date       = {2016-03-20},
  doi        = {10.4000/eps.6112},
  issn       = {0755-7809},
  journal    = {Espace populations sociétés. Space populations societies},
  langid     = {french},
  note       = {Number: 2015/3-2016/1 Publisher: Université des Sciences et Technologies de Lille},
  number     = {2015},
  rights     = {Espace Populations Sociétés est mis à disposition selon les termes de la licence Creative Commons Attribution - Pas d'Utilisation Commerciale - Pas de Modification 4.0 International.},
  shorttitle = {La décroissance urbaine en France},
  title      = {La décroissance urbaine en {France} : des villes sans politique},
  url        = {http://journals.openedition.org/eps/6112},
  urldate    = {2020-08-20},
  year       = {2016}
}

@article{cauchi-duval_decroissance_2017,
  author  = {Cauchi-Duval, Nicolas and Cornuau, Frédérique and Rudolph, Mathilde},
  date    = {2017},
  journal = {Metropolitique},
  langid  = {french},
  pages   = {11},
  title   = {La décroissance urbaine en {France} : les effets cumulatifs du déclin},
  url     = {https://www.metropolitiques.eu/IMG/pdf/met-cauchiduval-cornuau-rudolph.pdf},
  year    = {2017}
}

@book{chang_r_2013,
  author     = {Chang, Winston},
  date       = {2013-01-15},
  edition    = {1st Edition},
  isbn       = {978-1-4493-1695-2},
  location   = {Beijing Cambridge Farnham Köln Sebastopol Tokyo},
  pagetotal  = {416},
  publisher  = {O'Reilly Media},
  shorttitle = {R Graphics Cookbook},
  title      = {R Graphics Cookbook: Practical Recipes for Visualizing Data},
  url        = {http://www.cookbook-r.com/},
  year       = {2013}
}

@incollection{cunningham-sabot_theoretical_2014,
  author    = {Cunningham-Sabot, Emmanuelle and Audirac, Ivonne and Fol, Sylvie and Martinez-Fernandez, Cristina},
  booktitle = {Shrinking Cities: International Perspectives and Policy Implications},
  date      = {2014},
  pages     = {30--46},
  publisher = {Routledge},
  title     = {Theoretical approaches of "shrinking cities"},
  urldate   = {2020-08-20},
  year      = {2014}
}

@article{danciu_comparison_2016,
  author     = {Danciu, Mihai-Ionut and Antonić, Branislav and Bica, Smaranda Maria},
  date       = {2016},
  journal    = {{RRRC} 2016, Risk, Reduction, for Resilient Cities, International conference, Bucharest, November 3-4, 2016},
  langid     = {english},
  note       = {Accepted: 2020-06-13T18:56:11Z {ISBN}: 9786066381543 Publisher: “Ion Mincu” Publishing House},
  pages      = {110--111},
  rights     = {{openAccess}},
  shorttitle = {A Comparison of Urban Shrinkage?},
  title      = {A Comparison of Urban Shrinkage? {Romania} and {Serbia}},
  url        = {http://raf.arh.bg.ac.rs/handle/123456789/930},
  urldate    = {2020-08-25},
  year       = {2016}
}

@article{demsar_principal_2013,
  author       = {Demšar, Urška and Harris, Paul and Brunsdon, Chris and Fotheringham, A. Stewart and {McLoone}, Sean},
  date         = {2013-01},
  doi          = {10.1080/00045608.2012.689236},
  issn         = {0004-5608, 1467-8306},
  journal      = {Annals of the Association of American Geographers},
  langid       = {english},
  number       = {1},
  pages        = {106--128},
  shortjournal = {Annals of the Association of American Geographers},
  shorttitle   = {Principal Component Analysis on Spatial Data},
  title        = {Principal Component Analysis on Spatial Data: An Overview},
  url          = {http://www.tandfonline.com/doi/abs/10.1080/00045608.2012.689236},
  urldate      = {2020-08-05},
  volume       = {103},
  year         = {2013}
}

@article{florentin_stadtschrumpfung_2009,
  author     = {Florentin, Daniel and Fol, Sylvie and Roth, Hélène},
  date       = {2009-03-26},
  doi        = {10.4000/cybergeo.22123},
  issn       = {1278-3366},
  journal    = {Cybergeo : European Journal of Geography},
  langid     = {french},
  note       = {Publisher: {CNRS}-{UMR} Géographie-cités 8504},
  rights     = {La revue Cybergeo est mise à disposition selon les termes de la Licence Creative Commons Attribution - Pas d'Utilisation Commerciale - Pas de Modification 3.0 non transposé.},
  shorttitle = {La "Stadtschrumpfung" ou "rétrécissement urbain" en Allemagne},
  title      = {La {"Stadtschrumpfung"} ou "rétrécissement urbain" en {Allemagne} : un champ de recherche émergent},
  url        = {http://journals.openedition.org/cybergeo/22123},
  urldate    = {2020-08-20},
  year       = {2009}
}

@article{fol_urban_2010,
  author     = {Fol, Sylvie and Cunningham-Sabot, Emmanuèle},
  date       = {2010-10-28},
  issn       = {0003-4010},
  journal    = {Annales de geographie},
  langid     = {english},
  note       = {Publisher: Armand Colin},
  number     = {4},
  pages      = {359--383},
  shorttitle = {Urban Decline and Shrinking Cities},
  title      = {Urban Decline and Shrinking Cities: A Critical Assessment of Approaches to Urban Shrinkage},
  url        = {https://www.cairn-int.info/journal-annales-de-geographie-2010-4-page-359.htm?contenu=resume},
  urldate    = {2020-08-20},
  volume     = {No 674},
  year       = {2010}
}

@article{franz_shrinking_2004,
  author  = {Franz, Peter},
  date    = {2004},
  journal = {German Journal of Urban Studies},
  langid  = {english},
  number  = {1},
  pages   = {16},
  title   = {Shrinking Cities - Shrinking Economy? {The} Case of {East} {Germany}},
  url     = {https://www.researchgate.net/publication/282574361},
  volume  = {43},
  year    = {2004}
}

@phdthesis{fugate_shrinking_2007,
  author      = {Fugate, Jeffrey N.},
  date        = {2007},
  institution = {Massachusetts Institute of Technology},
  note        = {Accepted: 2008-01-10T14:25:30Z Journal Abbreviation: Looking for effective planning and design approaches for small town America},
  rights      = {M.I.T. theses are protected by copyright. They may be viewed from this source for any purpose, but reproduction or distribution in any format is prohibited without written permission. See provided {URL} for inquiries about permission.},
  school      = {Massachusetts Institute of Technology},
  shorttitle  = {Shrinking gracefully},
  title       = {Shrinking gracefully: looking for effective planning and design approaches for small town {America}},
  type        = {Thesis},
  url         = {https://dspace.mit.edu/handle/1721.1/39846},
  urldate     = {2020-09-03},
  year        = {2007}
}

@article{gaman_sustainability_2014,
  author  = {Gaman, Marius Stelian and Badescu, Stefana and Bica, Smaranda and Branea, Ana-Maria},
  date    = {2014},
  journal = {Proceedings of the Conference Paper, International Multidisciplinary Scientific Conferences on Social Sciences \& Arts—{SGEM} Conference on Arts},
  langid  = {english},
  pages   = {8},
  title   = {Sustainability Analysis of {Romanian} Shrinking Cities},
  year    = {2014}
}

@article{gan_when_2017,
  author       = {Gan, Xiaoyu and Fernandez, Ignacio C. and Guo, Jie and Wilson, Maxwell and Zhao, Yuanyuan and Zhou, Bingbing and Wu, Jianguo},
  date         = {2017-10-01},
  doi          = {10.1016/j.ecolind.2017.05.068},
  issn         = {1470-160X},
  journal      = {Ecological Indicators},
  keywords     = {Aggregation, Indicator framework, Sustainability indicators, Sustainability indices, Weighting},
  langid       = {english},
  pages        = {491--502},
  shortjournal = {Ecological Indicators},
  shorttitle   = {When to use what},
  title        = {When to use what: Methods for weighting and aggregating sustainability indicators},
  url          = {http://www.sciencedirect.com/science/article/pii/S1470160X17303357},
  urldate      = {2020-04-14},
  volume       = {81},
  year         = {2017}
}

@article{gob_schrumpfende_1977,
  author  = {Göb, Rüdiger},
  date    = {1977},
  journal = {Archiv für Kommunalwissenschaften},
  pages   = {149--177},
  title   = {Die schrumpfende {Stadt}},
  volume  = {16},
  year    = {1977}
}

@article{grosmann_shrinking_2013,
  author     = {Großmann, Katrin and Bontje, Marco and Haase, Annegret and Mykhnenko, Vlad},
  date       = {2013-12-01},
  doi        = {10.1016/j.cities.2013.07.007},
  issn       = {0264-2751},
  journal    = {Cities},
  langid     = {english},
  note       = {Publisher: Pergamon},
  pages      = {221--225},
  shorttitle = {Shrinking cities},
  title      = {Shrinking cities: Notes for the further research agenda},
  url        = {https://www.sciencedirect.com/science/article/abs/pii/S0264275113001030},
  urldate    = {2020-08-20},
  volume     = {35},
  year       = {2013}
}

@incollection{grosmann_urban_2008,
  author    = {Großmann, Katrin and Haase, Annegret and Rink, Dieter and Steinfuhrer, Annett},
  booktitle = {Declining cities--developing cities: Polish and German perspectives},
  date      = {2008},
  editor    = {Novak, Marek and Nowosielski, Michal},
  isbn      = {978-83-87688-90-5},
  keywords  = {Congresses, Germany, Poland, Sociology, Urban},
  langid    = {english},
  location  = {Poznań},
  publisher = {Instytut Zachodni},
  title     = {Urban shrinkage in {East} {Central} {Europe}? {Benefits} and limits of a cross-national transfer of research approaches.},
  year      = {2008}
}

@article{guimaraes_shrinking_2015,
  author  = {Guimarães, Maria Helena and Barreira, Ana Paula and Panagopoulos, Thomas},
  date    = {2015},
  journal = {Revista Portuguesa de Estudos Regionais},
  langid  = {english},
  pages   = {23--41},
  title   = {Shrinking Cities in {Portugal} – Where and Why},
  url     = {https://www.redalyc.org/pdf/5143/514351600002.pdf},
  volume  = {40},
  year    = {2015}
}

@article{guimaraes_what_2016,
  author     = {Guimarães, Maria Helena and Nunes, Luis Catela and Barreira, Ana Paula and Panagopoulos, Thomas},
  date       = {2016-04-30},
  doi        = {10.1080/09654313.2016.1177492},
  issn       = {0965-4313},
  journal    = {European Planning Studies},
  langid     = {english},
  note       = {Publisher: Routledge},
  number     = {9},
  pages      = {1684--1708},
  rights     = {© 2016 Informa {UK} Limited, trading as Taylor \& Francis Group},
  shorttitle = {What makes people stay in or leave shrinking cities?},
  title      = {What makes people stay in or leave shrinking cities? An empirical study from {Portugal}},
  url        = {https://www.tandfonline.com/doi/abs/10.1080/09654313.2016.1177492},
  urldate    = {2020-08-20},
  volume     = {24},
  year       = {2016}
}

@article{haase_conceptualizing_2014,
  author     = {Haase, Annegret and Rink, Dieter and Grossmann, Katrin and Bernt, Matthias and Mykhnenko, Vlad},
  date       = {2014-01-01},
  doi        = {10.1068/a46269},
  journal    = {Environment and Planning A: Economy and Space},
  langid     = {english},
  note       = {Publisher: {SAGE} {PublicationsSage} {UK}: London, England},
  number     = {7},
  rights     = {© 2014 {SAGE} Publications},
  shorttitle = {Conceptualizing Urban Shrinkage},
  title      = {Conceptualizing Urban Shrinkage},
  url        = {https://journals.sagepub.com/doi/abs/10.1068/a46269},
  urldate    = {2020-08-20},
  volume     = {46},
  year       = {2014}
}

@article{haase_varieties_2016,
  author     = {Haase, Annegret and Bernt, Matthias and Großmann, Katrin and Mykhnenko, Vlad and Rink, Dieter},
  date       = {2016},
  doi        = {10.1177/0969776413481985},
  journal    = {European Urban and Regional Studies},
  langid     = {english},
  note       = {Publisher: {SAGE} {PublicationsSage} {UK}: London, England},
  number     = {1},
  pages      = {86--102},
  rights     = {© The Author(s) 2013},
  shorttitle = {Varieties of shrinkage in European cities},
  title      = {Varieties of shrinkage in {European} cities},
  url        = {https://journals.sagepub.com/doi/abs/10.1177/0969776413481985},
  urldate    = {2020-08-26},
  volume     = {23},
  year       = {2016}
}

@article{harris_geographically_2011,
  author       = {Harris, Paul and Brunsdon, Chris and Charlton, Martin},
  date         = {2011-10},
  doi          = {10.1080/13658816.2011.554838},
  issn         = {1365-8816, 1362-3087},
  journal      = {International Journal of Geographical Information Science},
  langid       = {english},
  number       = {10},
  pages        = {1717--1736},
  shortjournal = {International Journal of Geographical Information Science},
  title        = {Geographically weighted principal components analysis},
  url          = {http://www.tandfonline.com/doi/abs/10.1080/13658816.2011.554838},
  urldate      = {2020-08-05},
  volume       = {25},
  year         = {2011}
}

@article{hartt_how_2018,
  author       = {Hartt, Maxwell Douglas},
  date         = {2018-05},
  doi          = {10.1016/j.cities.2016.12.005},
  issn         = {02642751},
  journal      = {Cities},
  langid       = {english},
  pages        = {38--49},
  shortjournal = {Cities},
  shorttitle   = {How cities shrink},
  title        = {How cities shrink: Complex pathways to population decline},
  url          = {https://linkinghub.elsevier.com/retrieve/pii/S0264275116302943},
  urldate      = {2020-08-26},
  volume       = {75},
  year         = {2018}
}

@book{husson_exploratory_2010,
  author    = {Husson, Francois and Lê, Sébastien and Pagès, Jérôme},
  date      = {2010},
  isbn      = {978-1-4398-3580-7},
  publisher = {Chapman \& Hall/{CRC}},
  series    = {Computer Sciences and Data Analysis},
  title     = {Exploratory Multivariate Analysis by Example Using {R}},
  year      = {2010}
}

@article{ianos_divergent_2015,
  author     = {Ianoş, Ioan and Sîrodoev, Igor and Pascariu, Gabriel and Henebry, Geoffrey},
  date       = {2015-10-13},
  doi        = {10.1177/0042098015608568},
  journal    = {Urban Studies},
  langid     = {english},
  note       = {Publisher: {SAGE} {PublicationsSage} {UK}: London, England},
  rights     = {© Urban Studies Journal Limited 2015},
  shorttitle = {Divergent patterns of built-up urban space growth following post-socialist changes},
  title      = {Divergent patterns of built-up urban space growth following post-socialist changes},
  url        = {https://journals.sagepub.com/doi/abs/10.1177/0042098015608568},
  urldate    = {2020-08-26},
  year       = {2015}
}

@article{jaroszewska_drivers_2020,
  author  = {Jaroszewska, Emilia and Stryjakiewicz, Tadeusz},
  date    = {2020-12-01},
  doi     = {10.1061/(ASCE)UP.1943-5444.0000601},
  issn    = {1943-5444},
  journal = {Journal of Urban Planning and Development},
  note    = {Publisher: American Society of Civil Engineers},
  number  = {4},
  pages   = {05020021},
  rights  = {© 2020 American Society of Civil Engineers},
  title   = {Drivers, Scale, and Geography of Urban Shrinkage in {Poland} and Policy Responses},
  url     = {https://ascelibrary.org/doi/abs/10.1061/%28ASCE%29UP.1943-5444.0000601},
  urldate = {2020-08-25},
  volume  = {146},
  year    = {2020}
}

@article{jollands_how_2006,
  author       = {Jollands, Nigel},
  date         = {2006},
  doi          = {10.1504/IJARGE.2006.008163},
  issn         = {1642-4605, 1471-5004},
  journal      = {International Journal of Agricultural Resources, Governance and Ecology},
  langid       = {english},
  number       = {1},
  pages        = {18},
  shortjournal = {{IJARGE}},
  shorttitle   = {How to aggregate sustainable development indicators},
  title        = {How to aggregate sustainable development indicators: a proposed framework and its application},
  url          = {http://www.inderscience.com/link.php?id=8163},
  urldate      = {2020-04-14},
  volume       = {5},
  year         = {2006}
}

@phdthesis{jollands_usefulness_2003,
  author      = {Jollands, Nigel},
  date        = {2003},
  institution = {The Australian National University},
  langid      = {australian},
  note        = {Accepted: 2003-11-04 Last Modified: 2019-01-22 Publisher: The Australian National University},
  rights      = {http://legaloffice.weblogs.anu.edu.au/content/copyright/},
  school      = {The Australian National University},
  shorttitle  = {The usefulness of aggregate indicators in policy making and evaluation},
  title       = {The usefulness of aggregate indicators in policy making and evaluation: a discussion with application to eco-efficiency indicators in {New} {Zealand}},
  type        = {phdthesis},
  urldate     = {2020-04-14},
  year        = {2003}
}

@article{jolliffe_principal_2016,
  author       = {Jolliffe, Ian T. and Cadima, Jorge},
  date         = {2016-04-13},
  doi          = {10.1098/rsta.2015.0202},
  journal      = {Philosophical Transactions of the Royal Society A: Mathematical, Physical and Engineering Sciences},
  note         = {Publisher: Royal Society},
  number       = {2065},
  pages        = {20150202},
  shortjournal = {Philosophical Transactions of the Royal Society A: Mathematical, Physical and Engineering Sciences},
  shorttitle   = {Principal component analysis},
  title        = {Principal component analysis: a review and recent developments},
  url          = {https://royalsocietypublishing.org/doi/full/10.1098/rsta.2015.0202},
  urldate      = {2020-04-14},
  volume       = {374},
  year         = {2016}
}

@article{jucu_economic_2016,
  author  = {Jucu, Ioan Sebastian and Creţan, Remus and Timofte, Fabian},
  date    = {2016},
  journal = {Review of Historical Geography and Toponomastics},
  langid  = {english},
  number  = {21},
  pages   = {79--96},
  title   = {Economic restructuring and contrasting urban patterns in {Romanian} post-socialist municipalities: the experiences of {Timiş} county, {Romania}},
  url     = {https://geografie.uvt.ro/wp-content/uploads/2015/06/11_JUCU_CRETAN_FABIAN.pdf},
  volume  = {{XI}},
  year    = {2016}
}

@article{jucu_post-communist_2019,
  author  = {Jucu, Ioan Sebastian and Pavel, Sorin},
  date    = {2019-12-30},
  doi     = {10.5775/fg.2019.073.d},
  journal = {Forum geografic},
  number  = {2},
  pages   = {170--183},
  title   = {Post-Communist Urban Ecologies of {Romanian} Medium-Sized Towns},
  url     = {http://forumgeografic.ro/ro/2019/2577/},
  urldate = {2020-09-16},
  volume  = {{XVIII}},
  year    = {2019}
}

@book{kassambara_practical_2017,
  author     = {Kassambara, Alboukadel},
  date       = {2017-08-23},
  isbn       = {978-1-975721-13-8},
  langid     = {english},
  note       = {Google-Books-{ID}: {eFEyDwAAQBAJ}},
  pagetotal  = {171},
  publisher  = {{STHDA}},
  shorttitle = {Practical Guide To Principal Component Methods in R},
  title      = {Practical Guide To Principal Component Methods in {R}: {PCA}, M({CA}), {FAMD}, {MFA}, {HCPC}, factoextra},
  year       = {2017}
}

@book{kassambara_r_2017,
  author    = {Kassambara, Alboukadel},
  date      = {2017},
  edition   = {1},
  langid    = {american},
  publisher = {CreateSpace Independent Publishing Platform},
  title     = {R Graphics Essentials for Great Data Visualization},
  urldate   = {2020-04-10},
  year      = {2017}
}

@article{lauf_effects_2016,
  author  = {Lauf, Steffen and Haase, Dagmar and {KleinschmitcaTechnische}, Birgit},
  date    = {2016-03-01},
  doi     = {10.1016/j.landusepol.2015.12.017},
  issn    = {0264-8377},
  journal = {Land Use Policy},
  langid  = {english},
  note    = {Publisher: Pergamon},
  pages   = {240--254},
  title   = {The effects of growth, shrinkage, population aging and preference shifts on urban development — A spatial scenario analysis of {Berlin}, {Germany}},
  url     = {https://www.sciencedirect.com/science/article/abs/pii/S0264837715004135},
  urldate = {2020-08-28},
  volume  = {52},
  year    = {2016}
}

@article{lloyd_analysing_2010,
  author       = {Lloyd, Christopher D.},
  date         = {2010-08-01},
  doi          = {10.1016/j.compenvurbsys.2010.02.005},
  issn         = {0198-9715},
  journal      = {Computers, Environment and Urban Systems},
  keywords     = {Census data, Geographical weighting, Northern Ireland, Principal components analysis, Spatial statistics},
  langid       = {english},
  number       = {5},
  pages        = {389--399},
  shortjournal = {Computers, Environment and Urban Systems},
  shorttitle   = {Analysing population characteristics using geographically weighted principal components analysis},
  title        = {Analysing population characteristics using geographically weighted principal components analysis: A case study of {Northern} {Ireland} in 2001},
  url          = {http://www.sciencedirect.com/science/article/pii/S0198971510000165},
  urldate      = {2020-04-10},
  volume       = {34},
  year         = {2010}
}

@book{long_shrinking_2019,
  author     = {Long, Ying and Gao, Shuqi},
  date       = {2019},
  edition    = {1st ed.},
  isbn       = {9789811326455},
  publisher  = {Springer Singapore},
  series     = {The Urban Book Series},
  shorttitle = {Shrinking Cities in China},
  title      = {Shrinking Cities in {China}: The Other Facet of Urbanization},
  urldate    = {2020-08-17},
  year       = {2019}
}

@book{lovelace_geocomputation_2019,
  author    = {Lovelace, Robin and Nowosad, Jakub and Muenchow, Jannes},
  date      = {2019},
  publisher = {Chapman \& Hall/{CRC}},
  series    = {The R Series},
  title     = {Geocomputation with {R}},
  year      = {2019}
}

@article{mallach_shrinking_2017,
  author       = {Mallach, Alan and Haase, Annegret and Hattori, Keiro},
  date         = {2017-09},
  doi          = {10.1016/j.cities.2016.09.008},
  issn         = {02642751},
  journal      = {Cities},
  langid       = {english},
  pages        = {102--108},
  shortjournal = {Cities},
  shorttitle   = {The shrinking city in comparative perspective},
  title        = {The shrinking city in comparative perspective: Contrasting dynamics and responses to urban shrinkage},
  url          = {https://linkinghub.elsevier.com/retrieve/pii/S0264275116303110},
  urldate      = {2020-08-25},
  volume       = {69},
  year         = {2017}
}

@inproceedings{martinez-fernandez_shrinking_2007,
  author     = {Martinez-Fernandez, M Cristina and Wu, Chung-Tong},
  booktitle  = {Shrinking Cities in Australia},
  date       = {2007},
  eventtitle = {State of Australian Cities},
  isbn       = {978-0-646-48194-4},
  langid     = {english},
  location   = {Adelaide},
  pages      = {785--910},
  publisher  = {{SOAC}: Causal Productions},
  title      = {Shrinking Cities in {Australia}},
  url        = {http://soac.fbe.unsw.edu.au/2007/SOAC/shrinkingcities.pdf},
  year       = {2007}
}

@article{martinez-fernandez_shrinking_2015,
  author     = {Martinez-Fernandez, Cristina and Weyman, Tamara and Fol, Sylvie and Audirac, Ivonne and Cunningham-Sabot, Emmanuèle and Wiechmann, Thorsten and Yahagi, Hiroshi},
  date       = {2015},
  doi        = {10.1016/j.progress.2014.10.001},
  journal    = {Progress in Planning},
  langid     = {english},
  shorttitle = {Shrinking cities in Australia, Japan, Europe and the {USA}},
  title      = {Shrinking cities in {Australia}, {Japan}, {Europe} and the {USA}: From a global process to local policy responses},
  urldate    = {2020-09-02},
  year       = {2015}
}

@misc{meloche_planifier_2018,
  author      = {Meloche, Jean-Philippe and Benoit, Stephanie and Hugueny, Thibaut and Tremblay, Michaël},
  date        = {2018},
  institution = {Observatoire du Development Urbain et Immobilier, Universite de Montreal},
  location    = {Montreal},
  pages       = {38},
  title       = {Planifier les villes en décroissance. {Étude} sur les villes canadiennes en perte de population},
  url         = {https://observatoire-ivanhoe-cambridge.umontreal.ca/liens-pdf/Cahiers/2018_Planifier%20les%20villes.pdf},
  urldate     = {2020-08-26},
  year        = {2018}
}

@misc{nardo_tools_2005,
  author      = {Nardo, Michela and Saisana, Michaela and Saltelli, Andrea and Tarantola, Stefano},
  date        = {2005},
  institution = {Joint Research Centre, European Commission},
  langid      = {english},
  location    = {Italy},
  number      = {{EUR} 21682 {EN}},
  pages       = {134},
  title       = {Tools for Composite Indicators Building},
  year        = {2005}
}

@article{nelle_urban_2017,
  author       = {Nelle, Anja and Großmann, Katrin and Haase, Dagmar and Kabisch, Sigrun and Rink, Dieter and Wolff, Manuel},
  date         = {2017-09},
  doi          = {10.1016/j.cities.2017.02.006},
  issn         = {02642751},
  journal      = {Cities},
  langid       = {english},
  pages        = {116--123},
  shortjournal = {Cities},
  shorttitle   = {Urban shrinkage in Germany},
  title        = {Urban shrinkage in {Germany}: An entangled web of conditions, debates and policies},
  url          = {https://linkinghub.elsevier.com/retrieve/pii/S026427511630227X},
  urldate      = {2020-08-25},
  volume       = {69},
  year         = {2017}
}

@book{oecd_handbook_2008,
  author     = {{OECD}},
  date       = {2008-08-22},
  isbn       = {978-92-64-04346-6},
  langid     = {english},
  pagetotal  = {162},
  publisher  = {{OECD} Publishing},
  shorttitle = {Handbook on Constructing Composite Indicators},
  title      = {Handbook on Constructing Composite Indicators: Methodology and User Guide},
  year       = {2008}
}

@book{oswalt_atlas_2006,
  author    = {Oswalt, Philipp and Rieniets, Tim},
  date      = {2006},
  isbn      = {978-3-7757-1714-4},
  langid    = {english},
  note      = {Accepted: 2018-03-29T10:36:31Z Journal Abbreviation: Atlas der schrumpfenden Städte},
  publisher = {Hatje Cantz},
  title     = {Atlas of shrinking cities},
  url       = {https://www.research-collection.ethz.ch/handle/20.500.11850/25547},
  urldate   = {2020-08-25},
  year      = {2006}
}

@article{pallagst_viewpoint_2010,
  author     = {Pallagst, Karina},
  date       = {2010},
  doi        = {10.3828/tpr.2010.22},
  journal    = {The Town Planning Review},
  langid     = {english},
  number     = {5},
  pages      = {i--vi},
  shorttitle = {Viewpoint},
  title      = {Viewpoint: The planning research agenda: shrinking cities — a challenge for planning cultures},
  url        = {https://www.jstor.org/stable/27975967},
  urldate    = {2020-08-20},
  volume     = {81},
  year       = {2010}
}

@article{paul_methodological_2013,
  author   = {Paul, Liton Chandra and Saha, Lakshman and Suman, Abdulla Al and Mondal, Najim Uddin},
  journal  = {International Journal of Scientific \& Engineering Research},
  language = {en},
  number   = {3},
  pages    = {9},
  title    = {Methodological {Analysis} of {Principal} {Component} {Analysis} {Method}},
  volume   = {4},
  year     = {2013}
}

@phdthesis{paun_constantinescu_shrinking_2013,
  author      = {Păun Constantinescu, Ilinca},
  date        = {2013},
  institution = {Universitatea de Arhitectură și Urbanism Ion Mincu},
  location    = {Bucharest},
  school      = {Universitatea de Arhitectură și Urbanism Ion Mincu},
  title       = {Shrinking cities în {România}. O abordare contemporană a contracției și delinului urban},
  type        = {phdthesis},
  url         = {https://www.uauim.ro/f/doctorat/sustineri_teze/REZUMAT.pdf},
  urldate     = {2020-08-26},
  year        = {2013}
}

@book{paun_constantinescu_shrinking_2019,
  author    = {Păun Constantinescu, Ilinca},
  date      = {2019},
  edition   = {2019},
  isbn      = {978-3-86922-372-8},
  publisher = {{DOM} Publishers},
  title     = {Shrinking Cities in {Romania}},
  url       = {https://dom-publishers.com/products/shrinking-cities-in-romania},
  urldate   = {2020-08-25},
  volumes   = {2},
  year      = {2019}
}

@article{pirisi_between_2015,
  author     = {Pirisi, Gábor and Trócsányi, András and Makkai, Bernadett},
  date       = {2015},
  issn       = {2084-5456},
  journal    = {Annales Universitatis Paedagogicae Cracoviensis Studia Geographica},
  note       = {Publisher: Instytut Geografii Uniwersytetu Pedagogicznego im. Komisji Edukacji Narodowej w Krakowie},
  pages      = {12--28},
  shorttitle = {Between shrinking and blooming},
  title      = {Between shrinking and blooming: the crossroad of small towns' urbanisation in {Hungary}},
  url        = {http://cejsh.icm.edu.pl/cejsh/element/bwmeta1.element.desklight-6a8a7af9-e7ee-4f2d-a69a-3c35dbeda870},
  urldate    = {2020-09-02},
  volume     = {8 Small Towns' Development Problems},
  year       = {2015}
}

@article{pollesch_applications_2015,
  author       = {Pollesch, N. and Dale, V. H.},
  date         = {2015-06-01},
  doi          = {10.1016/j.ecolecon.2015.03.011},
  issn         = {0921-8009},
  journal      = {Ecological Economics},
  langid       = {english},
  pages        = {117--127},
  shortjournal = {Ecological Economics},
  title        = {Applications of aggregation theory to sustainability assessment},
  url          = {http://www.sciencedirect.com/science/article/pii/S0921800915000968},
  urldate      = {2020-04-10},
  volume       = {114},
  year         = {2015}
}

@article{popescu_deindustrialization_2014,
  author  = {Popescu, Claudia},
  date    = {2014},
  issn    = {1842-2845},
  journal = {Transylvanian Review of Administrative Sciences},
  langid  = {english},
  note    = {Number: 42},
  number  = {42},
  pages   = {181--202},
  rights  = {Copyright (c) 2014 Transylvanian Review of Administrative Sciences},
  title   = {Deindustrialization and Urban Shrinkage in {Romania}. What Lessons for the Spatial Policy?},
  url     = {https://www.rtsa.ro/tras/index.php/tras/article/view/97},
  urldate = {2020-08-26},
  volume  = {10},
  year    = {2014}
}

@article{prasca_urban_2013,
  author  = {Prasca, Mariana and Petrea, Rodica and Ilia Filimon, Mălina},
  date    = {2013},
  journal = {Annals of the Universiy of Oradea, Series: Geography},
  langid  = {english},
  number  = {1},
  pages   = {9},
  title   = {The Urban Shrinkage of the Small Towns Located in Southern Part of {Bihor} County, {Romania}},
  volume  = {23},
  year    = {2013}
}

@manual{r_2021,
  address      = {Vienna, Austria},
  author       = {{R Core Team}},
  organization = {R Foundation for Statistical Computing},
  title        = {R: A Language and Environment for Statistical Computing},
  url          = {https://www.R-project.org/},
  year         = {2021}
}

@article{reckien_why_2011,
  author  = {Reckien, Diana and Martinez-Fernandez, Cristina},
  date    = {2011-08-22},
  doi     = {10.1080/09654313.2011.593333},
  issn    = {0965-4313},
  journal = {European Planning Studies},
  langid  = {english},
  note    = {Publisher: Routledge},
  number  = {8},
  pages   = {1375--1397},
  rights  = {Copyright Taylor and Francis Group, {LLC}},
  title   = {Why Do Cities Shrink?},
  url     = {https://www.tandfonline.com/doi/abs/10.1080/09654313.2011.593333},
  urldate = {2020-08-25},
  volume  = {19},
  year    = {2011}
}

@misc{rink_addressing_2010,
  author      = {Rink, Dieter and Haase, Annegret and Bernt, Matthias and Großmann, Katrin},
  date        = {2010-11},
  institution = {Helmholtz-Zentrum für Umweltforschung - {UFZ}, Leipzig},
  langid      = {english},
  location    = {Leipzig},
  number      = {Shrink Smart Research Brief No. 1},
  pages       = {24},
  title       = {Addressing Urban Shrinkage Across {Europe} – Challenges and Prospects},
  url         = {https://www.ufz.de/export/data/400/39003_D9_Research_Brief_FINAL14223.pdf},
  year        = {2010}
}

@article{rybczynski_how_1999,
  author  = {Rybczynski, Witold and Linneman, Peter D},
  date    = {1999},
  journal = {Public Interest},
  langid  = {english},
  pages   = {30--44},
  title   = {How to save our shrinking cities},
  year    = {1999}
}

@misc{saisana_state_2002,
  author      = {Saisana, Michaela and Tarantola, Stafana},
  date        = {2002},
  institution = {Joint Research Centre, European Commission},
  langid      = {english},
  location    = {Italy},
  number      = {{EUR} 20408 {EN}},
  pages       = {72},
  title       = {State of the art. {Report} on Current Methodologies and Practices for Composite Indicator Development},
  year        = {2002}
}

@incollection{schoenberg_urban_2014,
  author     = {Schoenberg, Alina M. and Constantin, Daniela Luminita},
  booktitle  = {Shrinking {Cities}},
  edition    = {1},
  isbn       = {978-0-203-07976-8},
  note       = {Num Pages: 14},
  publisher  = {Routledge},
  shorttitle = {Urban shrinkage in {Romania}},
  title      = {Urban shrinkage in {Romania}: {Scope} and determinants},
  year       = {2014}
}

@book{sharma_applied_1996,
  author    = {Sharma, Subhash},
  date      = {1996},
  edition   = {1},
  isbn      = {978-0-471-31064-8},
  publisher = {Wiley},
  title     = {Applied Multivariate Techniques},
  urldate   = {2020-04-14},
  year      = {1996}
}

@manual{slowikowski_ggrepel_2020,
  author = {Kamil Slowikowski},
  note   = {R package version 0.8.2},
  title  = {ggrepel: Automatically Position Non-Overlapping Text Labels with 'ggplot2'},
  url    = {https://CRAN.R-project.org/package=ggrepel},
  year   = {2020}
}

@phdthesis{sousa_planning_2010,
  author      = {Sousa, Sílvia Ávila},
  date        = {2010},
  institution = {Universidade do Porto},
  langid      = {english},
  location    = {Porto},
  pagetotal   = {470},
  school      = {Universidade do Porto},
  title       = {Planning for shrinking cities in {Portugal}},
  year        = {2010}
}

@article{sporna_trajectories_2016,
  author  = {Spórna, Tomasz and Kantor-Pietraga, Iwona and Krzysztofik, Robert},
  date    = {2016-03-20},
  doi     = {10.4000/eps.6102},
  issn    = {0755-7809},
  journal = {Espace populations sociétés. Space populations societies},
  langid  = {english},
  note    = {Number: 2015/3-2016/1 Publisher: Université des Sciences et Technologies de Lille},
  number  = {2015},
  rights  = {Espace Populations Sociétés est mis à disposition selon les termes de la licence Creative Commons Attribution - Pas d'Utilisation Commerciale - Pas de Modification 4.0 International.},
  title   = {Trajectories of Depopulation and Urban Shrinkage in the {Katowice} Conurbation, {Poland}},
  url     = {http://journals.openedition.org/eps/6102},
  urldate = {2020-09-21},
  year    = {2016}
}

@incollection{steinfuhrer_small_2020,
  author    = {Stoica, Ilinca-Valentina and Zamfir, Daniela and Săftoiu, Luminița Costina},
  booktitle = {New {Rural} {Geographies} in {Europe}: {Actors}, {Processes}, {Policies}},
  editor    = {Steinführer, Annett and Heindl, Anna-Barbara and Grabski-Kieron, Ulrike and Reichert-Schick, Anja},
  isbn      = {978-3-643-91302-9},
  language  = {en},
  note      = {Google-Books-ID: YqAeEAAAQBAJ},
  publisher = {LIT Verlag},
  title     = {Small towns in {Romania}: the road from the urban dream to the rural reality},
  year      = {2020}
}

@article{stoica_exploring_2020,
  author   = {Stoica, Ilinca-Valentina and Tulla, Antoni F. and Zamfir, Daniela and Petrișor, Alexandru-Ionuț},
  doi      = {10.1007/s11205-020-02465-x},
  issn     = {0303-8300, 1573-0921},
  journal  = {Social Indicators Research},
  language = {en},
  month    = dec,
  number   = {3},
  pages    = {843--875},
  title    = {Exploring the {Urban} {Strength} of {Small} {Towns} in {Romania}},
  url      = {http://link.springer.com/10.1007/s11205-020-02465-x},
  urldate  = {2021-08-05},
  volume   = {152},
  year     = {2020}
}

@article{syrovatka_measuring_2019,
  author       = {Syrovátka, Miroslav and Schlossarek, Martin},
  date         = {2019-10},
  doi          = {10.1016/j.ecolecon.2019.04.032},
  issn         = {09218009},
  journal      = {Ecological Economics},
  langid       = {english},
  pages        = {106320},
  shortjournal = {Ecological Economics},
  shorttitle   = {Measuring development with inequality},
  title        = {Measuring development with inequality: How (should) aggregate indicators of development account for inequality?},
  url          = {https://linkinghub.elsevier.com/retrieve/pii/S0921800918307274},
  urldate      = {2020-04-14},
  volume       = {164},
  year         = {2019}
}

@misc{tivig_mapping_2008,
  author      = {Tivig, Thusnelda and Frosch, Katharina and Kühntopf, Stephan},
  date        = {2008},
  institution = {econsense – Forum Nachhaltige Entwicklung der deutschen Wirtschaft e.V \& Rostock Center for the Study of Demographic Change},
  langid      = {english},
  location    = {Germany},
  title       = {Mapping Regional Demographic Change and Regional Demographic Location Risk in {Europe} Laboratory Demographic Change},
  type        = {Laboratory Demographic Change},
  year        = {2008}
}

@article{turok_trajectories_2007,
  author  = {Turok, Ivan and Mykhnenko, Vlad},
  date    = {2007-06-01},
  doi     = {10.1016/j.cities.2007.01.007},
  issn    = {0264-2751},
  journal = {Cities},
  langid  = {english},
  note    = {Publisher: Pergamon},
  number  = {3},
  pages   = {165--182},
  title   = {The trajectories of {European} cities, 1960–2005},
  url     = {https://www.sciencedirect.com/science/article/abs/pii/S0264275107000212},
  urldate = {2020-08-25},
  volume  = {24},
  year    = {2007}
}

@misc{urban_audit_state_2007,
  author      = {{Urban Audit}},
  date        = {2007},
  institution = {European Commission},
  title       = {State of {European} Cities Report. {Adding} value to the {European} {Urban} {Audit}},
  url         = {https://ec.europa.eu/regional_policy/sources/docgener/studies/pdf/urban/stateofcities_2007.pdf},
  urldate     = {2020-08-25},
  year        = {2007}
}

@book{voiculescu_romanian_2009,
  author     = {Voiculescu, Sorina and Creţan, Remus and Ianăș, Ana-Neli and Satmari, Alina},
  date       = {2009},
  edition    = {2009},
  langid     = {english},
  location   = {Timisoara},
  publisher  = {{UVT}},
  shorttitle = {The Romanian post-socialist city},
  title      = {The {Romanian} post-socialist city: urban renewal and gentrification},
  urldate    = {2020-09-16},
  year       = {2009}
}

@book{wickham_ggplot2_2016,
  author    = {Hadley Wickham},
  isbn      = {978-3-319-24277-4},
  publisher = {Springer-Verlag New York},
  title     = {ggplot2: Elegant Graphics for Data Analysis},
  url       = {https://ggplot2.tidyverse.org},
  year      = {2016}
}


@manual{wickham_readxl_2019,
  author = {Hadley Wickham and Jennifer Bryan},
  note   = {R package version 1.3.1},
  title  = {readxl: Read Excel Files},
  url    = {https://CRAN.R-project.org/package=readxl},
  year   = {2019}
}

@article{wiechmann_pdf_2013,
  author  = {Wiechmann, Thorsten and Wolff, Manuel},
  date    = {2013},
  journal = {{AESOP}-{ACSP} Joint  Congress},
  langid  = {english},
  title   = {Urban Shrinkage in a Spatial Perspective – Operationalization of Shrinking Cities in {Europe} 1990-2010},
  url     = {https://www.researchgate.net/publication/290820418_Urban_Shrinkage_in_a_Spatial_Perspective_-_Operationalization_of_Shrinking_Cities_in_Europe_1990_-2010},
  urldate = {2020-08-20},
  year    = {2013}
}

@article{wiechmann_responding_2015,
  author     = {Wiechmann, Thorsten and Bontje, Marco},
  date       = {2015},
  doi        = {10.1080/09654313.2013.820077},
  issn       = {0965-4313},
  journal    = {European Planning Studies},
  langid     = {english},
  note       = {Publisher: Routledge},
  number     = {1},
  pages      = {1--11},
  rights     = {© 2013 Taylor \& Francis},
  shorttitle = {Responding to Tough Times},
  title      = {Responding to Tough Times: Policy and Planning Strategies in Shrinking Cities},
  url        = {https://www.tandfonline.com/doi/abs/10.1080/09654313.2013.820077},
  urldate    = {2020-08-25},
  volume     = {23},
  year       = {2015}
}

@inproceedings{wiechmann_types_2006,
  address   = {Dresden},
  author    = {Wiechmann, Thorsten},
  booktitle = {International {Symposium} "{Coping} with {City} {Shrinkage} and {Demographic} {Change}–{Lessons} from around the {Globe}"},
  language  = {EN},
  title     = {Types of shrinking cities–{Introductive} {Notes} on a {Global} {Issue}},
  year      = {2006}
}

@article{wiechmann_urban_2013,
  author  = {Wiechmann, Thorsten and Wolff, Manuel},
  date    = {2013},
  journal = {{AESOP} - {ACSP} Joint Congress},
  langid  = {english},
  pages   = {21},
  title   = {Urban Shrinkage in a Spatial Perspective – Operationalization of Shrinking Cities in {Europe} 1990 - 2010},
  year    = {2013}
}

@article{wiechmann_what_2007,
  author  = {Wiechmann, Thorsten},
  date    = {2007},
  journal = {The Future of Shrinking Cities-Problems, Patterns and Strategies of Urban Transformation in a Global Context},
  pages   = {5--16},
  title   = {What are the problems of shrinking cities? Lessons learned from an international comparison},
  url     = {https://www.nature.com/articles/nmeth.4346},
  urldate = {2020-04-10},
  year    = {2007}
}

  @article{wirth_peripheralisation_2016,
  author  = {Wirth, Peter and Elis, Volker and Müller, Bernhard and Yamamoto, Kenji},
  date    = {2016-10-01},
  doi     = {10.1016/j.jrurstud.2016.07.021},
  issn    = {0743-0167},
  issue   = {A},
  journal = {Journal of Rural Studies},
  langid  = {english},
  note    = {Publisher: Pergamon},
  pages   = {62--75},
  title   = {Peripheralisation of small towns in {Germany} and {Japan} – Dealing with economic decline and population loss},
  url     = {https://www.sciencedirect.com/science/article/abs/pii/S0743016716301851},
  urldate = {2020-08-28},
  volume  = {47},
  year    = {2016}
}


@incollection{wolff_indicators_2014,
  author    = {Wolff, Manuel and Wiechmann, Thorsten},
  booktitle = {A Conceptual Framework for Shrinking Cities},
  date      = {2014},
  editor    = {Martinez-Fernandez, Cristina and Fol, Sylvie and Weyman, Tamara},
  langid    = {english},
  publisher = {Researchgate},
  series    = {Cost Action {TU}0803: Cities Re-growing Smaller ({CIRES})},
  title     = {Indicators to measure shrinking cities},
  url       = {https://www.researchgate.net/publication/270339860_Indicators_to_measure_shrinking_cities},
  urldate   = {2020-08-28},
  year      = {2014}
}

@article{wolff_shrinking_2013,
  author     = {Wolff, Manuel and Fol, Sylvie and Roth, Hélène and Cunningham-Sabot, Emmanuèle},
  date       = {2013-12-08},
  doi        = {10.4000/cybergeo.26136},
  issn       = {1278-3366},
  journal    = {Cybergeo : European Journal of Geography},
  langid     = {french},
  note       = {Publisher: {CNRS}-{UMR} Géographie-cités 8504},
  rights     = {La revue Cybergeo est mise à disposition selon les termes de la Licence Creative Commons Attribution - Pas d'Utilisation Commerciale - Pas de Modification 3.0 non transposé.},
  shorttitle = {Shrinking Cities, villes en décroissance},
  title      = {Shrinking Cities, villes en décroissance : une mesure du phénomène en {France}},
  url        = {http://journals.openedition.org/cybergeo/26136},
  urldate    = {2020-08-25},
  year       = {2013}
}

@article{wolff_urban_2017,
  author     = {Wolff, Manuel and Wiechmann, Thorsten},
  date       = {2017-03-19},
  doi        = {10.1177/0969776417694680},
  journal    = {European Urban and Regional Studies},
  langid     = {english},
  note       = {Publisher: {SAGE} {PublicationsSage} {UK}: London, England},
  number     = {2},
  pages      = {122--139},
  rights     = {© The Author(s) 2017},
  shorttitle = {Urban growth and decline},
  title      = {Urban growth and decline: {Europe’s} shrinking cities in a comparative perspective 1990–2010:},
  url        = {https://journals.sagepub.com/doi/abs/10.1177/0969776417694680},
  urldate    = {2020-08-20},
  volume     = {25},
  year       = {2017}
}
