@article{Serfass2013,
  title =	 {A Methodological Note on Ordered {Q-S}ort Ratings},
  journal =	 {{Journal of Research in Personality}},
  volume =	 47,
  number =	 6,
  pages =	 {853--858},
  year =	 2013,
  Adoi =	 {http://dx.doi.org/10.1016/j.jrp.2013.08.013},
  author =	 {David G. Serfass and Ryne A. Sherman}
}

@article{Lipset1963,
  author =	 {Lipset, SM},
  journal =	 {American Sociological Review},
  keywords =	 {Q methodology},
  number =	 4,
  pages =	 {515--531},
  title =	 {The Value Patterns of Democracy: A Case Study in
                  Comparative Analysis},
  volume =	 28,
  year =	 1963
}

@Article{GPArotation2005,
  author =	 {Coen A. Bernaards and Robert I. Jennrich},
  year =	 2005,
  title =	 {Gradient Projection Algorithms and Software for
                  Arbitrary Rotation Criteria in Factor Analysis},
  journal =	 {Educational and Psychological Measurement},
  volume =	 65,
  pages =	 {676--696},
}

@Manual{Psych2014,
  title =	 {psych: Procedures for Psychological, Psychometric,
                  and Personality Research},
  author =	 {William Revelle},
  organization = {{Northwestern University}},
  address =	 {Evanston, Illinois},
  year =	 2014,
  note =	 {R package version 1.4.4},
  url =		 {http://CRAN.R-project.org/package=psych}
}

@Manual{Factominer2014,
  title =	 {{FactoMineR}: Multivariate Exploratory Data Analysis
                  and Data Mining with {R}},
  author =	 {Francois Husson and Julie Josse and Sebastien Le and
                  Jeremy Mazet},
  year =	 2014,
  note =	 {R package version 1.27},
  url =		 {http://CRAN.R-project.org/package=FactoMineR}
}

@misc{Schmolck2012,
  author =	 {Schmolck, Peter},
  title =	 {{PQMethod (version 2.35)}},
  url =		 {http://schmolck.org/qmethod/},
  year =	 2014
}

@misc{Stricklin2004,
  author =	 {Stricklin, Michael and Almeida, Ricardo},
  title =	 {{PCQ (version 1.4.1)}},
  url =		 {http://www.pcqsoft.com/},
  year =	 2004
}

@misc{Epimetrics2010,
  author =	 {{Epimetrics Group, LLC}},
  title =	 {{Q-Assessor}},
  url =		 {http://q-assessor.com/},
  year =	 2010
}

@book{Brown1980,
  address =	 {New Haven and London},
  author =	 {Brown, S R},
  Aisbn =	 0300025793,
  pages =	 355,
  publisher =	 {Yale University Press},
  title =	 {Political Subjectivity: Applications of {Q}
                  Methodology in Political Science},
  url =
                  {http://qmethod.org/papers/Brown-1980-PoliticalSubjectivity.pdf},
  year =	 1980
}

@article{Davies2012,
  author =	 {Davies, Ben B. and Hodge, Ian D.},
  Adoi =	 {10.1016/j.ecolecon.2012.08.013},
  journal =	 {Ecological Economics},
  pages =	 {51--57},
  publisher =	 {Elsevier B.V.},
  title =	 {Shifting Environmental Perspectives in Agriculture:
                  Repeated {Q} Analysis and the Stability of
                  Preference Structures},
  volume =	 83,
  year =	 2012
}

@book{Watts2012,
  address =	 {London},
  author =	 {Watts, Simon and Stenner, Paul},
  Aisbn =	 9781849204156,
  pages =	 {1--248},
  publisher =	 {Sage Publications Ltd},
  title =	 {Doing {Q} Methodological Research: Theory, Method \&
                  Interpretation},
  year =	 2012
}

@article{VanExel2011,
  author =	 {{van Exel}, N J A and de Graaf, G and Rietveld, P},
  Adoi =	 {10.1007/s11116-010-9315-8},
  journal =	 {Transportation},
  pages =	 {383--407},
  title =	 {``{I} can do perfectly well without a car!''},
  volume =	 38,
  year =	 2011
}

@article{Sandbrook2011,
  author =	 {Sandbrook, Chris and Scales, Ivan R and Vira,
                  Bhaskar and Adams, William M},
  Adoi =	 {10.1111/j.1523-1739.2010.01592.x},
  journal =	 {Conservation Biology},
  number =	 2,
  pages =	 {285--94},
  title =	 {Value Plurality Among Conservation Professionals},
  volume =	 25,
  year =	 2011
}

@article{Thompson2001,
  author =	 {Thompson, C and McCaughan, D and Cullum, N and
                  Sheldon, T A and Mulhall, A and Thompson, D R},
  Aissn =	 {0309-2402},
  journal =	 {{Journal of Advanced Nursing}},
  number =	 1,
  pages =	 {11--22},
  title =	 {The accessibility of research-based knowledge for
                  nurses in {United Kingdom} acute care settings},
  volume =	 36,
  year =	 2001
}

@article{Zografos2007,
  author =	 {Zografos, C},
  Adoi =	 {10.1016/j.jrurstud.2006.04.002},
  journal =	 {{Journal of Rural Studies}},
  number =	 1,
  pages =	 {38--51},
  title =	 {Rurality discourses and the role of the social
                  enterprise in regenerating rural {Scotland}},
  volume =	 23,
  year =	 2007
}

@article{Brodt2006,
  author =	 {Brodt, Sonja and Klonsky, Karen and Tourte, Laura},
  Adoi =	 {10.1016/j.agsy.2005.08.005},
  journal =	 {Agricultural Systems},
  number =	 1,
  pages =	 {90--105},
  publisher =	 {Elsevier},
  title =	 {Farmer goals and management styles: Implications for
                  advancing biologically based agriculture},
  volume =	 89,
  year =	 2006
}

@article{Barry1999,
  author =	 {Barry, J and Proops, J.},
  Adoi =	 {10.1016/S0921-8009(98)00053-6},
  journal =	 {{Ecological Economics}},
  number =	 3,
  pages =	 {337--345},
  publisher =	 {Elsevier},
  title =	 {Seeking sustainability discourses with {Q}
                  methodology},
  volume =	 28,
  year =	 1999
}

@article{PetitditDariel2013,
  author =	 {{Petit dit Dariel}, Odessa and Wharrad, Heather and
                  Windle, Richard},
  Adoi =	 {10.1111/j.1365-2648.2012.06120.x},
  journal =	 {{Journal of Advanced Nursing}},
  number =	 6,
  pages =	 {1289--1300},
  title =	 {Exploring the underlying factors influencing
                  e-learning adoption in nurse education},
  volume =	 69,
  year =	 2013
}

@article{Watts2005,
  author =	 {Watts, Simon and Stenner, Paul},
  Adoi =	 {10.1348/014466604X23473},
  journal =	 {The British Journal of Social Psychology},
  number =	 {Pt 1},
  pages =	 {85--107},
  title =	 {The subjective experience of partnership love: A {Q}
                  Methodological study},
  volume =	 44,
  year =	 2005
}

@article{Davis1999,
  author =	 {Davis, T C},
  Adoi =	 {10.1111/0162-895X.00136},
  journal =	 {Political Psychology},
  number =	 1,
  pages =	 {25--47},
  title =	 {Revisiting group attachment: Ethnic and national
                  identity},
  volume =	 20,
  year =	 1999
}

@book{VanExel2005,
  author =	 {{van Exel}, N J A and de Graaf, G.},
  title =	 {{Q} Methodology: A Sneak Preview},
  url =		 {http://qmethod.org/articles/vanExel.pdf},
  year =	 2005
}

@book{McKeown1988,
  address =	 {London},
  author =	 {McKeown, B and Thomas, D},
  Aisbn =	 9781452242194,
  pages =	 {1--120},
  publisher =	 {Sage Publications},
  title =	 {{Q-Methodology}},
  year =	 2013
}

@incollection{Willig2008,
  address =	 {London},
  author =	 {Stenner, Paul and Watts, Simon and Worrell, Marcia},
  booktitle =	 {The {SAGE} Handbook of Qualitative Research in
                  Psychology},
  chapter =	 13,
  editor =	 {Willig, Carla and Stainton-Rogers, Wendy},
  Aisbn =	 9781412907804,
  pages =	 {215--239},
  publisher =	 {Sage Publications},
  title =	 {{Q Methodology}},
  year =	 2008
}

@article{Stephenson1935,
  author =	 {Stephenson, W},
  Adoi =	 {10.1038/136297b0},
  journal =	 {Nature},
  pages =	 297,
  title =	 {Technique of factor analysis},
  volume =	 136,
  year =	 1935
}

@book{Stephenson1953,
  address =	 {Chicago},
  author =	 {Stephenson, William},
  publisher =	 {University of Chicago Press},
  title =	 {The Study of Behavior; {Q}-Technique and its
                  Methodology},
  year =	 1953
}

@book{Stephenson1970,
  address =	 {Columbia},
  author =	 {Stephenson, William},
  publisher =	 {University of Missouri},
  title =	 {The Value Patterns of Democracy},
  year =	 1970
}

@article{Ramlo2011,
  author =	 {Ramlo, Susan E},
  journal =	 {Operant Subjectivity},
  number =	 3,
  title =	 {{Q} Methodology and Its Position in the
                  Mixed-Methods Continuum},
  volume =	 34,
  year =	 2011
}

@Manual{qmethod,
  title =	 {{qmethod}: An R Package to Analyse Q Method Data},
  author =	 {Aiora Zabala},
  organization = {University of Cambridge},
  address =	 {Cambridge, UK},
  note =	 {R package version 1.2.4},
  year =	 {2014},
  url =		 {http://CRAN.R-project.org/package=qmethod},
}

