@Manual{Azevedo2022,
    title       = {ExpImage: Tool For Analysis of Images in Experiments},
    author      = {Alcinei Mistico Azevedo },
    year        = {2022},
    note        = {R package version 0.6.0},
    url         = {https://cran.r-project.org/web/packages/ExpImage},
  }
@inproceedings{Baatz2000,
  title        = {{Multiresolution Segmentation: An Optimization Approach for High Quality Multi-Scale Image Segmentation}},
  author       = {Baatz, M. and Schape, A.},
  year         = 2000,
  booktitle    = {Proceedings of Angewandte Geographische Informationsverarbeitung, XII},
  publisher    = {Herbert Wichmann Verlag},
  address      = {Salzburg},
  pages        = {12--23},
  editor       = {Strobl, J. and Blaschke, T. and Griesbner, G.}
}
@article{Beucher1992,
  title={The watershed transformation applied to image segmentation},
  author={Beucher, Serge},
  journal={Scanning microscopy},
  volume={1992},
  number={6},
  pages={28},
  year={1992}
}

@article{Carleer2005,
  title        = {{Assessment of Very High Spatial Resolution Satellite Image Segmentations}},
  author       = {Carleer, A.P. and Debeir, O. and Wolff, E.},
  year         = 2005,
  journal      = {{Photogrammetric Engineering \& Remote Sensing}},
  volume       = 71,
  number       = 11,
  pages        = {1285--1294},
  issn         = {0099-1112},
  url          = {https://doi.org/10.14358/PERS.71.11.1285}
}
@article{Clinton2010,
  title        = {{Accuracy Assessment Measures for Object-based Image Segmentation Goodness}},
  author       = {Clinton, Nicholas and Holt, Ashley and Scarborough, James and Yan, Li and Gong, Peng},
  year         = 2010,
  journal      = {{Photogrammetric Engineering \& Remote Sensing}},
  volume       = 76,
  number       = 3,
  pages        = {289--299},
  issn         = {0099-1112},
  url          = {https://doi.org/10.14358/PERS.76.3.289}
}
@inbook{Costa2008,
  title        = {{Genetic adaptation of segmentation parameters}},
  author       = {Costa, G.A.O.P. and Feitosa, R.Q. and Cazes, T.B. and Feij{\'o}, B.},
  year         = 2008,
  booktitle    = {{Object-Based Image Analysis: Spatial Concepts for Knowledge-Driven Remote Sensing Applications}},
  publisher    = {Springer Berlin Heidelberg},
  address      = {Berlin, Heidelberg},
  pages        = {679--695},
  isbn         = {978-3-540-77058-9},
  url          = {https://doi.org/10.1007/978-3-540-77058-9_37}
}
@article{Costa2018,
  title        = {Supervised methods of image segmentation accuracy assessment in land cover mapping},
  author       = {Costa, Hugo and Foody, Giles M. and Boyd, Doreen S.},
  year         = 2018,
  journal      = {Remote Sensing of Environment},
  volume       = 205,
  pages        = {338--351},
  issn         = {0034-4257},
  url          = {https://doi.org/10.1016/j.rse.2017.11.024}
}
@article{Dice1945,
author        = {Dice, Lee R.},
title         = {{Measures of the Amount of Ecologic Association Between Species}},
journal       = {Ecology},
volume        = {26},
number        = {3},
pages         = {297-302},
url           = {https://doi.org/10.2307/1932409},
year          = {1945}
}
@article{Douglas1973,
  title        = {{Algorithms for the reduction of the number of points required to represent a digitized line or its caricature}},
  author       = {Douglas, David H and Peucker, Thomas K},
  year         = 1973,
  month        = {dec},
  journal      = {Cartographica: The International Journal for Geographic Information and Geovisualization},
  volume       = 10,
  number       = 2,
  pages        = {112--122},
  issn         = {0317-7173},
  url          = {https://doi.org/10.3138/FM57-6770-U75U-7727}
}
@inproceedings{Feitosa2010,
  title        = {Similarity metrics for genetic adaptation of segmentation parameters},
  author       = {Feitosa, RQ and Ferreira, RS and Almeida, CM and Camargo, FF and Costa, GAOP},
  year         = 2010,
  booktitle    = {{3rd International Conference on Geographic Object-Based Image Analysis (GEOBIA 2010)}},
  address      = {Ghent},
  volume       = 29,
  organization = {{The International Archives of the Photogrammetry, Remote Sensing and Spatial Information Sciences}}
}

@article{Fukushima1980,
  title={Neocognitron: A self-organizing neural network model for a mechanism of pattern recognition unaffected by shift in position},
  author={Fukushima, Kunihiko},
  journal={Biological cybernetics},
  volume={36},
  number={4},
  pages={193--202},
  year={1980},
  publisher={Springer}
}
@article{Hossain2019,
  title        = {Segmentation for Object-Based Image Analysis (OBIA): A review of algorithms and challenges from remote sensing perspective},
  author       = {Mohammad D. Hossain and Dongmei Chen},
  year         = 2019,
  journal      = {ISPRS Journal of Photogrammetry and Remote Sensing},
  volume       = 150,
  pages        = {115--134},
  issn         = {0924-2716},
  url          = {https://doi.org/https://doi.org/10.1016/j.isprsjprs.2019.02.009}
}

@techreport{ISO2004,
  title        = {{Geographic information - Simple feature access - Part 1: Common architecture}},
  author       = {{ISO 19125-1}},
  year         = {2004},
  url          = {https://www.iso.org/standard/40114.html},
  pages        = {42},
  institution  = {{International Standard Organization}}
}

@article{Jaccard1901,
  title        = {{{\'E}tude comparative de la distribution florale dans une portion des Alpes et des Jura}},
  author       = {Jaccard, Paul},
  year         = 1901,
  journal      = {Bulletin de la Soci{\'e}t{\'e} vaudoise des sciences naturelles},
  volume       = 37,
  number       = 142,
  pages        = {547--579}
}
@article{Jaccard1912,
  title        = {{The Distribution of the Flora in the Alpine Zone}},
  author       = {Jaccard, Paul},
  year         = 1912,
  month        = {feb},
  journal      = {New Phytologist},
  volume       = 11,
  number       = 2,
  pages        = {37--50},
  issn         = {0028-646X},
  url          = {https://doi.org/10.1111/j.1469-8137.1912.tb05611.x}
}
@article{Janssen1995,
  title        = {{Terrain objects, their dynamics and their monitoring by the integration of GIS and remote sensing}},
  author       = {Janssen, L.L.F. and Molenaar, M.},
  year         = 1995,
  journal      = {IEEE Transactions on Geoscience and Remote Sensing},
  volume       = 33,
  number       = 3,
  pages        = {749--758},
  url          = {https://doi.org/10.1109/36.387590}
}
@article{Jozdani2020,
  title        = {{On the versatility of popular and recently proposed supervised evaluation metrics for segmentation quality of remotely sensed images: An experimental case study of building extraction}},
  author       = {Jozdani, Shahab and Chen, Dongmei},
  year         = 2020,
  month        = {feb},
  journal      = {ISPRS Journal of Photogrammetry and Remote Sensing},
  publisher    = {Elsevier},
  volume       = 160,
  number       = {November 2019},
  pages        = {275--290},
  issn         = {09242716},
  url          = {https://doi.org/10.1016/j.isprsjprs.2020.01.002}
}
@article{Kotaridis2021,
  title        = {{Remote sensing image segmentation advances: A meta-analysis}},
  author       = {Kotaridis, Ioannis and Lazaridou, Maria},
  year         = 2021,
  month        = {mar},
  journal      = {ISPRS Journal of Photogrammetry and Remote Sensing},
  volume       = 173,
  pages        = {309--322},
  issn         = {09242716},
  url          = {https://doi.org/10.1016/j.isprsjprs.2021.01.020}
}
@book{Levine1982,
  title        = {{An experimental rule based for testing low level segmentation strategies}},
  author       = {Levine, Martin D. and Nazif, Ahmed M.},
  year         = 1982,
  booktitle    = {{Multicomputers and Image Processing: Algorithms and Programs}},
  publisher    = {Academic Press},
  address      = {New York},
  page         = {149--160},
  editors      = {Preston, K. and Uhr, L.}
}
@article{Lucieer2002,
  title        = {Existential uncertainty of spatial objects segmented from satellite sensor imagery},
  author       = {Lucieer, A. and Stein, A.},
  year         = 2002,
  journal      = {IEEE Transactions on Geoscience and Remote Sensing},
  volume       = 40,
  number       = 11,
  pages        = {2518--2521},
  url          = {https://doi.org/10.1109/TGRS.2002.805072}
}
@article{Moller2007,
  title        = {The comparison index: A tool for assessing the accuracy of image segmentation},
  author       = {M. Moller and L. Lymburner and M. Volk},
  year         = 2007,
  journal      = {International Journal of Applied Earth Observation and Geoinformation},
  volume       = 9,
  number       = 3,
  pages        = {311--321},
  issn         = {0303-2434},
  url          = {https://doi.org/doi.org/10.1016/j.jag.2006.10.002}
}
@Manual{Mouselimis2022,
  title        = {{SuperpixelImageSegmentation}: Image Segmentation using Superpixels, Affinity Propagation and Kmeans Clustering},
  author       = {Lampros Mouselimis},
  year         = {2022},
  note         = {R package version 1.0.5},
  url          =
    {https://CRAN.R-project.org/package=SuperpixelImageSegmentation},
}

@Manual{Mouselimis2022b,
  title        = {{OpenImageR}: An Image Processing Toolkit},
  author       = {Lampros Mouselimis},
  year         = {2022},
  note         = {R package version 1.2.7},
  url          = {https://CRAN.R-project.org/package=OpenImageR},
}
@article{Niedballa2022,
author = {Niedballa, Jürgen and Axtner, Jan and Döbert, Timm Fabian and Tilker, Andrew and Nguyen, An and Wong, Seth T. and Fiderer, Christian and Heurich, Marco and Wilting, Andreas},
title = {imageseg: An R package for deep learning-based image segmentation},
journal = {Methods in Ecology and Evolution},
volume = {13},
number = {11},
pages = {2363-2371},
url = {https://doi.org/10.1111/2041-210X.13984},
year = {2022}
}
@techreport{OGC2011,
  title        = {{Simple Feature Access-Part 1: Common Architecture}},
  author       = {{OGC}},
  year         = {2011},
  url          = {http://www.opengeospatial.org/standards/sfa},
  pages        = {93},
  institution  = {{Open Geospatial Consortium}}
}
@article{Oldoni2020,
  title        = {{LEM+ dataset: For agricultural remote sensing applications}},
  author       = {Lucas Volochen Oldoni and Ieda Del'Arco Sanches and Michelle Cristina A. Picoli and Renan Moreira Covre and José Guilherme Fronza},
  year         = 2020,
  journal      = {Data in Brief},
  volume       = 33,
  pages        = 106553,
  issn         = {2352-3409},
  url          = {https://doi.org/10.1016/j.dib.2020.106553}
}

@article{Pebesma2018,
  author        = {Edzer Pebesma},
  title         = {{Simple Features for R: Standardized Support for Spatial Vector Data}},
  year          = {2018},
  journal       = {{The R Journal}},
  url           = {https://doi.org/10.32614/RJ-2018-009},
  pages         = {439--446},
  volume        = {10},
  number        = {1}
}

@article{Persello2010,
  title        = {A Novel Protocol for Accuracy Assessment in Classification of Very High Resolution Images},
  author       = {Persello, Claudio and Bruzzone, Lorenzo},
  year         = 2010,
  journal      = {IEEE Transactions on Geoscience and Remote Sensing},
  volume       = 48,
  number       = 3,
  pages        = {1232--1244},
  url          = {https://doi.org/10.1109/TGRS.2009.2029570}
}
@misc{Planet2017,
  title        = {{Planet Application Program Interface: In Space for Life on Earth}},
  author       = {{Planet Team}},
  year         = 2017,
  address      = {San Francisco, CA},
  url          = {https://api.planet.com}
}

@article{Rasanen2013,
  title        = {{What makes segmentation good? A case study in boreal forest habitat mapping}},
  author       = {Aleksi R\"{a}s\"{a}nen and Antti Rusanen and Markku Kuitunen and Anssi Lensu},
  year         = 2013,
  journal      = {International Journal of Remote Sensing},
  publisher    = {Taylor & Francis},
  volume       = 34,
  number       = 23,
  pages        = {8603--8627},
  url          = {https://doi.org/10.1080/01431161.2013.845318}
}
@inproceedings{Rezatofighi2019,
  title        = {{Generalized intersection over union: A metric and a loss for bounding box regression}},
  author       = {Rezatofighi, Hamid and Tsoi, Nathan and Gwak, JunYoung and Sadeghian, Amir and Reid, Ian and Savarese, Silvio},
  year         = 2019,
  booktitle    = {Proceedings of the IEEE/CVF conference on computer vision and pattern recognition},
  pages        = {658--666},
  url          = {https://doi.org/10.1109/CVPR.2019.00075}
}

@InProceedings{Ronneberger2015,
author="Ronneberger, Olaf and Fischer, Philipp and Brox, Thomas",
editor="Navab, Nassir and Hornegger, Joachim and Wells, William M. and Frangi, Alejandro F.",
title="U-Net: Convolutional Networks for Biomedical Image Segmentation",
booktitle="Medical Image Computing and Computer-Assisted Intervention -- MICCAI 2015",
year="2015",
publisher="Springer International Publishing",
pages="234--241",
}

@inbook{VanCoillie2008,
  title        = {Semi-automated forest stand delineation using wavelet based segmentation of very high resolution optical imagery},
  author       = {Van Coillie, F.M.B. and Verbeke, L.P.C. and De Wulf, R.R.},
  year         = 2008,
  booktitle    = {{Object-Based Image Analysis: Spatial Concepts for Knowledge-Driven Remote Sensing Applications}},
  publisher    = {Springer Berlin Heidelberg},
  address      = {Berlin, Heidelberg},
  pages        = {237--256},
  isbn         = {978-3-540-77058-9},
  url          = {https://doi.org/10.1007/978-3-540-77058-9_13}
}
@book{vanRijsbergen1979,
  title        = {Information Retrieval},
  author       = {van Rijsbergen, CJ},
  year         = 1979,
  publisher    = {Butterworths},
  edition      = {2nd}
}
@inproceedings{Weidner2008,
  title        = {Contribution to the assessment of segmentation quality for remote sensing applications},
  author       = {Weidner, Uwe},
  year         = 2008,
  booktitle    = {XXI International Society for Photogrammetry and Remote Sensing Congress (XXI ISPRS 2008)},
  address      = {Beijing},
  pages        = {479--484},
  organization = {International Society for Photogrammetry and Remote Sensing}
}
@Manual{Wijffels2020,
  title = {image.Otsu: Otsu's Image Segmentation Method},
  author = {Jan Wijffels},
  year = {2020},
  note = {R package version 0.1},
  url = {https://CRAN.R-project.org/package=image.Otsu},
}
@article{Yang2015,
  title        = {A discrepancy measure for segmentation evaluation from the perspective of object recognition},
  author       = {Jian Yang and Yuhong He and John Caspersen and Trevor Jones},
  year         = 2015,
  journal      = {ISPRS Journal of Photogrammetry and Remote Sensing},
  volume       = 101,
  pages        = {186--192},
  issn         = {0924-2716},
  url          = {https://doi.org/10.1016/j.isprsjprs.2014.12.015}
}
@article{Yang2014,
  title        = {{A multi-band approach to unsupervised scale parameter selection for multi-scale image segmentation}},
  author       = {Jian Yang and Peijun Li and Yuhong He},
  year         = 2014,
  journal      = {ISPRS Journal of Photogrammetry and Remote Sensing},
  volume       = 94,
  pages        = {13--24},
  issn         = {0924-2716},
  url          = {https://doi.org/10.1016/j.isprsjprs.2014.04.008}
}
@article{Yang2017,
  author       = {Yang, Jian and He, Yuhong and Caspersen, John P. and Jones, Trevor A.},
  journal      = {IEEE Journal of Selected Topics in Applied Earth Observations and Remote Sensing}, 
  title        = {{Delineating Individual Tree Crowns in an Uneven-Aged, Mixed Broadleaf Forest Using Multispectral Watershed Segmentation and Multiscale Fitting}}, 
  year        = {2017},
  volume      = {10},
  number      = {4},
  pages       = {1390-1401},
  url         = {https://doi.org/10.1109/JSTARS.2016.2638822}
  }
@article{Zhan2005,
author        = {Qingming   Zhan  and  Martien   Molenaar  and  Klaus Tempfli  and  Wenzhong   Shi},
title         = {{Quality assessment for geo‐spatial objects derived from remotely sensed data}},
journal       = {International Journal of Remote Sensing},
volume        = {26},
number        = {14},
pages         = {2953-2974},
year          = {2005},
publisher     = {Taylor & Francis},
url           = {https://doi.org/10.1080/01431160500057764},
}
@article{Zhang2008,
author        = {Hui Zhang and Jason E. Fritts and Sally A. Goldman},
title         = {{Image segmentation evaluation: A survey of unsupervised methods}},
journal       = {Computer Vision and Image Understanding},
volume        = {110},
number        = {2},
pages         = {260-280},
year          = {2008},
url           = {https://doi.org/10.1016/j.cviu.2007.08.003},
}
@article{Zhang2015,
  title        = {Segmentation quality evaluation using region-based precision and recall measures for remote sensing images},
  author       = {Xueliang Zhang and Xuezhi Feng and Pengfeng Xiao and Guangjun He and Liujun Zhu},
  year         = 2015,
  journal      = {ISPRS Journal of Photogrammetry and Remote Sensing},
  volume       = 102,
  pages        = {73--84},
  issn         = {0924-2716},
  url          = {https://doi.org/10.1016/j.isprsjprs.2015.01.009}
}

