@book{acemoglu:colonial,
author = {D.~{Acemoglu, S.~Johnson, and J.~A. Robinson}},
title = {{The colonial origins of comparative development: An empirical investigation}},
publisher = {American Economic Review 91 (5):},
pages = {1369--1401},
year = {2001}
}
@book{AngristBook,
author = {J.~D. {Angrist and J.-S. Pischke}},
title = {{Mostly Harmless Econometrics: An Empiricist's Companion}},
publisher = {Princeton University Press},
year = {2008}
}
@book{BarroLee1994,
author = {R.~J. {Barro and J.-W. Lee}},
title = {{Data set for a panel of 139 countries}},
publisher = {NBER},
year = {1994},
url = {http://www.nber.org/pub/barro.lee.html}
}
@book{BC-PostLASSO,
author = {A.~{Belloni and V.~Chernozhukov}},
title = {{Least squares after model selection in high-dimensional sparse models}},
publisher = {Bernoulli 19 (2):   ArXiv 2009},
pages = {521--547},
year = {2013}
}
@book{BCH2011:InferenceGauss,
author = {A.~{Belloni, V.~Chernozhukov, and C.~Hansen}},
title = {{Inference for high-dimensional sparse econometric models}},
publisher = {Advances in Economics and Econometrics 10th World Congress ofEconometric Society August  III:   ArXiv 2011},
pages = {245--295},
year = {2010}
}
@book{BCCH12,
author = {A.~{Belloni, D.~Chen, V.~Chernozhukov, and C.~Hansen}},
title = {{Sparse models and methods for optimal instruments with an application to eminent domain}},
publisher = {Econometrica 80:   Arxiv 2010},
pages = {2369--2429},
year = {2012}
}
@book{BCFH:Policy,
author = {A.~{Belloni, V.~Chernozhukov, I.~Fern\'andez-Val, and C.~Hansen}},
title = {{Program evaluation with high-dimensional data}},
publisher = {arXiv:1311.2645  ArXiv},
year = {2013}
}
@book{BelloniChernozhukovHansen2011,
author = {A.~{Belloni, V.~Chernozhukov, and C.~Hansen}},
title = {{Inference on treatment effects after selection amongst high-dimensional controls}},
publisher = {Review of Economic Studies 81: ,natexlaba ArXiv 2011},
pages = {608--650},
year = {2014}
}
@book{BCK2014,
author = {A.~{Belloni, V.~Chernozhukov, and K.~Kato}},
title = {{Uniform post-selection inference for least absolute deviation regression and other z-estimation problems}},
publisher = {Biometrika natexlabb doi10.1093/biomet/asu056},
year = {2014}
}
@book{BLP,
author = {S.~{Berry, J.~Levinsohn, and A.~Pakes}},
title = {{Automobile prices in market equilibrium}},
publisher = {Econometrica 63:},
pages = {841--890},
year = {1995}
}
@book{chen:sethi,
author = {D.~L. {Chen and J.~Sethi}},
title = {{Does forbidding sexual harassment exacerbate gender inequality}},
publisher = {unpublished manuscript},
year = {2010}
}
@book{CH401k,
author = {V.~{Chernozhukov and C.~Hansen}},
title = {{The impact of 401(k) participation on the wealth distribution: An instrumental quantile regression analysis}},
publisher = {Review of Economics and Statistics 86 (3):},
pages = {735--751},
year = {2004}
}
@book{CCK:AOS13,
author = {V.~{{Chernozhukov}, D.~{Chetverikov}, and K.~{Kato}}},
title = {{Gaussian approximations and multiplier bootstrap for maxima of sums of high-dimensional random vectors}},
publisher = {Annals of Statistics 41:},
pages = {2786--2819},
year = {2013}
}
@book{CHS2015,
author = {V.~{Chernozhukov, C.~Hansen, and M.~Spindler}},
title = {{Valid post-selection and post-regularization inference: An elementary, general approach}},
publisher = {Annual Review of Economics 7 (1): ,natexlaba doi10.1146/annurev-economics-012315-015826},
pages = {649--688},
year = {2015}
}
@book{CHS:ManyIVNote,
author = {V.~{Chernozhukov, C.~Hansen, and M.~Spindler}},
title = {{Valid post-selection and post-regularization inference in linear models with many controls and instruments}},
publisher = {American Economic Review: Papers and Proceedings,natexlabb},
year = {2015}
}
@book{GLMNet,
author = {J.~{Friedman, T.~Hastie, and R.~Tibshirani}},
title = {{Regularization paths for generalized linear models via coordinate descent}},
publisher = {Journal of Statistical Software 33 (1):},
pages = {1--22},
year = {2010}
}
@book{Fu1998,
author = {W.~J. {Fu}},
title = {{Penalized regressions: The bridge versus the lasso}},
publisher = {Journal of Computational and Graphical Statistics 7(3):   doi10.1080/10618600..10474784},
pages = {397--416},
year = {1998}
}
@book{larspackage,
author = {T.~{Hastie and B.~Efron}},
title = {{lars: Least Angle Regression, Lasso and Forward Stagewise, }},
publisher = {R package version 1.2},
year = {2013},
url = {https://CRAN.R-project.org/package=lars}
}
@book{ImbensRubin,
author = {G.~W. {Imbens and D.~B. Rubin}},
title = {{Causal Inference for Statistics, Social, and Biomedical Sciences: An Introduction}},
publisher = {Cambridge University Press New York NY USA    9780521885881},
year = {2015},
isbn = {0521885884}
}

