@Article{anderson2001new,
  title = {A New Method for Non-Parametric Multivariate Analysis of Variance},
  author = {Marti J Anderson},
  journal = {Austral Ecology},
  volume = {26},
  number = {1},
  pages = {32--46},
  year = {2001},
  publisher = {John Wiley \& Sons},
}

@Article{bathke2016using,
  title = {{Testing Mean Differences Among Groups: Multivariate and Repeated Measures Analysis with Minimal Assumptions}},
  author = {Arne C Bathke and Sarah Friedrich and Frank Konietschke and Markus Pauly and Wolfgang Staffen and Nicolas Strobl and Yvonne Höller},
  journal = {Multivariate Behavioral Research},
  year = {2018},
  url = {https://doi.org/10.1080/00273171.2018.1446320},
}

@Article{brunner:2001,
  title = {Asymptotic and Approximate Analysis of Repeated Measures Designs under Heteroscedasticity},
  author = {Edgar Brunner},
  journal = {Mathematical Statistics with Applications in Biometry},
  year = {2001},
  publisher = {Josef Eul Verlag, Lohmar},
}

@Article{BrDeMu:1997,
  title = {Box-Type Approximations in Nonparametric Factorial Designs},
  author = {Edgar Brunner and Holger Dette and Axel Munk},
  journal = {Journal of the American Statistical Association},
  volume = {92},
  number = {440},
  pages = {1494--1502},
  year = {1997},
  publisher = {Taylor \& Francis},
}

@Book{BrunnerDomhofLanger2002,
  author = {E. Brunner and S. Domhof and F. Langer},
  title = { Nonparametric Analysis of Longitudinal Data in Factorial Experiments.},
  publisher = {John Wiley \& Sons},
  year = {2002},
  address = {New York, USA},
}

@Article{christensen1997comparison,
  title = {{A Comparison of Type I Error Rates and Power Levels for Seven Solutions to the Multivariate Behrens-Fisher Problem}},
  author = {William F Christensen and Alvin C Rencher},
  journal = {Communications in Statistics - Simulation and Computation},
  volume = {26},
  number = {4},
  pages = {1251--1273},
  year = {1997},
  publisher = {Taylor \& Francis},
}

@Article{Chung:2013,
  title = {Exact and Asymptotically Robust Permutation Tests},
  author = {EunYi Chung and Joseph P Romano},
  journal = {The Annals of Statistics},
  volume = {41},
  number = {2},
  pages = {484--507},
  year = {2013},
  publisher = {Institute of Mathematical Statistics},
}

@Book{Davis,
  title = {Statistical Methods for the Analysis of Repeated Measurements},
  author = {Charles S Davis},
  year = {2002},
  publisher = {Springer-Verlag},
}

@Book{Fox,
  title = {An R Companion to Applied Regression},
  edition = {2nd},
  author = {John Fox and Sanford Weisberg},
  year = {2011},
  publisher = {Sage},
  address = {Thousand Oaks {CA}},
  url = {http://socserv.socsci.mcmaster.ca/jfox/Books/Companion},
}

@Article{friedrich2017permuting,
  title = {Permuting Longitudinal Data in Spite of the Dependencies},
  author = {Sarah Friedrich and Edgar Brunner and Markus Pauly},
  journal = {Journal of Multivariate Analysis},
  volume = {153},
  pages = {255--265},
  year = {2017},
  publisher = {Elsevier},
}

@Article{friedrichGFD,
  title = {GFD: An R Package for the Analysis of General Factorial Designs},
  author = {Sarah Friedrich and Frank Konietschke and Markus Pauly},
  journal = {Journal of Statistical Software, Code Snippets},
  year = {2017},
  volume = {79},
  number = {1},
  pages = {1--18},
  url = {https://doi.org/10.18637/jss.v079.c01},
}

@Article{friedrichMATS,
  title = {{MATS}: Inference for Potentially Singular and Heteroscedastic {MANOVA}},
  author = {Sarah Friedrich and Markus Pauly},
  journal = {Journal of Multivariate Analysis},
  year = {2018},
  volume = {165},
  pages = {166--179},
}

@Article{harrar2012modified,
  title = {A Modified Two-Factor Multivariate Analysis of Variance: Asymptotics and Small Sample Approximations},
  author = {Solomon W Harrar and Arne C Bathke},
  journal = {Annals of the Institute of Statistical Mathematics},
  volume = {64},
  number = {1},
  pages = {135--165},
  year = {2012},
  publisher = {Springer-Verlag},
}

@Manual{HSAUR,
  title = {HSAUR: A Handbook of Statistical Analyses Using R (1st Edition)},
  author = {Brian S. Everitt and Torsten Hothorn},
  year = {2017},
  note = {R package version 1.3-9},
  url = {https://CRAN.R-project.org/package=HSAUR},
}

@Article{Huang,
  title = {To Permute or Not to Permute},
  author = {Yifan Huang and Haiyan Xu and Violeta Calian and Jason C Hsu},
  journal = {Bioinformatics},
  volume = {22},
  number = {18},
  pages = {2244--2248},
  year = {2006},
  publisher = {Oxford Univ Press},
}

@Article{Hothorn,
  title = {Simultaneous Inference in General Parametric Models},
  author = {Torsten Hothorn and Frank Bretz and Peter Westfall},
  journal = {Biometrical Journal},
  volume = {50},
  number = {3},
  pages = {346--363},
  year = {2008},
}

@Book{johnson,
  title = {Applied Multivariate Statistical Analysis},
  author = {Richard Arnold Johnson and Dean W Wichern},
  year = {2007},
  publisher = {Prentice Hall},
}

@Article{Kon:2015,
  author = {F. Konietschke and A. C. Bathke and S. W. Harrar and M. Pauly},
  title = {Parametric and Nonparametric Bootstrap Methods for General {MANOVA}},
  journal = {Journal of Multivariate Analysis},
  year = {2015},
  volume = {140},
  pages = {291--301},
}

@Article{krishnamoorthy2004modified,
  title = {{Modified Nel and Van Der Merwe Test for the Multivariate Behrens--Fisher Problem}},
  author = {K Krishnamoorthy and Jianqi Yu},
  journal = {Statistics \& Probability Letters},
  volume = {66},
  number = {2},
  pages = {161--169},
  year = {2004},
  publisher = {Elsevier},
}

@Manual{MANOVA.RM,
  title = {MANOVA.RM: Resampling-Based Analysis of Multivariate Data and Repeated Measures Designs},
  author = {Sarah Friedrich and Frank Konietschke and Markus Pauly},
  year = {2019},
  note = {R package version 0.4.1},
  url = {http://github.com/smn74/MANOVA.RM},
}

@Article{multcomp,
  title = {Simultaneous Inference in General Parametric Models},
  author = {Torsten Hothorn and Frank Bretz and Peter Westfall},
  journal = {Biometrical Journal},
  year = {2008},
  volume = {50},
  number = {3},
  pages = {346--363},
}

@Article{nparLD,
  title = {nparLD: An R Software Package for the Nonparametric Analysis of Longitudinal Data in Factorial Experiments},
  author = {Kimihiro Noguchi and Yulia R. Gel and Edgar Brunner and Frank Konietschke},
  journal = {Journal of Statistical Software},
  year = {2012},
  volume = {50},
  number = {12},
  pages = {1--23},
  url = {http://www.jstatsoft.org/v50/i12/},
}

@Article{nel1986solution,
  title = {{A Solution to the Multivariate Behrens-Fisher Problem}},
  author = {DG Nel and CA {Van der Merwe}},
  journal = {Communications in Statistics-Theory and Methods},
  volume = {15},
  number = {12},
  pages = {3719--3735},
  year = {1986},
  publisher = {Taylor \& Francis},
}

@Article{yanagihara2005three,
  title = {{Three Approximate Solutions to the Multivariate Behrens--Fisher Problem}},
  author = {Hirokazu Yanagihara and Ke-Hai Yuan},
  journal = {Communications in Statistics - Simulation and Computation},
  volume = {34},
  number = {4},
  pages = {975--988},
  year = {2005},
  publisher = {Taylor \& Francis},
}

@Article{yao1965approximate,
  title = {{An Approximate Degrees of Freedom Solution to the Multivariate Behrens--Fisher Problem}},
  author = {Ying Yao},
  journal = {Biometrika},
  volume = {52},
  number = {1/2},
  pages = {139--147},
  year = {1965},
  publisher = {JSTOR},
}

@Article{RGtk2,
  title = {{RGtk2}: A Graphical User Interface Toolkit for {R}},
  author = {Michael Lawrence and Duncan {Temple Lang}},
  journal = {Journal of Statistical Software},
  year = {2010},
  volume = {37},
  number = {8},
  pages = {1--52},
  url = {http://www.jstatsoft.org/v37/i08/},
}

@Article{plotrix,
  year = {2006},
  title = {Plotrix: a Package in the Red Light District of R},
  journal = {R-News},
  volume = {6},
  number = {4},
  pages = {8-12},
  author = {J Lemon},
}

@Article{npmv,
  title = {Nonparametric Inference for Multivariate Data: The {R} Package {npmv}},
  author = {Woodrow W. Burchett and Amanda R. Ellis and Solomon W. Harrar and Arne C. Bathke},
  journal = {Journal of Statistical Software},
  year = {2017},
  volume = {76},
  number = {4},
  pages = {1--18},
  url = {https://doi.org/10.18637/jss.v076.i04},
}

@Manual{SCGLR,
  title = {SCGLR: Supervised Component Generalized Linear Regression},
  author = {Guillaume Cornu and Frederic Mortier and Catherine Trottier and Xavier Bry},
  year = {2018},
  note = {R package version 3.0},
  url = {https://CRAN.R-project.org/package=SCGLR},
}

@Article{vallejo2001effects,
  title = {Effects of Covariance Heterogeneity on Three Procedures for Analyzing Multivariate Repeated Measures Designs},
  author = {Guillermo Vallejo and Angel Fidalgo and Paula Fernandez},
  journal = {Multivariate Behavioral Research},
  volume = {36},
  number = {1},
  pages = {01--27},
  year = {2001},
  publisher = {Taylor \& Francis},
}

@Article{vallejo2007comparative,
  title = {Comparative Robustness of Recent Methods for Analyzing Multivariate Repeated Measures Designs},
  author = {Guillermo {Vallejo Seco} and Jaime Arnau Gras and Manuel {Ato García}},
  journal = {Educational and Psychological Measurement},
  volume = {67},
  number = {3},
  pages = {410--432},
  year = {2007},
  publisher = {Sage Publications Sage CA: Los Angeles, CA},
}

@Article{lix2004multivariate,
  title = {Multivariate Tests of Means in Independent Groups Designs: Effects of Covariance Heterogeneity and Nonnormality},
  author = {Lisa M Lix and HJ Keselman},
  journal = {Evaluation \& the Health Professions},
  volume = {27},
  number = {1},
  pages = {45--69},
  year = {2004},
  publisher = {Sage Publications},
}

@Article{lix2007comparison,
  title = {A Comparison of Procedures for the Analysis of Multivariate Repeated Measurements},
  author = {Lisa M Lix and Anita M Lloyd},
  journal = {Journal of Modern Applied Statistical Methods},
  volume = {6},
  number = {2},
  pages = {380--398},
  year = {2007},
}

@Article{livacic2010analysis,
  title = {Analysis of Type I Error Rates of Univariate and Multivariate Procedures in Repeated Measures Designs},
  author = {Pablo Livacic-Rojas and Guillermo Vallejo and Paula Fernandez},
  journal = {Communications in Statistics - Simulation and Computation},
  volume = {39},
  number = {3},
  pages = {624--640},
  year = {2010},
  publisher = {Taylor \& Francis},
}

@Article{livacic2017power,
  title = {Power of Modified Brown-Forsythe and Mixed-Model Approaches in Split-Plot Designs},
  author = {Pablo Livacic-Rojas and Guillermo Vallejo and Paula Fernández and Ellián Tuero-Herrero},
  journal = {Methodology},
  volume = {13},
  pages = {9--22},
  year = {2017},
  publisher = {Hogrefe Publishing},
}

@Article{zhang2011two,
  title = {Two-Way {MANOVA} With Unequal Cell Sizes and Unequal Cell Covariance Matrices},
  author = {Jin-Ting Zhang},
  journal = {Technometrics},
  volume = {53},
  number = {4},
  pages = {426--439},
  year = {2011},
  publisher = {Taylor \& Francis},
}

@Article{gupta2008manova,
  title = {{MANOVA} for Large Hypothesis Degrees of Freedom Under Non-Normality},
  author = {Arjun K Gupta and Solomon W Harrar and Yasunori Fujikoshi},
  journal = {Test},
  volume = {17},
  number = {1},
  pages = {120--137},
  year = {2008},
  publisher = {Springer-Verlag},
}

@Article{xiao2016modified,
  title = {{Modified Tests for Heteroscedastic Two-Way MANOVA}},
  author = {Shengning Xiao and Jin-Ting Zhang},
  journal = {Journal of Advanced Statistics},
  volume = {1},
  number = {1},
  pages = {1--16},
  year = {2016},
}

@Article{mcfarquhar2016multivariate,
  title = {Multivariate and Repeated Measures (MRM): A New Toolbox for Dependent and Multimodal Group-Level Neuroimaging Data},
  author = {Martyn McFarquhar and Shane McKie and Richard Emsley and John Suckling and Rebecca Elliott and Stephen Williams},
  journal = {NeuroImage},
  volume = {132},
  pages = {373--389},
  year = {2016},
  publisher = {Elsevier},
}

@Manual{flip,
  title = {Flip: Multivariate Permutation Tests},
  author = {Livio Finos and {with contributions by Florian Klinglmueller} and Dario Basso and Aldo Solari and Lucia Benetazzo and Jelle Goeman and Marco Rinaldo.},
  year = {2018},
  note = {R package version 2.5.0},
  url = {https://CRAN.R-project.org/package=flip},
}

@Manual{ffmanova,
  title = {Ffmanova: Fifty-Fifty MANOVA},
  author = {Øyvind Langsrud and Bjørn-Helge Mevik},
  year = {2019},
  note = {R package version 1.1.0},
  url = {https://CRAN.R-project.org/package=ffmanova},
}

@Manual{ellipse,
  title = {Ellipse: Functions for Drawing Ellipses and Ellipse-Like Confidence Regions},
  author = {Duncan Murdoch and E. D. Chow},
  year = {2018},
  note = {R package version 0.4.1},
  url = {https://CRAN.R-project.org/package=ellipse},
}
