@manual{rgl-ref,
    title = {{rgl}: 3{D} Visualization Using {OpenGL} ({R} package version 1.3.1)},
    author = {Duncan Murdoch and Daniel Adler},
    year = {2024},
    url = {https://CRAN.R-project.org/package=rgl}
}
@manual{sphereplot-ref,
    title = {{sphereplot}: Spherical Plotting ({R} package version 1.5.1)},
    author = {Aaron Robotham},
    year = {2022},
    url = {https://CRAN.R-project.org/package=sphereplot}
}
@book{ggplot2-ref,
    author = {Hadley Wickham},
    title = {{ggplot2}: Elegant Graphics for Data Analysis},
    publisher = {Springer-Verlag New York},
    year = {2016},
    isbn = {978-3-319-24277-4},
    url = {https://ggplot2.tidyverse.org}
}
@article{rworldmap-ref,
    title = {{rworldmap}: A New {R} package for Mapping Global Data},
    author = {Andy South},
    journal = {The R Journal},
    year = {2011},
    volume = {3},
    number = {1},
    pages = {35--43},
    url = {https://journal.r-project.org/articles/RJ-2011-006/},
    doi = {10.32614/RJ-2011-006}
}
@book{carmo1976differential,
    title = {Differential Geometry of Curves and Surfaces},
    author = {do Carmo, Manfredo Perdig{\~a}o},
    year = {1976},
    publisher = {Prentice-Hall, Englewood Cliffs, New Jersey}
}
@incollection{altafini2001casteljau,
    title = {The de {Casteljau} algorithm on {SE} (3)},
    author = {Altafini, Claudio},
    booktitle = {Nonlinear control in the year 2000},
    pages = {23--34},
    year = {2001},
    publisher = {Springer}
}
@article{kent2010influence,
    title = {Influence of inclination error in sedimentary rocks on the {Triassic} and {Jurassic} apparent pole wander path for {North America} and implications for {Cordilleran} tectonics},
    author = {Kent, Dennis V and Irving, Edward},
    journal = {Journal of Geophysical Research: Solid Earth},
    volume = {115},
    number = {B10},
    year = {2010},
    publisher = {Wiley Online Library}
}
@article{brillinger1998elephant,
    title = {Elephant-seal movements: Modelling migration},
    author = {Brillinger, David R and Stewart, Brent S},
    journal = {Canadian Journal of Statistics},
    volume = {26},
    number = {3},
    pages = {431--443},
    year = {1998},
    publisher = {Wiley Online Library}
}
@article{rivest1999some,
    title = {Some linear model techniques for analyzing small-circle spherical data},
    author = {Rivest, Louis-Paul},
    journal = {Canadian Journal of Statistics},
    volume = {27},
    number = {3},
    pages = {623--638},
    year = {1999},
    publisher = {Wiley Online Library}
}
@manual{tsagris2020directional,
    title = {{Directional}: Directional Statistics},
    author = {Michail Tsagris and Giorgos Athineou and Anamul Sajib and Eli Amson and Micah J. Waldstein},
    year = {2020},
    note = {{R} package version 4.4},
    url = {https://CRAN.R-project.org/package=Directional}
}
@article{wood1994simulation,
    title = {Simulation of the von {Mises} {Fisher} distribution},
    author = {Wood, Andrew T A},
    journal = {Communications in Statistics: Simulation and Computation},
    volume = {23},
    number = {1},
    pages = {157--164},
    year = {1994},
    publisher = {Taylor \& Francis}
}
@article{popiel2006c2,
    title = {{$C^2$} spherical {B{\'e}zier} splines},
    author = {Popiel, Tomasz and Noakes, Lyle},
    journal = {Computer Aided Geometric Design},
    volume = {23},
    number = {3},
    pages = {261--275},
    year = {2006},
    publisher = {Elsevier}
}
@article{tseng2001convergence,
    title = {Convergence of a block coordinate descent method for nondifferentiable minimization},
    author = {Tseng, Paul},
    journal = {Journal of Optimization Theory and Applications},
    volume = {109},
    number = {3},
    pages = {475--494},
    year = {2001},
    publisher = {Springer}
}
@book{carmo1992riemannian,
    title = {Riemannian Geometry},
    author = {do Carmo, Manfredo Perdig{\~a}o},
    year = {1992},
    publisher = {Birkh{\"a}user}
}
@article{gould1969regression,
    title = {A regression technique for angular variates},
    author = {Gould, A Lawrence},
    journal = {Biometrics},
    pages = {683--700},
    year = {1969},
    publisher = {JSTOR}
}
@article{thompson1982robust,
    title = {A robust least-squares {Gondwanan} apparent polar wander path and the question of palaeomagnetic assessment of {Gondwanan} reconstruction},
    author = {Thompson, R and Clark, R M},
    journal = {Earth and Planetary Science Letters},
    volume = {57},
    number = {1},
    pages = {152--158},
    year = {1982},
    publisher = {Elsevier}
}
@article{jupp1987fitting,
    title = {Fitting smooth paths to spherical data},
    author = {Jupp, Peter E and Kent, John T},
    journal = {Journal of the Royal Statistical Society: Series C (Applied Statistics)},
    volume = {36},
    number = {1},
    pages = {34--46},
    year = {1987},
    publisher = {Wiley Online Library}
}
@article{su2012fitting,
    title = {Fitting smoothing splines to time-indexed, noisy points on nonlinear manifolds},
    author = {Su, Jingyong and Dryden, Ian L and Klassen, Eric and Le, Huiling and Srivastava, Anuj},
    journal = {Image and Vision Computing},
    volume = {30},
    number = {6-7},
    pages = {428--442},
    year = {2012},
    publisher = {Elsevier}
}
@article{kume2007shape,
    title = {Shape-space smoothing splines for planar landmark data},
    author = {Kume, Alfred and Dryden, Ian L and Le, Huiling},
    journal = {Biometrika},
    volume = {94},
    number = {3},
    pages = {513--528},
    year = {2007},
    publisher = {Oxford University Press}
}
@article{kim2021smoothing,
    title = {Smoothing splines on {Riemannian} manifolds, with applications to {3D} shape space},
    author = {Kim, Kwang-Rae and Dryden, Ian L and Le, Huiling and Severn, Katie E},
    journal = {Journal of the Royal Statistical Society: Series B (Statistical Methodology)},
    volume = {83},
    number = {1},
    pages = {108--132},
    year = {2021},
    publisher = {Oxford University Press}
}
@article{samir2012gradient,
    title = {A gradient-descent method for curve fitting on {Riemannian} manifolds},
    author = {Samir, Chafik and Absil, P A and Srivastava, Anuj and Klassen, Eric},
    journal = {Foundations of Computational Mathematics},
    volume = {12},
    number = {1},
    pages = {49--73},
    year = {2012},
    publisher = {Springer}
}
@article{camarinha1995splines,
    title = {Splines of class {$C^k$} on non-{Euclidean} spaces},
    author = {Camarinha, M and Silva Leite, F and Crouch, P},
    journal = {IMA Journal of Mathematical Control and Information},
    volume = {12},
    number = {4},
    pages = {399--410},
    year = {1995},
    publisher = {Oxford University Press}
}
@article{noakes1989cubic,
    title = {Cubic splines on curved spaces},
    author = {Noakes, Lyle and Heinzinger, Greg and Paden, Brad},
    journal = {IMA Journal of Mathematical Control and Information},
    volume = {6},
    number = {4},
    pages = {465--473},
    year = {1989},
    publisher = {Oxford University Press}
}
@book{machado2004fitting,
    title = {Fitting smooth paths on {Riemannian} manifolds},
    author = {Machado, Lu{\'i}s Miguel and Leite, F Silva},
    year = {2004},
    publisher = {Centro de Matem{\'a}tica da Universidade de Coimbra}
}
@article{machado2006riemannian,
    title = {{Riemannian} means as solutions of variational problems},
    author = {Machado, Lu{\'i}s and Leite, F Silva and H{\"u}per, Knut},
    journal = {LMS Journal of Computation and Mathematics},
    volume = {9},
    pages = {86--103},
    year = {2006},
    publisher = {Cambridge University Press}
}
@book{farin2002handbook,
    title = {Handbook of computer aided geometric design},
    author = {Farin, Gerald and Hoschek, Josef and Kim, M-S},
    year = {2002},
    publisher = {Elsevier}
}
@book{bezier1986mathematical,
    title = {The Mathematical Basis of the {UNISURF} {CAD} System},
    author = {B{\'e}zier, Pierre},
    year = {1986},
    publisher = {Butterworth-Heinemann}
}
@article{de1959outillages,
    title = {Outillages m{\'e}thodes calcul},
    author = {De Casteljau, Paul},
    journal = {Andr{\'e} Citro{\"e}n Automobiles SA, Paris},
    year = {1959}
}
@inproceedings{shoemake1985animating,
    title = {Animating rotation with quaternion curves},
    author = {Shoemake, Ken},
    booktitle = {Proceedings of the 12th Annual Conference on Computer Graphics and Interactive Techniques},
    pages = {245--254},
    year = {1985}
}
@article{crouch1999casteljau,
    title = {The {De Casteljau} algorithm on {Lie} groups and spheres},
    author = {Crouch, P and Kun, G and Leite, F Silva},
    journal = {Journal of Dynamical and Control Systems},
    volume = {5},
    number = {3},
    pages = {397--429},
    year = {1999},
    publisher = {Springer}
}
@article{popiel2007bezier,
    title = {B{\'e}zier curves and $C^2$ interpolation in {Riemannian} manifolds},
    author = {Popiel, Tomasz and Noakes, Lyle},
    journal = {Journal of Approximation Theory},
    volume = {148},
    number = {2},
    pages = {111--127},
    year = {2007},
    publisher = {Elsevier}
}
@article{yuan2006model,
    title = {Model selection and estimation in regression with grouped variables},
    author = {Yuan, Ming and Lin, Yi},
    journal = {Journal of the Royal Statistical Society: Series B (Statistical Methodology)},
    volume = {68},
    number = {1},
    pages = {49--67},
    year = {2006},
    publisher = {Wiley Online Library}
}
@article{schwarz1978,
    author = {Schwarz, Gideon},
    title = {Estimating the Dimension of a Model},
    journal = {Annals of Statistics},
    volume = {6},
    number = {2},
    pages = {461--464},
    year = {1978},
    publisher = {The Institute of Mathematical Statistics}
}
@book{absil2009optimization,
    title = {Optimization Algorithms on Matrix Manifolds},
    author = {Absil, P A and Mahony, Robert and Sepulchre, Rodolphe},
    year = {2009},
    publisher = {Princeton University Press}
}
@article{buss2001spherical,
    title = {Spherical averages and applications to spherical splines and interpolation},
    author = {Buss, Samuel R and Fillmore, Jay P},
    journal = {ACM Transactions on Graphics (TOG)},
    volume = {20},
    number = {2},
    pages = {95--126},
    year = {2001},
    publisher = {ACM New York, NY, USA}
}
@book{polak2012optimization,
    title = {Optimization: Algorithms and Consistent Approximations},
    author = {Polak, Elijah},
    volume = {124},
    year = {2012},
    publisher = {Springer Science \& Business Media}
}
@article{bak2023intrinsic,
    title = {Intrinsic spherical smoothing method based on generalized {B{\'e}zier} curves and sparsity inducing penalization},
    author = {Bak, Kwan-Young and Shin, Jae-Kyung and Koo, Ja-Yong},
    journal = {Journal of Applied Statistics},
    volume = {50},
    number = {9},
    pages = {1942--1961},
    year = {2023},
    publisher = {Taylor \& Francis}
}
@article{gorski2005healpix,
    title = {{HEALPix}: A framework for high-resolution discretization and fast analysis of data distributed on the sphere},
    author = {G{\'o}rski, Krzysztof M and Hivon, Eric and Banday, Anthony J and Wandelt, Benjamin D and Hansen, Frode K and Reinecke, M and Bartelmann, Matthias},
    journal = {The Astrophysical Journal},
    volume = {622},
    number = {2},
    pages = {759},
    year = {2005},
    publisher = {IOP Publishing}
}
