@Book{wieland:2015,
  author = {Thomas Wieland},
  title = {Räumliches {E}inkaufsverhalten und {S}tandortpolitik im {E}inzelhandel unter {B}erücksichtigung von {A}gglomerationseffekten. {T}heoretische {E}rklärungsansätze, modellanalytische {Z}ugänge und eine empirisch-ökonometrische {M}arktgebietsanalyse anhand eines {F}allbeispiels aus dem ländlichen {R}aum {O}stwestfalens/ {S}üdniedersachsens},
  series = {Geographische Handelsforschung},
  volume = {23},
  publisher = {MetaGIS},
  year = {2015},
}

@Manual{MCI,
  title = {MCI: Multiplicative Competitive Interaction (MCI) Model},
  author = {Thomas Wieland},
  year = {2016},
  note = {R package version 1.3.0},
  url = {https://CRAN.R-project.org/package=MCI},
}

@Manual{SpatialPosition,
  title = {SpatialPosition: Spatial Position Models},
  author = {Timothée Giraud and Hadrien Commenges},
  year = {2016},
  note = {R package version 1.1.1},
  url = {https://CRAN.R-project.org/package=SpatialPosition},
}

@Misc{pavlis:2014,
  author = {Michail Pavlis and Les Dolega and Alex Singleton},
  title = {The Huff-Tools Package (Version 0.6)},
  howpublished = {Technical Report (PDF)},
  url = {https://github.com/alexsingleton/Huff-Tools/blob/master/huff-tools vignette.pdf},
  year = {2014},
}

@Book{huff:1962,
  author = {David L. Huff},
  title = {Determination of Intra-Urban Retail Trade Areas},
  publisher = {University of California},
  year = {1962},
}

@Article{huff:1964,
  author = {David L. Huff},
  journal = {Journal of Marketing},
  number = {4},
  pages = {34--38},
  title = {Defining and Estimating a Trading Area},
  volume = {28},
  year = {1964},
  url = {https://doi.org/10.2307/1249154},
}

@Article{huff:1975,
  author = {David L. Huff and Richard R. Batsell},
  journal = {Advances in Consumer Research},
  pages = {165--172},
  title = {Conceptual and Operational Problems with Market Share Models of Consumer Spatial Behavior},
  volume = {2},
  year = {1975},
}

@Article{guessefeldt:2002,
  author = {Jörg Güssefeldt},
  journal = {Erdkunde},
  number = {4},
  pages = {351--370},
  title = {Zur {M}odellierung von räumlichen {K}aufkraftströmen in unvollkommenen {M}ärkten},
  volume = {56},
  year = {2002},
  url = {https://doi.org/10.3112/erdkunde.2002.04.02},
}

@Misc{huff:2008,
  author = {David L. Huff and Bradley M. McCallum},
  title = {Calibrating the {H}uff {M}odel Using {A}rc{GIS} {B}usiness {A}nalyst},
  howpublished = {ESRI White Paper, September 2008},
  url = {https://www.esri.com/library/whitepapers/pdfs/calibrating-huff-model.pdf},
  year = {2008},
}

@InCollection{kanhaeusser:2007,
  author = {Christian Kanhäußer},
  title = {Modellierung und {P}rognose von {M}arktgebieten am {B}eispiel des {M}öbeleinzelhandels},
  booktitle = {Analysemethodik und {M}odellierung in der geographischen {H}andelsforschung},
  pages = {75--109},
  publisher = {L.I.S.},
  series = {Geographische Handelsforschung},
  editor = {Ralf Klein and Jürgen Rauh},
  volume = {13},
  year = {2007},
}

@Book{rodrigue:2006,
  author = {Jean-Paul Rodrigue and Claude Comtois and Brian Slack},
  title = {The Geography of Transport Systems},
  publisher = {Routledge},
  year = {2006},
}

@Book{berman:2013,
  author = {Barry R. Berman and Joel R. Evans},
  title = {Retail Management: A Strategic Approach},
  publisher = {Pearson},
  edition = {12},
  year = {2013},
}

@InCollection{wolf:2012,
  author = {M. Wolf},
  title = {Anforderungen an {E}inzelhandelsgutachten},
  booktitle = {Einzelhandel in Nordrhein-Westfalen planvoll steuern!},
  pages = {114--134},
  publisher = {ARL},
  series = {Arbeitsberichte der ARL [Akademie für Raumforschung und Landesplanung]},
  editor = {H. Konze and M. Wolf},
  volume = {2},
  year = {2012},
}

@Article{jia:2015,
  author = {Peng Jia and Imam M. Xierali and Fahui Wang},
  journal = {Applied Geography},
  number = {4},
  pages = {248--253},
  title = {Evaluating and Re-Demarcating the {H}ospital {S}ervice {A}reas in {F}lorida},
  volume = {60},
  year = {2015},
  url = {https://doi.org/10.1016/j.apgeog.2014.10.008},
}

@Article{nakanishi:1974,
  author = {Masao Nakanishi and Lee G. Cooper},
  journal = {Journal of Marketing Research},
  number = {3},
  pages = {303--311},
  title = {Parameter Estimation for a {M}ultiplicative {C}ompetitive {I}nteraction {M}odel: Least Squares Approach},
  volume = {11},
  year = {1974},
  url = {https://doi.org/10.2307/3151146},
}

@Article{nakanishi:1982,
  author = {Masao Nakanishi and Lee G. Cooper},
  journal = {Marketing Science},
  number = {3},
  pages = {314--322},
  title = {Simplified Estimation Procedures for {MCI} Models},
  volume = {1},
  year = {1982},
  url = {https://doi.org/10.1287/mksc.1.3.314},
}

@Article{converse:1949,
  author = {P. D. Converse},
  journal = {Journal of Marketing},
  number = {3},
  pages = {379--384},
  title = {New Laws of Retail Gravitation},
  volume = {14},
  year = {1949},
  url = {https://doi.org/10.2307/1248191},
}

@Book{reilly:1929,
  author = {William J. Reilly},
  title = {Methods for the Study of Retail Relationships},
  publisher = {Bureau of Business Research, The University of Texas},
  series = {Studies in Marketing},
  volume = {4},
  year = {1929},
}

@Book{cooper:2010,
  author = {Lee G. Cooper and Masao Nakanishi},
  title = {Market-Share Analysis: Evaluating Competitive Marketing Effectiveness},
  publisher = {First published in 1988 by Kluver, E-Book edition},
  series = {International series in quantitative marketing},
  url = {http://www.anderson.ucla.edu/faculty/lee.cooper/MCI_Book/BOOKI2010.pdf},
  year = {2010},
}

@Article{debeule:2014,
  author = {Matthias {De Beule} and Dirk {Van den Poel} and Nico {Van de Weghe}},
  journal = {Applied Geography},
  number = {1},
  pages = {80--89},
  title = {An Extended {H}uff-Model for Robustly Benchmarking and Predicting Retail Network Performance},
  volume = {46},
  year = {2014},
  url = {https://doi.org/10.1016/j.apgeog.2013.09.026},
}

@Article{yingru:2012,
  author = {Li Yingru and Liu Lin},
  journal = {Applied Geography},
  number = {2},
  pages = {591--600},
  title = {Assessing the Impact of Retail Location on Store Performance: A Comparison of {W}al-{M}art and {K}mart Stores in {C}incinnati},
  volume = {32},
  year = {2012},
  url = {https://doi.org/10.1016/j.apgeog.2011.07.006},
}

@Article{tihi:2012,
  author = {Boris Tihi and Nermin Oruc},
  journal = {South East European Journal of Economics and Business},
  number = {2},
  pages = {379--384},
  title = {Competitive Location Assessment – the {MCI} Approach},
  volume = {7},
  year = {2012},
  url = {https://doi.org/10.2478/v10033-012-0013-7},
}

@Article{orpana:2003,
  author = {Tommi Orpana and Jouko Lampinen},
  journal = {Journal of Regional Science},
  number = {2},
  pages = {319--347},
  title = {Building Spatial Choice Models from Aggregate Data},
  volume = {43},
  year = {2003},
  url = {https://doi.org/10.1111/1467-9787.00301},
}

@Article{marinov:2012,
  author = {Maria Marinov and Daniel Czamanski},
  journal = {GeoJournal},
  number = {3},
  pages = {383--398},
  title = {Normative Issues in the Organization of Modern Retailers in {I}srael},
  volume = {77},
  year = {2012},
  url = {https://doi.org/10.1007/s10708-010-9394-2},
}

@Book{klein:1988,
  author = {Ralf Klein},
  title = {Der {L}ebensmittel-{E}inzelhandel im {R}aum {V}erden - {R}äumliches {E}inkaufsverhalten unter sich wandelnden {B}edingungen},
  publisher = {Universität Flensburg},
  series = {Flensburger Arbeitspapiere zur Landeskunde und Raumordnung},
  volume = {8},
  year = {1988},
}

@Article{loffler:1998,
  author = {Günter Löffler},
  journal = {GeoJournal},
  number = {4},
  pages = {265--272},
  title = {Market Areas - a methodological reflection on their boundaries},
  volume = {45},
  year = {1998},
  url = {https://doi.org/10.1023/A:1006980420829},
}

@InCollection{cliquet:2013,
  author = {Gérard Cliquet},
  title = {Retail {L}ocation {M}odels},
  booktitle = {Geomarketing: Methods and Strategies in Spatial Marketing},
  pages = {137--163},
  publisher = {John Wiley \& Sons},
  editor = {Gérard Cliquet},
  year = {2013},
  url = {https://doi.org/10.1002/9781118614020.ch6},
}

@Article{kubis:2007,
  author = {Alexander Kubis and Maria Hartmann},
  journal = {Jahrbuch für Regionalwissenschaft},
  number = {1},
  pages = {43--57},
  title = {Analysis of Location of Large-Area Shopping Centres. A Probabilistic Gravity Model for the {H}alle–{L}eipzig {A}rea},
  volume = {27},
  year = {2007},
  url = {https://doi.org/10.1007/s10037-006-0010-3},
}

@Article{gonzalez:2000,
  author = {Oscar González-Benito and Michael Greatorex and Pablo A. Muñoz-Gallego},
  journal = {Journal of Retailing and Consumer Services},
  number = {3},
  pages = {171--179},
  title = {Assessment of Potential Retail Segmentation Variables: An Approach Based on a Subjective {MCI} Resource Allocation Model},
  volume = {7},
  year = {2000},
  url = {https://doi.org/10.1016/S0969-6989(99)00026-0},
}

@Article{suarez:2015,
  author = {Rafael Suárez-Vega and José Luis Gutiérrez-Acuña and Manuel Rodríguez-Díaz},
  journal = {International Journal of Geographical Information Science},
  number = {2},
  pages = {171--179},
  title = {Locating a Supermarket Using a Locally Calibrated {H}uff Model},
  volume = {29},
  year = {2015},
  url = {http://doi.org/10.1080/13658816.2014.958154},
}

@Book{colome:2002,
  author = {Rosa Colomé Perales},
  title = {Consumer Choice in Competitive Location Models},
  publisher = {Universitat Pompeu Fabra},
  url = {http://www.tdx.cat/bitstream/handle/10803/7330/trcp1de1.pdf},
  year = {2002},
}

@Article{cooper:1983,
  author = {Lee G. Cooper and Masao Nakanishi},
  journal = {Journal of Consumer Research},
  number = {1},
  pages = {96--108},
  title = {Standardizing Variables in Multiplicative Choice Models},
  volume = {10},
  year = {1983},
  url = {https://doi.org/10.1086/208948},
}

@Book{luce:1959,
  author = {R. Duncan Luce},
  title = {Individual Choice Behavior: A Theoretical Analysis},
  publisher = {John Wiley \& Sons},
  year = {1959},
}

@InCollection{baecker:2015,
  author = {Simone Baecker-Neuchl and Hendrik Wagenseil},
  title = {Das {G}anze sehen: {R}äumliche {A}nalysen zur {E}rmittlung des {Z}usammenhangs zwischen {U}msatz- und {N}achfragepotenzial},
  booktitle = {Markt- und Absatzprognosen. Modelle - Methoden - Anwendung},
  pages = {263--281},
  publisher = {Springer-Verlag},
  editor = {Oliver Gansser and Bianca Krol},
  year = {2015},
  url = {https://doi.org/10.1007/978-3-658-04492-3_14},
}

@Article{kahle:2013,
  author = {David Kahle and Hadley Wickham},
  title = {Ggmap: Spatial Visualization with ggplot2},
  journal = {The R Journal},
  year = {2013},
  volume = {5},
  number = {1},
  pages = {144--161},
  url = {http://journal.r-project.org/archive/2013-1/kahle-wickham.pdf},
}

@Book{fox:2011,
  title = {An {R} Companion to Applied Regression},
  edition = {2nd},
  author = {John Fox and Sanford Weisberg},
  year = {2011},
  publisher = {Sage},
  address = {Thousand Oaks {CA}},
  url = {http://socserv.socsci.mcmaster.ca/jfox/Books/Companion},
}

@Article{osmar,
  title = {Osmar: Open{S}treet{M}ap and {R}},
  author = {Manuel J. A. Eugster and Thomas Schlesinger},
  journal = {R Journal},
  year = {2013},
  volume = {5},
  number = {1},
  pages = {53--63},
  url = {https://journal.r-project.org/archive/2013-1/eugster-schlesinger.pdf},
}

@Book{rawlings:1998,
  title = {Applied Regression Analysis},
  edition = {2nd},
  author = {John O. Rawlings and Sastry G. Pantula and David A. Dickey},
  year = {1998},
  publisher = {Springer-Verlag},
}

@Article{reutterer:2009,
  title = {Store Format Choice and Shopping Trip Types},
  author = {Thomas Reutterer and Christoph Teller},
  journal = {International Journal of Retail \& Distribution Management},
  year = {2009},
  volume = {37},
  number = {8},
  pages = {695--710},
  url = {https://doi.org/10.1108/09590550910966196},
}

@Manual{GRASS,
  title = {Geographic Resources Analysis Support System (GRASS GIS) Software, Version 7.0},
  author = {{GRASS Development Team}},
  organization = {Open Source Geospatial Foundation},
  year = {2015},
  url = {http://grass.osgeo.org},
}

@TechReport{wieland:2015b,
  title = {Nahversorgung im {K}ontext raumökonomischer {E}ntwicklungen im {L}ebensmitteleinzelhandel - {K}onzeption und {D}urchführung einer {GIS}-gestützten {A}nalyse der {S}trukturen des {L}ebensmitteleinzelhandels und der {N}ahversorgung in {F}reiburg im {B}reisgau},
  author = {Thomas Wieland},
  year = {2015},
  institution = {Georg-August-Universität Göttingen, Geographisches Institut, Abteilung Humangeographie},
  publisher = {GOEDOC, Dokumenten- und Publikationsserver der Georg-August-Universität Göttingen},
  url = {http://webdoc.sub.gwdg.de/pub/mon/2015/5-wieland.pdf},
}

@Manual{spgwr,
  title = {Spgwr: Geographically Weighted Regression},
  author = {Roger Bivand and Danlin Yu},
  year = {2015},
  note = {R package version 0.6-28},
  url = {https://CRAN.R-project.org/package=spgwr},
}

@Article{manning:2001,
  title = {Estimating Log Models: To Transform or Not to Transform?},
  author = {Willard G. Manning and John Mullahy},
  journal = {Journal of Health Economics},
  year = {2001},
  volume = {20},
  number = {4},
  pages = {461--494},
  url = {https://doi.org/10.1016/S0167-6296(01)00086-8},
}

@Manual{osrm,
  title = {Osrm: Interface Between R and the OpenStreetMap-Based Routing Service OSRM},
  author = {Timothée Giraud},
  year = {2016},
  note = {R package version 3.0.0},
  url = {https://CRAN.R-project.org/package=osrm},
}

@Article{huff:1963,
  author = {David L. Huff},
  journal = {Land Economics},
  number = {1},
  pages = {81--90},
  title = {A Probabilistic Analysis of Shopping Center Trade Areas},
  volume = {39},
  year = {1963},
  url = {https://doi.org/10.2307/3144521},
}

@Article{santos:2006,
  author = {João M. C. Santos Silva and Silvana Tenreyro},
  journal = {The Review of Economics and Statistics},
  number = {4},
  pages = {641--658},
  title = {The {L}og of {G}ravity},
  volume = {88},
  year = {2006},
  url = {https://doi.org/10.1162/rest.88.4.641},
}
