@Preamble{ " \newcommand{\noop}[1]{} " }

@article{Bailey2005,
author = {David H. Bailey and Karthik Jeyabalan and Xiaoye S. Li},
title = {{A comparison of three high-precision quadrature schemes}},
volume = {14},
journal = {Experimental Mathematics},
number = {3},
publisher = {A K Peters, Ltd.},
pages = {317--329},
keywords = {arbitrary precision, numerical integration, Numerical quadrature},
year = {2005},
doi = {em/1128371757}
}


@article{BOA2007,
    title = {boa: An {R} Package for {MCMC} Output Convergence Assessment and Posterior Inference},
    author = {Brian J. Smith},
    year = {2007},
    journal = {Journal of Statistical Software},
    volume = {21},
    number = {11},
    pages = {1--37},
  }

@Misc{RStan2020,
    title = {{RStan}: the {R} interface to {Stan}},
    author = {{Stan Development Team}},
    note = {R package version 2.21.1},
    year = {2020},
    url = {http://mc-stan.org/},
  }

@Manual{MetaStan2020,
    title = {MetaStan: Bayesian Meta-Analysis via 'Stan'},
    author = {Burak Kuersad Guenhan},
    year = {2020},
    note = {R package version 0.2.0},
    url = {https://CRAN.R-project.org/package=MetaStan},
  }

@article{leonard1992bayesian,
  title={Bayesian inference for a covariance matrix},
  author={Leonard, Tom and Hsu, John SJ and others},
  journal={The Annals of Statistics},
  volume={20},
  number={4},
  pages={1669--1696},
  year={1992},
  publisher={Institute of Mathematical Statistics}
}

@article{yang1994estimation,
  title={Estimation of a covariance matrix using the reference prior},
  author={Yang, Ruoyong and Berger, James O},
  journal={The Annals of Statistics},
  pages={1195--1211},
  year={1994},
  publisher={JSTOR}
}

@article{chiu1996matrix,
  title={The matrix-logarithmic covariance model},
  author={Chiu, Tom YM and Leonard, Tom and Tsui, Kam-Wah},
  journal={Journal of the American Statistical Association},
  volume={91},
  number={433},
  pages={198--210},
  year={1996},
  publisher={Taylor \& Francis Group}
}

@article{carvalho2010horseshoe,
  title={The horseshoe estimator for sparse signals},
  author={Carvalho, Carlos M and Polson, Nicholas G and Scott, James G},
  journal={Biometrika},
  volume={97},
  number={2},
  pages={465--480},
  year={2010},
  publisher={Oxford University Press}
}


@article{li2019bayesian,
  title={Bayesian inference for network meta-regression using multivariate random effects with applications to cholesterol lowering drugs},
  author={Li, Hao and Chen, Ming-Hui and Ibrahim, Joseph G and Kim, Sungduk and Shah, Arvind K and Lin, Jianxin and Tershakovec, Andrew M},
  journal={Biostatistics},
  volume={20},
  number={3},
  pages={499--516},
  year={2019},
  publisher={Oxford University Press}
}

@book{FDA2018metaanalysis,
  title={Meta-Analyses of Randomized Controlled Clinical Trials to Evaluate the Safety of Human Drugs or Biological Products},
  author={{U.S. Food and Drug Administration} and {Center for Drug Evaluation} and {Research and Center for Biologics Evaluation and Research}},
  organization={U.S. Food and Drug Administration},
  year={2018},
  publisher={U.S. Food and Drug Administration}
}

@book{borenstein2011introduction,
  title={Introduction to meta-analysis},
  author={Borenstein, Michael and Hedges, Larry V and Higgins, Julian PT and Rothstein, Hannah R},
  year={2011},
  publisher={John Wiley \& Sons}
}

@book{hartung2011statistical,
  title={Statistical meta-analysis with applications},
  author={Hartung, Joachim and Knapp, Guido and Sinha, Bimal K},
  volume={738},
  year={2011},
  publisher={John Wiley \& Sons}
}

@Article{nmaINLA2018,
    author = {Burak Kuersad Guenhan and Tim Friede and Leonhard Held},
    title = {A design-by-treatment interaction model for network meta-analysis and meta-regression with integrated nested {L}aplace approximations},
    journal = {Research Synthesis Methods},
    year = {2018},
    pages = {179--194},
    url = {https://doi.org/10.1002/jrsm.1285},
  }

@Article{meta4diag2018,
    title = {\pkg{meta4diag}: Bayesian Bivariate Meta-Analysis of Diagnostic Test Studies for Routine Practice},
    author = {Jingyi Guo and Andrea Riebler},
    journal = {Journal of Statistical Software},
    year = {2018},
    volume = {83},
    number = {1},
    pages = {1--31},
    url = {https://doi.org/10.18637/jss.v083.i01},
  }

@Manual{bmeta2016,
    title = {\pkg{bmeta}: Bayesian Meta-Analysis and Meta-Regression},
    author = {Tao Ding and Gianluca Baio},
    year = {2016},
    note = {R package version 0.1.2},
    url = {https://CRAN.R-project.org/package=bmeta},
  }

  @article{chalmers2002brief,
  title={A brief history of research synthesis},
  author={Chalmers, Iain and Hedges, Larry V and Cooper, Harris},
  journal={Evaluation \& the health professions},
  volume={25},
  number={1},
  pages={12--37},
  year={2002},
  publisher={Sage Publications Sage CA: Thousand Oaks, CA}
}

@article{borenstein2010basic,
  title={A basic introduction to fixed-effect and random-effects models for meta-analysis},
  author={Borenstein, Michael and Hedges, Larry V and Higgins, Julian PT and Rothstein, Hannah R},
  journal={Research synthesis methods},
  volume={1},
  number={2},
  pages={97--111},
  year={2010},
  publisher={Wiley Online Library}
}

@article{balduzzi2019perform,
  title={How to perform a meta-analysis with {R}: a practical tutorial},
  author={Balduzzi, Sara and R{\"u}cker, Gerta and Schwarzer, Guido},
  journal={Evidence-based mental health},
  volume={22},
  number={4},
  pages={153--160},
  year={2019},
  publisher={Royal College of Psychiatrists}
}

@Article{metaLik2012,
    title = {Higher-order likelihood inference in meta-analysis and meta-regression},
    author = {Annamaria Guolo},
    year = {2012},
    journal = {Statistics in Medicine},
    number = {31},
    pages = {313--327},
  }

@Manual{Rlang,
  title = {R: A Language and Environment for Statistical Computing},
  author = {{R Core Team}},
  organization = {R Foundation for Statistical Computing},
  address = {Vienna, Austria},
  year = {2019},
  url = {https://www.R-project.org/},
}

@Article{meta2007,
    title = {\pkg{meta}: {A}n {R} package for meta-analysis},
    author = {Guido Schwarzer},
    journal = {{R} News},
    year = {2007},
    volume = {7},
    number = {3},
    pages = {40--45},
  }

  @Manual{rmeta2018,
    title = {\pkg{rmeta}: Meta-Analysis},
    author = {Thomas Lumley},
    year = {2018},
    note = {{R} package version 3.0},
    url = {https://CRAN.R-project.org/package=rmeta},
  }

 @Article{metafor2010,
    title = {Conducting meta-analyses in {R} with the {metafor} package},
    author = {Wolfgang Viechtbauer},
    journal = {Journal of Statistical Software},
    year = {2010},
    volume = {36},
    number = {3},
    pages = {1--48},
    url = {http://www.jstatsoft.org/v36/i03/},
  }

  @Article{mvmeta2012,
    author = {A. Gasparrini and B. Armstrong and M. G. Kenward},
    title = {Multivariate meta-analysis for non-linear and other multi-parameter associations},
    journal = {Statistics in Medicine},
    volume = {31},
    number = {29},
    pages = {3821--3839},
    year = {2012},
  }

  @Article{metatest2011,
    title = {Hypothesis testing in random effects meta-regression},
    author = {Hilde M. Huizenga and Ingmar Visser and Conor V. Dolan},
    journal = {British journal of mathematical and statistical psychology},
    year = {2011},
    volume = {64},
    pages = {1-19},
  }

  @article{dersimonian1986meta,
  title={Meta-analysis in clinical trials},
  author={DerSimonian, Rebecca and Laird, Nan},
  journal={Controlled clinical trials},
  volume={7},
  number={3},
  pages={177--188},
  year={1986},
  publisher={Elsevier}
}

@article{berkey1995random,
  title={A random-effects regression model for meta-analysis},
  author={Berkey, Catherine S and Hoaglin, David C and Mosteller, Frederick and Colditz, Graham A},
  journal={Statistics in medicine},
  volume={14},
  number={4},
  pages={395--411},
  year={1995},
  publisher={Wiley Online Library}
}

@article{skovgaard1996explicit,
  title={An explicit large-deviation approximation to one-parameter tests},
  author={Skovgaard, Ib M and others},
  journal={Bernoulli},
  volume={2},
  number={2},
  pages={145--165},
  year={1996},
  publisher={Bernoulli Society for Mathematical Statistics and Probability}
}

@Article{bayesmeta2020,
    title = {Bayesian random-effects meta-analysis using the bayesmeta {R}~package},
    author = {Christian R{\"o}ver},
    journal = {Journal of Statistical Software},
    year = {2020},
    month = {4},
    url = {https://doi.org/10.18637/jss.v093.i06},
  }

  @MISC{Plummer03jags:a,
    author = {Martyn Plummer},
    title = {{JAGS}: A program for analysis of {B}ayesian graphical models using {G}ibbs sampling},
    year = {2003}
}

@article{yao2015bayesian,
  title={Bayesian inference for multivariate meta-regression with a partially observed within-study sample covariance matrix},
  author={Yao, Hui and Kim, Sungduk and Chen, Ming-Hui and Ibrahim, Joseph G and Shah, Arvind K and Lin, Jianxin},
  journal={Journal of the American Statistical Association},
  volume={110},
  number={510},
  pages={528--544},
  year={2015},
  publisher={Taylor \& Francis}
}

@article{joe2006generating,
  title={Generating random correlation matrices based on partial correlations},
  author={Joe, Harry},
  journal={Journal of Multivariate Analysis},
  volume={97},
  number={10},
  pages={2177--2189},
  year={2006},
  publisher={Elsevier}
}

@article{van2008partially,
  title={Partially collapsed Gibbs samplers: Theory and methods},
  author={Van Dyk, David A and Park, Taeyoung},
  journal={Journal of the American Statistical Association},
  volume={103},
  number={482},
  pages={790--796},
  year={2008},
  publisher={Taylor \& Francis}
}

@article{park2009partially,
  title={Partially collapsed Gibbs samplers: Illustrations and applications},
  author={Park, Taeyoung and Van Dyk, David A},
  journal={Journal of Computational and Graphical Statistics},
  volume={18},
  number={2},
  pages={283--305},
  year={2009},
  publisher={Taylor \& Francis}
}

@article{liu1994collapsed,
  title={The collapsed Gibbs sampler in Bayesian computations with applications to a gene regulation problem},
  author={Liu, Jun S},
  journal={Journal of the American Statistical Association},
  volume={89},
  number={427},
  pages={958--966},
  year={1994},
  publisher={Taylor \& Francis Group}
}

@inproceedings{bernardo2003non,
  title={Non-centered parameterisations for hierarchical models and data augmentation},
  author={Bernardo, JM and Bayarri, MJ and Berger, JO and Dawid, AP and Heckerman, D and Smith, AFM and West, M},
  booktitle={Bayesian Statistics 7: Proceedings of the Seventh Valencia International Meeting},
  volume={307},
  year={2003},
  organization={Oxford University Press, USA}
}

@article{lewandowski2009generating,
  title={Generating random correlation matrices based on vines and extended onion method},
  author={Lewandowski, Daniel and Kurowicka, Dorota and Joe, Harry},
  journal={Journal of multivariate analysis},
  volume={100},
  number={9},
  pages={1989--2001},
  year={2009},
  publisher={Elsevier}
}

@misc{Petersen2015,
  abstract = {Matrix identities, relations and approximations. A desktop reference for quick overview of mathematics of matrices.},
  author = {Petersen, K. B. and Pedersen, M. S.},
  keywords = {matrixderivative inverse Matrixidentity matrixrelations},
  month = oct,
  note = {Version 20150105},
  publisher = {Technical University of Denmark},
  review = {Matrix Cookbook},
  timestamp = {2015-01-15T12:52:58.000+0100},
  title = {The Matrix Cookbook},
  url = {https://www.ics.uci.edu/~welling/teaching/KernelsICS273B/MatrixCookBook.pdf},
  year = 2015
}

@article{spiegelhalter2002bayesian,
  title={Bayesian measures of model complexity and fit},
  author={Spiegelhalter, David J and Best, Nicola G and Carlin, Bradley P and Van Der Linde, Angelika},
  journal={Journal of the royal statistical society: Series b (statistical methodology)},
  volume={64},
  number={4},
  pages={583--639},
  year={2002},
  publisher={Wiley Online Library}
}

@Manual{BHboost2019,
  title = {\pkg{BH}: Boost {C++} Header Files},
  author = {Dirk Eddelbuettel and John W. Emerson and Michael J. Kane},
  year = {2019},
  note = {R package version 1.69.0-1},
  url = {https://CRAN.R-project.org/package=BH},
}

@Article{RcppArmadillo2014,
  title = {\pkg{RcppArmadillo}: Accelerating {R} with high-performance {C++} linear algebra},
  author = {Dirk Eddelbuettel and Conrad Sanderson},
  journal = {Computational  Statistics and Data Analysis},
  year = {2014},
  volume = {71},
  month = {March},
  pages = {1054--1063},
  url = {http://dx.doi.org/10.1016/j.csda.2013.02.005},
}

@Article{Rcpp2017,
  title = {{Extending {R} with {C++}: A Brief Introduction to \pkg{Rcpp}}},
  author = {Dirk Eddelbuettel and James Joseph Balamuta},
  journal = {PeerJ Preprints},
  year = {2017},
  month = {aug},
  volume = {5},
  pages = {e3188v1},
  issn = {2167-9843},
  url = {https://doi.org/10.7287/peerj.preprints.3188v1}
}

@article{vihola2012robust,
  title={Robust adaptive Metropolis algorithm with coerced acceptance rate},
  author={Vihola, Matti},
  journal={Statistics and Computing},
  volume={22},
  number={5},
  pages={997--1008},
  year={2012},
  publisher={Springer}
}

@article{tierney1999some,
  title={Some adaptive Monte Carlo methods for Bayesian inference},
  author={Tierney, Luke and Mira, Antonietta},
  journal={Statistics in medicine},
  volume={18},
  number={17-18},
  pages={2507--2515},
  year={1999},
  publisher={Wiley Online Library}
}

@article{mira2001metropolis,
  title={On Metropolis-Hastings algorithms with delayed rejection},
  author={Mira, Antonietta and others},
  journal={Metron},
  volume={59},
  number={3-4},
  pages={231--241},
  year={2001}
}

@article{green2001delayed,
  title={Delayed rejection in reversible jump Metropolis--Hastings},
  author={Green, Peter J and Mira, Antonietta},
  journal={Biometrika},
  volume={88},
  number={4},
  pages={1035--1053},
  year={2001},
  publisher={Biometrika Trust}
}

@article{roberts1997weak,
  title={Weak convergence and optimal scaling of random walk Metropolis algorithms},
  author={Roberts, Gareth O and Gelman, Andrew and Gilks, Walter R and others},
  journal={The annals of applied probability},
  volume={7},
  number={1},
  pages={110--120},
  year={1997},
  publisher={Institute of Mathematical Statistics}
}

@misc{openmp18,
    author = {{OpenMP Architecture Review Board}},
    title = {{OpenMP} Application Programming Interface Version 5.0},
    month = {11},
    year = {2018},
    url = {https://www.openmp.org/wp-content/uploads/OpenMP-API-Specification-5.0.pdf}
}


@Article{coda2006,
    title = {CODA: Convergence Diagnosis and Output Analysis for {MCMC}},
    author = {Martyn Plummer and Nicky Best and Kate Cowles and Karen Vines},
    journal = {R News},
    year = {2006},
    volume = {6},
    number = {1},
    pages = {7--11},
    url = {https://journal.r-project.org/archive/},
    pdf = {https://www.r-project.org/doc/Rnews/Rnews_2006-1.pdf},
  }

@article{bailey2006tanh,
  title={Tanh-sinh high-precision quadrature},
  author={Bailey, David H},
  year={2006},
  publisher={Citeseer}
}

@article{takahasi1974double,
  title={Double exponential formulas for numerical integration},
  author={Takahasi, Hidetosi and Mori, Masatake},
  journal={Publications of the Research Institute for Mathematical Sciences},
  volume={9},
  number={3},
  pages={721--741},
  year={1974},
  publisher={Research Institute forMathematical Sciences}
}

@article{mori2005discovery,
  title={Discovery of the double exponential transformation and its developments},
  author={Mori, Masatake},
  journal={Publications of the Research Institute for Mathematical Sciences},
  volume={41},
  number={4},
  pages={897--935},
  year={2005}
}

@book{gardiner2009stochastic,
  title={Stochastic methods},
  author={Gardiner, Crispin},
  volume={4},
  year={2009},
  publisher={Springer Berlin}
}

@Article{mcmcpack2011,
    title = {\pkg{MCMCpack}: Markov Chain Monte Carlo in {R}},
    author = {Andrew D. Martin and Kevin M. Quinn and Jong Hee Park},
    journal = {Journal of Statistical Software},
    year = {2011},
    volume = {42},
    number = {9},
    pages = {22},
    url = {http://www.jstatsoft.org/v42/i09/},
  }


@Manual{gridExtra2017,
    title = {\pkg{gridExtra}: Miscellaneous Functions for "Grid" Graphics},
    author = {Baptiste Auguie},
    year = {2017},
    note = {R package version 2.3},
    url = {https://CRAN.R-project.org/package=gridExtra},
  }

  @Book{ggplot22016,
    author = {Hadley Wickham},
    title = {\pkg{ggplot2}: Elegant Graphics for Data Analysis},
    publisher = {Springer-Verlag New York},
    year = {2016},
    isbn = {978-3-319-24277-4},
    url = {https://ggplot2.tidyverse.org},
  }

@article{li2021bayesian,
  title={Bayesian network meta-regression hierarchical models using heavy-tailed multivariate random effects with covariate-dependent variances},
  author={Li, Hao and Lim, Daeyoung and Chen, Ming-Hui and Ibrahim, Joseph G and Kim, Sungduk and Shah, Arvind K and Lin, Jianxin},
  journal={Statistics in Medicine},
  year={2021},
  publisher={Wiley Online Library}
}



@Article{R2OpenBUGS,
    title = {R2WinBUGS: A Package for Running {WinBUGS} from {R}},
    author = {Sibylle Sturtz and Uwe Ligges and Andrew Gelman},
    journal = {Journal of Statistical Software},
    year = {2005},
    pages = {1--16},
    number = {3},
    volume = {12},
    url = {http://www.jstatsoft.org},
  }

  @Article{Formula,
    title = {Extended Model Formulas in {R}: Multiple Parts and Multiple Responses},
    author = {Achim Zeileis and Yves Croissant},
    journal = {Journal of Statistical Software},
    year = {2010},
    volume = {34},
    number = {1},
    pages = {1--13},
    url = {https://doi.org/10.18637/jss.v034.i01},
  }