@Manual{HH,
    title = {HH: Statistical Analysis and Data Display: Heiberger and Holland},
    author = {Richard M. Heiberger},
    year = {2012},
    note = {R package version 2.3-17},
    url = {http://CRAN.R-project.org/package=HH},
  }

@misc{fritz, 
  author={Friedrich Leisch},
  year=2002,
  title={Dynamic generation of statistical reports using literate data analysis},
  inbook={Compstat 2002 - Proceedings in Computational Statistics},
  editor={Wolfgang H\"ardle and Bernd R\"onz"},
  publisher={Physika Verlag},
  address={Heidelberg, Germany},
  isbn={3-7908-1517-9},
  pages={575--580}
}

@Misc{gentleman,
  author={Robert Gentleman and Duncan {Temple Lang}},
  title={Statistical Analyses and Reproducible Research},
  year={May 2004},
  howpublished={Bioconductor Project Working Papers},
  number=2
}

@Book{lattice,
    title = {Lattice: Multivariate Data Visualization with R},
    author = {Deepayan Sarkar},
    publisher = {Springer},
    address = {New York},
    year = {2008},
    note = {ISBN 978-0-387-75968-5},
    url = {http://lmdvr.r-forge.r-project.org},
  }

@misc{dasl,
  author={Pantelis Vlachos and Mike Meyer},
  year={1989 -- },
  title={{StatLib: Data, Software and News from the Statistics Community}},
  organization={{Department of Statistics, Carnegie Mellon University}},
  url={http://lib.stat.cmu.edu/}
}

@misc{ozdasl,
  author={Gordon K Smyth},
  year=2011,
  title={{Australasian Data and Story Library (OzDASL)}},
  url={http://www.statsci.org/data}
}

@Manual{R,
    title = {R: A Language and Environment for Statistical Computing},
    author = {{R Core Team}},
    organization = {R Foundation for Statistical Computing},
    address = {Vienna, Austria},
    year = {2012},
    note = {{ISBN} 3-900051-07-0},
    url = {http://www.R-project.org/},
  }

@book{friendly:vcd,
  author    = {Michael Friendly},
  title     = {Visualizing Categorical Data},
  year   = {2000},
  publisher= {SAS Publishing}
}


@article{Lanza,
	author={F.L. Lanza},
	title={A double-blind study of prophylactic effect of misoprostol on lesions of gastric and duodenal mucosa induced by oral administration of tolmetin in healthy subjects.},
	journal={British Journal of Clinical Practice}, 
	pages={91--101},
	year={1987}
}

@book{hsaur,
	title = {HSAUR2: A Handbook of Statistical Analyses Using R},
	edition={2nd},
	author = {Brian S. Everitt and Torsten Hothorn},
	publisher={Chapman \& Hall/CRC},
	year = {2006},
	note = {R package version 1.0-2},
	url = {http://CRAN.R-project.org/package=HSAUR2},
}

@book{hand:smalldata,
	author={David J. Hand and Fergus Daly and K. McConway and D. Lunn and E. Ostrowski},
	title={A handbook of small datasets},
	publisher={Chapman \& Hall/CRC},
	year={1993}
}

@book{tufte,
	author={Tufte, Edward},
	year={1983},
	title={The Visual Display of Quantitative Information},
	publisher={Graphics Press}
}

@article{trellis,
  author={Becker, R. A. and Cleveland, W. S. and Shyu, M. J.},
  year={1996},
  title={The Visual Design and Control of Trellis Display},
  journal={Journal of Computational and Graphical Statistics},
  volume={5},
  number={2},
  pages={123--155}
}


@Misc{healey,
  author  = {Healey, Chris},
  title   = {Perception in visualisation},
  lastchecked={Mar 16, 2011},
  url     = {http://www.csc.ncsu.edu/faculty/healey/PP/index.html},
  year    = {2009}
}

@Article{hofmann:2000,
  author  = {Hofmann, Heike},
  title   = {Exploring categorical data: Interactive mosaic plots},
  journal = {Metrika},
  keywords= {plot/area},
  number  = {1},
  pages   = {11--26},
  volume  = {51},
  year    = {2000}
}

@book{heike.diss,
  author  = {Heike Hofmann},
  title   = {Graphical Tools for the Exploration of Multivariate Categorical Data},
  publisher     = {bod: Books on Demand},
  year    = {2001}
}

@book{tukey.eda,
  author = {John W. Tukey},
  publisher = {Addison-Wesley},
  title = {Exploratory Data Analysis},
  year = 1977
}


@book{ware,
  author    = {Colin Ware},
  title     = {Information Visualization},
  edition   = {2nd} ,
  year   = {2004},
  publisher= {Morgan Kaufmann},
  address = {San Francisco, CA, USA}
}

@book{MASS,
	title = {Modern Applied Statistics with S},
	author = {W. N. Venables and B. D. Ripley},
	publisher = {Springer},
	edition = {Fourth},
	address = {New York},
	year = {2002},
	note = {ISBN 0-387-95457-0},
	url = {http://www.stats.ox.ac.uk/pub/MASS4}
}

@Manual{granova,
	title = {granova: Graphical Analysis of Variance},
	author = {Robert M. Pruzek and James E. Helmreich},
	year = {2010},
	note = {R package version 2.0},
	url = {http://CRAN.R-project.org/package=granova},
}

@book{ggplot2,
	author = {Hadley Wickham},
	title = {ggplot2: elegant graphics for data analysis},
	publisher = {Springer New York},
	year = {2009},
	isbn = {978-0-387-98140-6},
	url = {http://had.co.nz/ggplot2/book},
}

@Misc{vcd,
	author={David Meyer and Achim Zeileis and Kurt Hornik},
	year = 2010,
	title={vcd: Visualizing Categorical
  Data.},
  how={R package version 1.2-9}
}

@article{meyer06,
  author={David Meyer and AchimZeileis and Kurt Hornik},
  year={2006},
  title={The Strucplot
  Framework: Visualizing
  Multi-Way Contingency
  Tables with vcd.},
  journal={Journal
  of Statistical Software},
  volume={17}, 
  number={3},
  pages={1--48}, 
  url={http://www.jstatsoft.org/v17/i03/}
}

@Manual{knitr,
    title = {knitr: A general-purpose package for dynamic report generation in R},
    author = {Yihui Xie},
    year = {2012},
    note = {R package version 0.5},
    url = {http://CRAN.R-project.org/package=knitr},
  }
