@article{R:Aloise+Deshpande+Hansen+Popat:2009,
	 author = {Aloise, Daniel and Deshpande, Amit and Hansen, Pierre and Popat, Preyas},
	 title = {{NP}-hardness of {E}uclidean sum-of-squares clustering},
	 journal = {Mach. Learn.},
	 volume = {75},
	 number = {2},
	 year = {2009},
	 pages = {245--248},
	 publisher = {Kluwer Academic Publishers},
	 address = {Hingham, MA, USA},
}


@article{R:Dasgupta+Freund:2009,
	 author = {Dasgupta, Sanjoy and Freund, Yoav},
	 title = {Random projection trees for vector quantization},
	 journal = {IEEE T. Inform. Theory},
	 volume = {55},
	 number = {7},
	 year = {2009},
	 pages = {3229--3242},
	 publisher = {IEEE Press},
	 address = {Piscataway, NJ, USA},
}


@inproceedings{R:Mahajan+Nimbhorkar+Varadarajan:2009,
	 author = {Mahajan, Meena and Nimbhorkar, Prajakta and Varadarajan, Kasturi},
	 title = {The planar k-Means Problem is {NP}-Hard},
	 booktitle = {WALCOM '09: {P}roceedings of the 3rd {I}nternational {W}orkshop on {A}lgorithms and {C}omputation},
	 year = {2009},
	 pages = {274--285},
	 publisher = {Springer-Verlag},
	 address = {Berlin, Heidelberg},
}


@ARTICLE{R:Lloyd:1982,
	AUTHOR = {Lloyd, Stuart P. },
	TITLE = {Least squares quantization in {PCM}},
	JOURNAL = {IEEE T. Inform. Theory},
	year = {1982},
	Volume = "28",
	Issue = "2",
	Pages = "129 - 137",
}

@book{R:Manning+Raghavan+Schtze:2008,
 author = {Manning, Christopher D. and Raghavan, Prabhakar and Schtze, Hinrich},
 title = {Introduction to Information Retrieval},
 year = {2008},
 isbn = {0521865719, 9780521865715},
 publisher = {Cambridge University Press},
 address = {New York, NY, USA},
} 

@article{R:Song+Lewis+Lance+Chesler+Yordanova+Langston+Lodowski+Bergeson:2009,
	 author = {Song, Mingzhou and Lewis, Chris K. and Lance, Eric R. and Chesler, Elissa J. and Yordanova, Roumyana Kirova and Langston, Michael A. and Lodowski, Kerrie H. and Bergeson, Susan E.},
	 title = {Reconstructing generalized logical networks of transcriptional regulation in mouse brain from temporal gene expression data},
	 journal = {EURASIP J. Bioinform. Syst. Biol.},
	 volume = {2009},
	 year = {2009},
	 pages = {1--13},
	 publisher = {Hindawi Publishing Corp.},
	 address = {New York, NY, United States},
}


@article{R:Song+Haralick+Robert+Boissinot:2010,
	 author = {Song, Mingzhou and Haralick, Robert M. and Boissinot, Stephane},
	 title = {Efficient and exact maximum likelihood quantisation of genomic features using dynamic programming},
	 journal = {Int. J. Data Min. Bioinform.},
	 volume = {4},
	 number = {2},
	 year = {2010},
	 pages = {123--141},
	 publisher = {Inderscience Publishers},
	 address = {Inderscience Publishers, Geneva, SWITZERLAND},
}

@book{R:Kleinberg+Tardos:2006,
    author = {Jon Kleinberg and Eva Tardos},
    publisher = {Addison-Wesley, USA},
    title = {Algorithm Design},
    year = {2006}
}

@Manual{R:Song+Wang:2011,
    title = {Ckmeans.1d.dp: Optimal distance-based clustering for one-dimensional data},
    author = {Mingzhou(Joe) Song and Haizhou Wang},
    year = {2011},
    note = {R package version 2.2},
    url = {http://CRAN.R-project.org/package=Ckmeans.1d.dp},
}

@article{R:Hartigan+Wong:1979,
    author = {Hartigan, J. A. and Wong, M. A.},
    journal = {J. Roy. Stat. Soc. C-App.},
    number = {1},
    pages = {100--108},
    publisher = {Blackwell Publishing for the Royal Statistical Society},
    title = {Algorithm {AS} 136: A k-means clustering algorithm},
    volume = {28},
    year = {1979}
}


@article{R:Prill+Marbach+Saez-Rodriguez+Peter+Alexopoulos+Xue+Clarke+Altan-Bonnet+Stolovitzky:2010,
    author = {Prill, Robert J. AND Marbach, Daniel AND Saez-Rodriguez, Julio AND Sorger, Peter K. AND Alexopoulos, Leonidas G. AND Xue, Xiaowei AND Clarke, Neil D. AND Altan-Bonnet, Gregoire AND Stolovitzky, Gustavo},
    journal = {PLoS ONE},
    publisher = {Public Library of Science},
    title = "Towards a Rigorous Assessment of Systems Biology Models: The {DREAM3} Challenges",
    year = {2010},
    month = {02},
    volume = {5},
    pages = {e9202},
    number = {2},
}


@ARTICLE{R:Kauffman:1969,
	AUTHOR = {Kauffman, Stuart A.},
	TITLE = {Metabolic stability and epigenesis in randomly constructed genetic nets},
	JOURNAL = {J. Theoretical Biology},
	YEAR = 1969,
	Volume = 22,
	PAGES = {437--467},
	number = "3",
}


@book{R:Kauffman:1993,
    author = {Kauffman, Stuart A.},
    month = {June},
    publisher = {Oxford University Press, USA},
    title = {The Origins of Order: Self-Organization and Selection in Evolution},
    year = {1993}
}


@inproceedings{R:Vattani:2009,
	 author = {Vattani, Andrea},
	 title = {k-means requires exponentially many iterations even in the plane},
	 booktitle = {SCG '09: {P}roceedings of the 25th annual {S}ymposium on {C}omputational {G}eometry},
	 year = {2009},
	 pages = {324--332},
	 location = {Aarhus, Denmark},
	 publisher = {ACM},
	 address = {New York, NY, USA},
}

 
@inproceedings{R:Arthur:2006,
	 author = {Arthur, David and Vassilvitskii, Sergei},
	 title = {How slow is the k-means method?},
	 booktitle = {SCG '06: Proceedings of the twenty-second annual {S}ymposium on {C}omputational {G}eometry},
	 year = {2006},
	 pages = {144--153},
	 location = {Sedona, Arizona, USA},
	 publisher = {ACM},
	 address = {New York, NY, USA},
}

