% Encoding: UTF-8
@string{a={Annals of Probability}}
@string{aism={Annals of the Institute of  Statistical Mathematics}}
@string{ams={Annals of  Mathematical Statistics}}
@string{ap={Annals of Probability}}
@string{as={Annals of  Statistics}}
@string{cjs={Canadian Journal of Statistics}}
@string{csda={Computational Statistics \& Data Analysis}}
@string{ejs={Electronic  Journal of  Statistics}}

@string{et={Econometric Theory}}
@string{jae={Journal of Applied Econometrics}}
@string{jasa={Journal of the American Statistical Association}}
@string{jbes={Journal of Business \& Economic Statistics}}
@string{jcgs={Journal of Computational and Graphical Statistics}}
@string{je={Journal of Econometrics}}
@string{jma={Journal of Multivariate Analysis}}
@string{jmlr={Journal of Machine Learning Research}}
@string{jnps={Journal of Nonparametric Statistics}}
@string{jrssa={Journal of the Royal Statistical Society: Series A (Statistics in Society)}}
@string{jrssb={Journal of the Royal Statistical Society: Series B}}
@string{jrssc={Journal of the Royal Statistical Society: Series C (Applied Statistics)}}
@string{jspi={J. Statist. Plann. Inference}}
@string{jtsa={Journal of Time Series Analysis }}
@string{lda={Lifetime Data Anal.}}
@string{sim={Statist. in Med.}}
@string{sisc={SIAM J. Sci. Comput.}}
@string{sissc={SIAM J. Sci. Statist. Comput.}}
@string{sjs={Scand. J. Statist.}}
@string{spl={Statist. Probab. Lett.}}
@string{ss={Statist. Sin.}}
@string{ssc={Statist. Sci.}}
@string{tech={Technometrics}}

@article{shaozhang2010testing,
	title={Testing for change points in time series},
	author={Shao, Xiaofeng and Zhang, Xianyang},
	journal={Journal of the American Statistical Association},
	volume={105},
	number={491},
	pages={1228--1240},
	year={2010},
	publisher={Taylor \& Francis}
}

@article{lavitas2018time,
	title={A time-symmetric self-normalization approach for inference of time series},
	author={Lavitas, Liliya and Zhang, Ting},
	journal={Journal of Time Series Analysis},
	volume={39},
	number={5},
	pages={748--762},
	year={2018},
	publisher={Wiley Online Library}
}

@article{shao2010self,
	title={A self-normalized approach to confidence interval construction in time series},
	author={Shao, Xiaofeng},
	journal={Journal of the Royal Statistical Society: Series B},
	volume={72},
	number={3},
	pages={343--366},
	year={2010},
	publisher={Wiley Online Library}
}

@Article{erdman2007bcp,
    title = {{bcp}: An {R} Package for Performing a Bayesian Analysis
      of Change Point Problems},
    author = {Chandra Erdman and John W. Emerson},
    journal = {Journal of Statistical Software},
    year = {2007},
    volume = {23},
    number = {3},
    pages = {1--13}
  }

@article{Barry1993ABA,
  title={A Bayesian Analysis for Change Point Problems},
  author={Daniel Barry and J. A. Hartigan},
  journal={Journal of the American Statistical Association},
  year={1993},
  volume={88},
  pages={309-319}
}

@Article{zeileis2002struc,
    title = {strucchange: An R Package for Testing for Structural
      Change in Linear Regression Models},
    author = {Achim Zeileis and Friedrich Leisch and Kurt Hornik and
      Christian Kleiber},
    journal = {Journal of Statistical Software},
    year = {2002},
    volume = {7},
    number = {2},
    pages = {1--38}
}

@Article{zeileis2003cmpstat,
    title = {Testing and Dating of Structural Changes in Practice},
    author = {Achim Zeileis and Christian Kleiber and Walter Kr\"amer
      and Kurt Hornik},
    journal = {Computational Statistics \& Data Analysis},
    year = {2003},
    volume = {44},
    number = {1--2},
    pages = {109--123}
}

@Article{zeileis2006cmpstat,
    title = {Implementing a Class of Structural Change Tests: An
      Econometric Computing Approach},
    author = {Achim Zeileis},
    journal = {Computational Statistics \& Data Analysis},
    year = {2006},
    volume = {50},
    number = {11},
    pages = {2987--3008}
}

@Article{changepoint,
    title = {{changepoint}: An {R} Package for Changepoint Analysis},
    author = {Rebecca Killick and Idris A. Eckley},
    journal = {Journal of Statistical Software},
    year = {2014},
    volume = {58},
    number = {3},
    pages = {1--19}
}

@Article{Killick2012,
  author    = {R. Killick and P. Fearnhead and I. A. Eckley},
  journal   = {Journal of the American Statistical Association},
  title     = {Optimal Detection of Changepoints With a Linear Computational Cost},
  year      = {2012},
  number    = {500},
  pages     = {1590--1598},
  volume    = {107},
  publisher = {Informa {UK} Limited},
}

@Article{cpm2015,
    title = {Parametric and Nonparametric Sequential Change Detection
      in {R}: The {cpm} Package},
    author = {Gordon J. Ross},
    journal = {Journal of Statistical Software},
    year = {2015},
    volume = {66},
    number = {3},
    pages = {1--20}
}

@article{hawkins2003changepoint,
  title={The changepoint model for statistical process control},
  author={Hawkins, Douglas M and Qiu, Peihua and Kang, Chang Wook},
  journal={Journal of Quality Technology},
  volume={35},
  number={4},
  pages={355--366},
  year={2003},
  publisher={Taylor \& Francis}
}

@article{hawkins2005change,
  title={A change-point model for a shift in variance},
  author={Hawkins, Douglas M and Zamba, KD},
  journal={Journal of Quality Technology},
  volume={37},
  number={1},
  pages={21--31},
  year={2005},
  publisher={Taylor \& Francis}
}

@article{ross2014sequential,
  title={Sequential change detection in the presence of unknown parameters},
  author={Ross, Gordon J},
  journal={Statistics and Computing},
  volume={24},
  number={6},
  pages={1017--1030},
  year={2014},
  publisher={Springer}
}

@Article{ecp2014,
    title = {{ecp}: An {R} Package for Nonparametric Multiple Change
      Point Analysis of Multivariate Data},
    author = {Nicholas A. James and David S. Matteson},
    journal = {Journal of Statistical Software},
    year = {2014},
    volume = {62},
    number = {7},
    pages = {1--25}
}

@article{matteson2014nonparametric,
  title={A nonparametric approach for multiple change point analysis of multivariate data},
  author={Matteson, David S and James, Nicholas A},
  journal={Journal of the American Statistical Association},
  volume={109},
  number={505},
  pages={334--345},
  year={2014},
  publisher={Taylor \& Francis}
}

@Article{mosum2021,
    title = {{mosum}: A Package for Moving Sums in Change-Point
      Analysis},
    author = {Alexander Meier and Claudia Kirch and Haeran Cho},
    journal = {Journal of Statistical Software},
    year = {2021},
    volume = {97},
    number = {8},
    pages = {1--42}
}

@article{eichinger2018mosum,
  title={A MOSUM procedure for the estimation of multiple random change points},
  author={Eichinger, Birte and Kirch, Claudia},
  journal={Bernoulli},
  volume={24},
  number={1},
  pages={526--564},
  year={2018},
  publisher={Bernoulli Society for Mathematical Statistics and Probability}
}

@article{wang2022cpss,
  title={cpss: an package for change-point detection by sample-splitting methods},
  author={Wang, Guanghui and Zou, Changliang},
  journal={Journal of Quality Technology},
  volume={55},
  pages={61--74},
  year={2023},
  publisher={Taylor \& Francis}
}

@article{zou2020consistent,
  title={Consistent selection of the number of change-points via sample-splitting},
  author={Zou, Changliang and Wang, Guanghui and Li, Runze},
  journal={Annals of Statistics},
  volume={48},
  number={1},
  pages={413},
  year={2020},
  publisher={NIH Public Access}
}

@Article{Hoga2018,
	author  = {Y. Hoga},
	title   = {A structural break test for extremal dependence in $\beta$-mixing random vectors},
	journal = {Biometrika},
	year    = {2018},
	volume  = {105},
	number  = {3},
	pages   = {627â€“643},
}

@Article{Betken2018,
  author  = {Annika Betken and Martin Wendler},
  journal = {Statistica Sinica},
  title   = {Subsampling for general statistics under long range dependence with application to change point analysis},
  year    = {2018},
  pages   = {1199-1224},
  volume  = {28},
  number =  {3},
}

@article{dette2020a,
	title={A likelihood ratio approach to sequential change point detection},
	author={Holger Dette and Josua G\"osmann},
    journal={Journal of the American Statistical Association},
     volume={115},
     number={531},
    pages={1361--1377},
    year={2020},
}

@Article{Dette2020b,
  author  = {Holger Dette and Kevin Kokot and Stanislav Volgushev},
  journal = {Journal of Royal Statistical Society: Series B},
  title   = {Testing relevant hypotheses in functional time series via self-normalization},
  year    = {2020},
  pages   = {629-660},
  volume  = {82},
  number  = {3},
}

@Article{Chan2021,
  author  = {Ngai Hang Chan and Wai Leong Ng and Chun Yip Yau},
  journal = {Statistica Sinica},
  title   = {A self-normalized approach to sequential change-point detection for time series},
  year    = {2021},
  pages   = {491-517},
  volume  = {31},
  number  = {1},
}

@article{zhao2021segmenting,
  title={Segmenting time series via self-normalisation},
  author={Zhao, Zifeng and Jiang, Feiyu and Shao, Xiaofeng},
  journal={Journal of the Royal Statistical Society Series B: Statistical Methodology},
  volume={84},
  number={5},
  pages={1699--1725},
  year={2022},
  publisher={Oxford University Press}
}

@article{phillips1987time,
  title={Time series regression with a unit root},
  author={Phillips, Peter CB},
  journal={Econometrica: Journal of the Econometric Society},
  pages={277--301},
  year={1987},
  publisher={JSTOR}
}

@article{lobato2001testing,
  title={Testing that a dependent process is uncorrelated},
  author={Lobato, Ignacio N},
  journal={Journal of the American Statistical Association},
  volume={96},
  number={455},
  pages={1066--1076},
  year={2001},
  publisher={Taylor \& Francis}
}

@article{cho2012multiscale,
  title={Multiscale and multilevel technique for consistent segmentation of nonstationary time series},
  author={Cho, Haeran and Fryzlewicz, Piotr},
  journal={Statistica Sinica},
  pages={207--229},
  year={2012},
  publisher={JSTOR}
}

@article{korkas2017multiple,
  title={Multiple change-point detection for non-stationary time series using wild binary segmentation},
  author={Korkas, Karolos K and PryzlewiczV, Piotr},
  journal={Statistica Sinica},
  pages={287--311},
  year={2017},
  publisher={JSTOR}
}

@article{newey1986simple,
  title={A simple, positive semi-definite, heteroskedasticity and autocorrelationconsistent covariance matrix},
  author={Newey, Whitney K and West, Kenneth D},
  journal={Econometrica},
  year={1987},
  pages={703--708},
  volume={55},
  publisher={National Bureau of Economic Research Cambridge, Mass., USA}
}

@article{andrews1991heteroskedasticity,
  title={Heteroskedasticity and autocorrelation consistent covariance matrix estimation},
  author={Andrews, Donald WK},
  journal={Econometrica},
  pages={817--858},
  year={1991},
  publisher={JSTOR}
}

@article{wang2022inference,
  title={Inference for change points in high-dimensional data via selfnormalization},
  author={Wang, Runmin and Zhu, Changbo and Volgushev, Stanislav and Shao, Xiaofeng},
  journal={The Annals of Statistics},
  volume={50},
  number={2},
  pages={781--806},
  year={2022},
  publisher={Institute of Mathematical Statistics}
}



@article{shao2015,
  title={Self-normalization for time series: a review of recent developments},
  author={Shao, Xiaofeng},
  journal={Journal of the American Statistical Association},
  volume={110},
  pages={1797--1817},
  year={2015}
}

@Manual{SNSeg2023,
    title = {SNSeg: Self-Normalization(SN) Based Change-Point Estimation for Time
Series},
    author = {Shubo Sun and Zifeng Zhao and Feiyu Jiang and Xiaofeng Shao},
    year = {2023},
    note = {R package version 1.0.0},
    url = {https://CRAN.R-project.org/package=SNSeg}
}

@Manual{bcp-manual2018,
    title = {bcp: Bayesian Analysis of Change Point Problems},
    author = {Xiaofei Wang and Chandra Erdman and John W. Emerson},
    year = {2018},
    note = {R package version 4.0.3},
    url = {https://CRAN.R-project.org/package=bcp}
}

@Manual{strucchange-manual2022,
    title = {strucchange: Testing, Monitoring, and Dating Structural Changes},
    author = {Achim Zeileis and Friedrich Leisch and Kurt Hornik and Christian Kleiber and Bruce Hansen and Edgar C. Merkle and Nikolaus Umlauf},
    year = {2022},
    note = {R package version 1.5-3},
    url = {https://CRAN.R-project.org/package=strucchange}
}

@Manual{changepoint-manual2022,
    title = {changepoint: Methods for Changepoint Detection},
    author = {Rebecca Killick and Kaylea Haynes and Idris Eckley and Paul Fearnhead and Robin Long and Jamie Lee},
    year = {2022},
    note = {R package version 2.2.4},
    url = {https://CRAN.R-project.org/package=changepoint}
}

@Manual{cpm-manual2020,
    title = {cpm: Sequential and Batch Change Detection Using Parametric and Nonparametric Methods},
    author = {Gordon J. Ross},
    year = {2020},
    note = {R package version 2.3},
    url = {https://CRAN.R-project.org/package=cpm}
}

@Manual{ecp-manual2023,
    title = {ecp: Non-Parametric Multiple Change-Point Analysis of Multivariate Data},
    author = {Nicholas A. James and Wenyu Zhang and David S. Matteson},
    year = {2023},
    note = {R package version 3.1.5},
    url = {https://CRAN.R-project.org/package=ecp}
}

@Manual{mosum-manual2022,
    title = {mosum: Moving Sum Based Procedures for Changes in the Mean},
    author = {Alexander Meier and Haeran Cho and Claudia Kirch},
    year = {2022},
    note = {R package version 1.2.7},
    url = {https://CRAN.R-project.org/package=mosum}
}

@Manual{cpss-manual2022,
    title = {cpss: Change-Point Detection by Sample-Splitting Methods},
    author = {Guanghui Wang and Changliang Zou},
    year = {2022},
    note = {R package version 0.0.3},
    url = {https://CRAN.R-project.org/package=cpss}
}

@article{schwarz1978-bic,
author = {Gideon Schwarz},
title = {{Estimating the Dimension of a Model}},
volume = {6},
journal = {The Annals of Statistics},
number = {2},
publisher = {Institute of Mathematical Statistics},
pages = {461 -- 464},
keywords = {Akaike information criterion, asymptotics, dimension},
year = {1978},
doi = {10.1214/aos/1176344136},
URL = {https://doi.org/10.1214/aos/1176344136}
}

@article{szekely2005hierarchical,
  title={Hierarchical clustering via joint between-within distances: Extending Ward's minimum variance method},
  author={Szekely, Gabor J and Rizzo, Maria L and others},
  journal={Journal of classification},
  volume={22},
  number={2},
  pages={151--184},
  year={2005},
  publisher={New York: Published for the Classification Society of North America by~â€¦}
}

@article{morey1984measurement,
  title={The measurement of classification agreement: An adjustment to the Rand statistic for chance agreement},
  author={Morey, Leslie C and Agresti, Alan},
  journal={Educational and Psychological Measurement},
  volume={44},
  number={1},
  pages={33--37},
  year={1984},
  publisher={Sage Publications Sage CA: Thousand Oaks, CA}
}


@article{zhao2021v1,
  title={Segmenting Time Series via Self-Normalization},
  author={Zhao, Zifeng and Jiang, Feiyu and Shao, Xiaofeng},
  journal={arXiv preprint https://arxiv.org/pdf/2112.05331v1.pdf},
  year={2021}
}

@article{auger1989algorithms,
  title={Algorithms for the optimal identification of segment neighborhoods},
  author={Auger, Ivan E and Lawrence, Charles E},
  journal={Bulletin of mathematical biology},
  volume={51},
  number={1},
  pages={39--54},
  year={1989},
  publisher={Elsevier}
}

@article{killick2021package,
  title={Package â€˜EnvCptâ€™},
  author={Killick, Rebecca and Beaulieu, Claudie and Taylor, Simon and Hullait, Harjit},
  year={2021}
}

@article{levy2014package,
  title={Package R AR1seg (available on the CRAN)},
  author={Levy Leduc, Celine},
  year={2014}
}

@article{li2024fastcpd,
  title={fastcpd: Fast Change Point Detection in R},
  author={Li, Xingchi and Zhang, Xianyang},
  journal={arXiv preprint arXiv:2404.05933},
  year={2024}
}

@article{zhang2007modified,
  title={A modified Bayes information criterion with applications to the analysis of comparative genomic hybridization data},
  author={Zhang, Nancy R and Siegmund, David O},
  journal={Biometrics},
  volume={63},
  number={1},
  pages={22--32},
  year={2007},
  publisher={Oxford University Press}
}

@Comment{jabref-meta: databaseType:bibtex;}


