@ARTICLE{A:Abrevaya:2006,
AUTHOR = {J Abrevaya},
TITLE = {Estimating the Effect of Smoking on Birth Outcomes Using a Matched Panel Data Approach},
JOURNAL = {Journal of Applied Econometrics},
YEAR = 2006,
VOLUME = 21,
NUMBER = 4,
PAGES = {489--519},
}

@Manual{McDaniel+Henderson:2013,
  title =	 {geeM: Fit Generalized Estimating Equations},
  author =	 {Lee McDaniel and Nick Henderson},
  year =	 {2013},
  note =	 {R package version 0.06},
  url =		 {http://CRAN.R-project.org/package=geeM},
}

@Manual{B:Bates+Maechler:2012,
    title = {Matrix: Sparse and Dense Matrix Classes and Methods},
    author = {Douglas Bates and Martin Maechler},
    year = {2013},
    note = {R package version 1.0-12},
    url = {http://CRAN.R-project.org/package=Matrix},
}

@Manual{C:Carey+Lumley+Ripley:2008,
    title = {gee: Generalized Estimation Equation solver},
    author = {Vincent J Carey. and Thomas Lumley and Brian Ripley},
    year = {2012},
    note = {R package version 4.13-18},
    url = {http://CRAN.R-project.org/package=gee},
}

  @Article{H:Hojsgaard+Halekoh+Yan:2006,
    title = {The {R} Package geepack for Generalized Estimating
      Equations},
    author = {S{\o}ren H{\o}jsgaard and Ulrich Halekoh and Jun Yan},
    year = {2006},
    journal = {Journal of Statistical Software},
    volume = {15},
    number = {2},
    pages = {1--11},
  }
  @Article{Y:Yan+Fine:2004,
    title = {Estimating Equations for Association Structures},
    author = {Jun Yan and Jason P. Fine},
    year = {2004},
    journal = {Statistics in Medicine},
    volume = {23},
    number = {6},
    pages = {859--880},
  }
  @Article{Y:Yan:2002,
    title = {geepack: Yet Another Package for Generalized Estimating
      Equations},
    author = {Jun Yan},
    year = {2002},
    journal = {R-News},
    volume = {2/3},
    pages = {12--14},
  }

  @Article{L:Liang+Zeger:1986,
    title = {Longitudinal data analysis using generalized linear models},
    author = {KY Liang and S Zeger},
    year = {1986},
    journal = {Biometrika},
    volume = {73},
    NUMBER = {1},
    pages = {13--22},
  }

@Book{M:McCullagh+Nelder:1986,
   title = {Generalized Linear Models},
   author = {P McCullagh and JA Nelder},
   publisher = {Chapman and Hall},
   year = {1986},
   edition = {Second}
   }

@Manual{S:SAS:2010,
  author  = {{SAS Institute Inc.}},
  title   = {SAS/STAT Software, Version~9.22},
  year    = {2010},
  address = {Cary, NC},
  url     = {http://support.sas.com/documentation/cdl/en/statug/63347/HTML/default/viewer.htm\#statug_genmod_sect049.htm}
}

  @Article{S:Schildcrout+Rathouz:2010,
    title = {Longitudinal studies of binary response data following case-control and stratified case-control sampling: design and analysis},
    author = {JS Schildcrout and PJ Rathouz},
    year = {2010},
    journal = {Biometrics},
    volume = {66},
    number = {2},
    pages = {365--373},
  }

  @Article{S:Sutradhar+Kumar:2003,
    title = {The Inversion of Correlation Matrix for {MA}(1) Process},
    author = {BC Sutradhar and P Kumar},
    year = {2003},
    journal = {Applied Mathematics Letters},
    volume = {16},
    number = {3},
    pages = {317--321},
  }

  @Article{P:Prentice:1976,
    title = {A Generalization of the Probit and Logit Methods for Dose Response Curves},
    author = {RL Prentice},
    year = {1976},
    journal = {Biometrics},
    volume = {32},
    number = {4},
    pages = {761--768},
  }
@book{H:Hojsgaard+Halekoh+Yan:2006,
author = {S.~{H{\o}jsgaard, U.~Halekoh, and J.~Yan}},
title = {{The R package geepack for generalized estimating equations}},
publisher = {Journal of Statistical Software 15 (2):},
pages = {1--11},
year = {2006}
}
@book{L:Liang+Zeger:1986,
author = {K.~{Liang and S.~Zeger}},
title = {{Longitudinal data analysis using generalized linear models}},
publisher = {Biometrika 73 (1):},
pages = {13--22},
year = {1986}
}
@book{P:Prentice:1976,
author = {R.~{Prentice}},
title = {{A generalization of the probit and logit methods for dose response curves}},
publisher = {Biometrics 32 (4):},
pages = {761--768},
year = {1976}
}
@book{S:Schildcrout+Rathouz:2010,
author = {J.~{Schildcrout and P.~Rathouz}},
title = {{Longitudinal studies of binary response data following case-control and stratified case-control sampling: design and analysis}},
publisher = {Biometrics 66 (2):},
pages = {365--373},
year = {2010}
}
@book{S:Sutradhar+Kumar:2003,
author = {B.~{Sutradhar and P.~Kumar}},
title = {{The inversion of correlation matrix for MA(1) process}},
publisher = {Applied Mathematics Letters 16 (3):},
pages = {317--321},
year = {2003}
}
@book{Y:Yan+Fine:2004,
author = {J.~{Yan and J.~P. Fine}},
title = {{Estimating equations for association structures}},
publisher = {Statistics in Medicine 23 (6):},
pages = {859--880},
year = {2004}
}

