@book{GelmanCarlinSternRubin2004,
	author		=  "Gelman, A and Carlin, J and Stern, H and Rubin, D",
	year		=  "2004",
	title		=  "{B}ayesian data analysis",
	address		=  "New York",
	publisher	=  "Chapman {\&} Hall"
}

@book{GelmanHill2007,
	author		=  "Gelman, A and Hill, J",
	year		=  "2007",
	title		=  "Data analysis using regression and multilevel/hierarchical models",
	address		=  "Cambridge",
	publisher	=  "Cambridge University Press"
}

@book{RobertCasella2004,
	author		=  "Robert, C P and Casella, G",
	year		=  "2004",
	title		=  "Monte {C}arlo statistical methods",
	address		=  "New York",
	publisher	=  "Springer"
}

@article{RouderSpeckmanSunMoreyIverson2009,
	author		=  "Rouder, J N and Speckman, P L and Sun, D and Morey, R D and Iverson, G",
	title	  	=  "{B}ayesian t-tests for accepting and rejecting the null hypothesis",
	year		=  "2009",
	journal		=  "Psychonomic Bulletin \& Review",
	volume		=  "16",
	pages		=  "225--237",
}

@book{Zellner1971,
	author		=  "Zellner, A",
	year		=  "1971",
	title		=  "An introduction to {B}ayesian inference in econometrics",
	address		=  "New York",
	publisher	=  "Wiley"
}

@article{navarro2009fast,
  title={Fast and accurate calculations for first-passage times in {W}iener diffusion models},
  author={Navarro, Daniel J and Fuss, Ian G},
  journal={Journal of Mathematical Psychology},
  volume={53},
  number={4},
  pages={222--230},
  year={2009},
  publisher={Elsevier}
}

@article{batchelder1998multinomial,
  title={Multinomial processing tree models and psychological assessment.},
  author={Batchelder, W.H.},
  journal={Psychological Assessment},
  volume={10},
  number={4},
  pages={331},
  year={1998},
  publisher={American Psychological Association}
}
@article{batchelder2007cognitive,
  title={Cognitive psychometrics: Combining two psychological traditions},
  author={Batchelder, WH},
  journal={CSCA Lecture, Amsterdam, The Netherlands},
  year={2007}
}
@article{estes1956problem,
  title={The problem of inference from curves based on group data.},
  author={Estes, W.K.},
  journal={Psychological Bulletin},
  volume={53},
  number={2},
  pages={134},
  year={1956},
  publisher={American Psychological Association}
}
@article{estes2002traps,
  title={Traps in the route to models of memory and decision},
  author={Estes, WK},
  journal={Psychonomic Bulletin \& Review},
  volume={9},
  number={1},
  pages={3--25},
  year={2002},
  publisher={Springer}
}
@article{heathcote2000power,
  title={The power law repealed: The case for an exponential law of practice},
  author={Heathcote, A. and Brown, S. and Mewhort, D.J.K.},
  journal={Psychonomic Bulletin \& Review},
  volume={7},
  number={2},
  pages={185--207},
  year={2000},
  publisher={Springer}
}
@article{navarro2006modeling,
  title={Modeling individual differences using {D}irichlet processes},
  author={Navarro, D.J. and Griffiths, T.L. and Steyvers, M. and Lee, M.D.},
  journal={Journal of Mathematical Psychology},
  volume={50},
  number={2},
  pages={101--122},
  year={2006},
  publisher={Elsevier}
}
@article{vandekerckhove2011hierarchical,
  title={Hierarchical diffusion models for two-choice response times.},
  author={Vandekerckhove, J. and Tuerlinckx, F. and Lee, M.D.},
  journal={Psychological Methods},
  volume={16},
  number={1},
  pages={44},
  year={2011},
  publisher={American Psychological Association}
}
@inproceedings{vandekerckhove2008bayesian,
  title={A {B}ayesian approach to diffusion process models of decision-making},
  author={Vandekerckhove, J. and Tuerlinckx, F. and Lee, M.},
  booktitle={Proceedings of the 30th {A}nnual {C}onference of the {C}ognitive {S}cience {S}ociety},
  pages={1429--1434},
  year={2008}
}
@article{wetzels2010bayesian,
  title={{B}ayesian parameter estimation in the Expectancy Valence model of the Iowa gambling task},
  author={Wetzels, R. and Vandekerckhove, J. and Tuerlinckx, F. and Wagenmakers, Eric-Jan},
  journal={Journal of Mathematical Psychology},
  volume={54},
  number={1},
  pages={14--27},
  year={2010},
  publisher={Elsevier}
}
@article{kuppens2010feelings,
  title={Feelings change: Accounting for individual differences in the temporal dynamics of affect.},
  author={Kuppens, P. and Oravecz, Z. and Tuerlinckx, F.},
  journal={Journal of Personality and Social Psychology},
  volume={99},
  number={6},
  pages={1042},
  year={2010},
  publisher={American Psychological Association}
}
@article{oravecz2011hierarchical,
  title={A hierarchical latent stochastic differential equation model for affective dynamics.},
  author={Oravecz, Z. and Tuerlinckx, F. and Vandekerckhove, J.},
  journal={Psychological Methods},
  volume={16},
  number={4},
  pages={468},
  year={2011},
  publisher={American Psychological Association}
}
@article{dutilh2009diffusion,
  title={A diffusion model decomposition of the practice effect},
  author={Dutilh, G. and Vandekerckhove, J. and Tuerlinckx, F. and Wagenmakers, Eric-Jan},
  journal={Psychonomic Bulletin \& Review},
  volume={16},
  number={6},
  pages={1026--1036},
  year={2009},
  publisher={Springer}
}
@article{vandekerckhove2010crossed,
  title={A crossed random effects diffusion model for speeded semantic categorization decisions},
  author={Vandekerckhove, J. and Verheyen, S. and Tuerlinckx, F.},
  journal={Acta Psychologica},
  volume={133},
  number={3},
  pages={269--282},
  year={2010},
  publisher={Elsevier}
}
@article{lee2011number,
  title={Number-knower levels in young children: Insights from {B}ayesian modeling},
  author={Lee, M.D. and Sarnecka, B.W.},
  journal={Cognition},
  volume={120},
  number={3},
  pages={391--402},
  year={2011},
  publisher={Elsevier}
}
@book{deboeck2004explanatory,
  title={Explanatory item response models: a generalized linear and nonlinear approach},
  author={{De Boeck}, P. and Wilson, M.},
  year={2004},
  publisher={Springer}
}
@article{pooley2011understanding,
  title={Understanding memory impairment with memory models and hierarchical {B}ayesian analysis},
  author={Pooley, J.P. and Lee, M.D. and Shankle, W.R.},
  journal={Journal of Mathematical Psychology},
  volume={55},
  number={1},
  pages={47--56},
  year={2011},
  publisher={Elsevier}
}
@article{riefer2002cognitive,
  title={Cognitive psychometrics: Assessing storage and retrieval deficits in special populations with multinomial processing tree models.},
  author={Riefer, D.M. and Knapp, B.R. and Batchelder, W.H. and Bamber, D. and Manifold, V.},
  journal={Psychological Assessment},
  volume={14},
  number={2},
  pages={184},
  year={2002},
  publisher={American Psychological Association}
}

@article{chicherio2011hierarchical,
  title={A hierarchical diffusion model account of intra- and inter-individual variability in a speeded two-choice reaction time task across the lifespan.},
  author={Chicherio, C. and Dirk, J. and Vandekerckhove, J. and Ghisletta, P. and {de Ribaupierre}, A. },
  journal={Journal of Psychophysiology},
  volume={25},
  pages={33},
  year={2011}
}

@article{deboeck2008random,
  title={Random item {IRT} models},
  author={De Boeck, P.},
  journal={Psychometrika},
  volume={73},
  number={4},
  pages={533--559},
  year={2008},
  publisher={Springer}
}

@book{gelman2004bayesian,
  title={{B}ayesian data analysis},
  author={Gelman, A. and Carlin, J.B. and Stern, H.S. and Rubin, D.B.},
  year={2004},
  address={New York},
  publisher={Chapman \& Hall/CRC}
}

@book{gelman2007data,
  title={Data analysis using regression and multilevel/hierarchical models},
  author={Gelman, A. and Hill, J.},
  year={2007},
  address={Cambridge, MA},
  publisher={Cambridge University Press}
}

@article{vandekerckhove2007fitting,
  title={Fitting the {R}atcliff diffusion model to experimental data},
  author={Vandekerckhove, J. and Tuerlinckx, F.},
  journal={Psychonomic Bulletin \& Review},
  volume={14},
  number={6},
  pages={1011--1026},
  year={2007},
  publisher={Springer}
}

@article{vandekerckhove2007concavity,
  title={The concavity effect is a compound of local and global effects},
  author={Vandekerckhove, J. and Panis, S. and Wagemans, J.},
  journal={Attention, Perception, \& Psychophysics},
  volume={69},
  number={7},
  pages={1253--1260},
  year={2007},
  publisher={Springer}
}

@article{vandekerckhove2008diffusion,
  title={Diffusion model analysis with {MATLAB}: A {DMAT} primer},
  author={Vandekerckhove, J. and Tuerlinckx, F.},
  journal={Behavior Research Methods},
  volume={40},
  number={1},
  pages={61--72},
  year={2008},
  publisher={Springer}
}

@misc{plummer2003jags,
  author={Martyn Plummer},
  title={{JAGS}: A program for analysis of {B}ayesian graphical models using {G}ibbs sampling},
  year={2003}
}

@article{thomas1992bugs,
  title={{BUGS}: A program to perform {B}ayesian inference using {G}ibbs sampling},
  author={Thomas, A. and Spiegelhalter, D.J. and Gilks, WR},
  journal={{B}ayesian statistics},
  volume={4},
  pages={837--842},
  year={1992}
}

@article{voss2007fast,
  title={{fast-dm}: A free program for efficient diffusion model analysis},
  author={Voss, A. and Voss, J.},
  journal={Behavior Research Methods},
  volume={39},
  number={4},
  pages={767--775},
  year={2007},
  publisher={Springer}
}

@article{wagenmakers2007ez,
  title={An {EZ}-diffusion model for response time and accuracy},
  author={Wagenmakers, Eric-Jan and {van der Maas}, H.L.J. and Grasman, R.P.P.P.},
  journal={Psychonomic Bulletin \& Review},
  volume={14},
  number={1},
  pages={3--22},
  year={2007},
  publisher={Springer}
}

@article{wagenmakers2009methodological,
  title={Methodological and empirical developments for the {R}atcliff diffusion model of response times and accuracy},
  author={Wagenmakers, Eric-Jan},
  journal={European Journal of Cognitive Psychology},
  volume={21},
  number={5},
  pages={641--671},
  year={2009},
  publisher={Taylor \& Francis}
}

@article{wiecki2011fitting,
  title={{HDDM}: {H}ierarchical {B}ayesian estimation of the Drift-Diffusion Model in {P}ython},      
  author={Wiecki, Thomas V  and  Sofer, Imri  and  Frank, Michael J},   
  journal={Frontiers in Neuroinformatics},      
  volume={7},      
  year={2013},      
  number={14},     
}

@article{blurton2012fast,
  title={Fast and accurate calculations for cumulative first-passage time distributions in {W}iener diffusion models},
  author={Blurton, S.P. and Kesselmeier, M. and Gondan, M.},
  journal={Journal of Mathematical Psychology},
  volume={56},
  number={6},
  pages={470--475},
  year={2012},
  publisher={Elsevier}
}

@article{tuerlinckx2001comparison,
  title={A comparison of four methods for simulating the diffusion process},
  author={Tuerlinckx, F. and Maris, E. and Ratcliff, R. and De Boeck, P.},
  journal={Behavior Research Methods},
  volume={33},
  number={4},
  pages={443--456},
  year={2001},
  publisher={Springer}
}

@article{lunn2000winbugs,
  title={{WinBUGS}---{A} {B}ayesian modelling framework: concepts, structure, and extensibility},
  author={Lunn, D.J. and Thomas, A. and Best, N. and Spiegelhalter, D.},
  journal={Statistics and computing},
  volume={10},
  number={4},
  pages={325--337},
  year={2000},
  publisher={Springer}
}

@phdthesis{vandekerckhove2009extensions,
  author={Vandekerckhove, J.},
  title={Extensions and Applications of the Diffusion Model for Two-Choice Response Times},
  school={University of Leuven},
  year={2009}
}

@misc{lunn2012bugs,
  title={The {BUGS} {B}ook: A Practical Introduction to {B}ayesian Analysis},
  author={Lunn, D. and Jackson, C. and Best, N. and Thomas, A. and Spiegelhalter, D.},
  year={2012},
  publisher={CRC Press}
}

@article{wagenmakers2004aic,
  title={{AIC} model selection using {A}kaike weights},
  author={Wagenmakers, Eric-Jan and Farrell, Simon},
  journal={Psychonomic Bulletin \& Review},
  volume={11},
  number={1},
  pages={192--196},
  year={2004},
  publisher={Springer}
}


