@Manual{far16,
  author = {Julian Faraway},
  note = {R package version 1.0.7},
  title = {Functions and Datasets for Books by Julian Faraway},
  url = {http://CRAN.R-project.org/package=faraway},
  year = {2016},
}

@Manual{Clyde17,
  author = {Merlise Clyde},
  note = {R package version 1.4.7},
  title = {BAS: Bayesian Adaptive Sampling for Bayesian Model Averaging},
  url = {http://CRAN.R-project.org/package=BAS},
  year = {2017},
}

@Article{Sch2012,
  author = {Fabian Scheipl and Ludwig Fahrmeir and Thomas Kneib},
  journal = {Journal of the American Statistical Association},
  number = {500},
  pages = {1518--1532},
  title = {Spike-and-Slab Priors for Function Selection in Structured Additive Regression Models},
  url = {http://doi.org/10.1080/01621459.2012.737742},
  volume = {107},
  year = {2012},
}

@Article{Raf95,
  author = {A. E. Raftery},
  journal = {Sociological Methodology},
  pages = {111 -- 163},
  title = {Bayesian Model Selection in Social Research},
  volume = {25},
  year = {1995},
  url = {http://doi.org/10.2307/271063},
}

@Article{MadRaf94,
  author = {D. Madigan and A. E. Raftery},
  journal = {Journal of the American Statistical Association},
  pages = {1535 -- 1546},
  title = {Model Selection and Accounting for Model Uncertainty in Graphical Models Using {O}ccam's Window},
  volume = {89},
  year = {1994},
  url = {https://doi.org/10.1080/01621459.1994.10476894},
}

@Manual{faraway2002,
  author = {J. Faraway},
  title = {Practical Regression and Anova in R},
  year = {2002},
}

@Book{Bels,
  author = {David A. Belsley and Edwin Kuh and Roy E. Welsch},
  publisher = {John Wiley \& Sons},
  title = {Regression Diagnostics: Identifying Influential Data and Sources of Collinearity},
  url = {https://doi.org/10.1002/0471725153},
  year = {2005},
}

@Manual{R16,
  address = {Vienna, Austria},
  author = {{R Core Team}},
  organization = {R Foundation for Statistical Computing},
  title = {R: {A} {L}anguage and {E}nvironment for {S}tatistical {C}omputing},
  year = {2016},
}

@Article{Baetal11,
  author = {Maria J. Bayarri and James O. Berger and Anabel Forte and Gonzalo García-Donato},
  journal = {The Annals of Statistics},
  pages = {1550-1577},
  title = {Criteria for {B}ayesian Model Choice with Application to Variable Selection},
  url = {https://doi.org/10.1214/12-AOS1013},
  volume = {40},
  year = {2012},
}

@Article{Ber06,
  author = {James O. Berger},
  journal = {Bayesian Analysis},
  number = {3},
  pages = {385-402},
  title = {The Case for Objective {B}ayesian Analysis},
  volume = {1},
  url = {https://doi.org/10.1214/06-BA115},
  year = {2006},
}

@Book{Lee97,
  author = {Peter M. Lee},
  publisher = {John Wiley \& Sons},
  title = {Bayesian {S}tatistics. An Introduction. Second Edition.},
  year = {1997},
}

@Article{Foretal16,
  author = {Anabel Forte and Gonzalo Garcia-Donato and Mark F. J. Steel},
  journal = {International Statistical Review (to appear)},
  title = {{Methods and Tools for Bayesian Variable Selection and Model Averaging in Univariate Linear Regression}},
  url = {https://doi.org/10.1111/insr.12249},
  year = {2018},
}

@Manual{Ishwaetal13,
  author = {H. Ishwaran and J. S. Rao and U. B. Kogalur},
  note = {R package version 1.1.5},
  publisher = {manual},
  title = {Spikeslab: Prediction and {V}ariable {S}election {U}sing {S}pike and {S}lab {R}egression},
  url = {http://cran.r-project.org/web/packages/spikeslab/},
  year = {2013},
}

@Manual{MorRou15,
  author = {Richard D. Morey and Jeffrey N. Rouder and Tahira Jamil},
  note = {R package version 0.9.11-1},
  title = {BayesFactor: Computation of Bayes Factors for Common Designs},
  url = {http://CRAN.R-project.org/package=BayesFactor},
  year = {2015},
}

@Manual{faraway,
  author = {Julian Faraway},
  note = {R package version 1.0.7},
  title = {Faraway: Functions and Datasets for Books by Julian Faraway},
  url = {https://CRAN.R-project.org/package=faraway},
  year = {2016},
}

@Manual{Fraetal15,
  author = {Chris Fraley and Adrian E. Raftery and J. McLean Sloughter and Tilmann Gneiting and University {of Washington.}},
  note = {R package version 5.1.2},
  title = {ensembleBMA: Probabilistic Forecasting Using Ensembles and Bayesian Model Averaging},
  url = {http://CRAN.R-project.org/package=ensembleBMA},
  year = {2015},
}

@Manual{McCoretal14,
  author = {Tyler H. McCormick and Adrian E. Raftery and David Madigan},
  note = {R package version 1.2-2},
  title = {Dma: Dynamic Model Averaging},
  url = {http://CRAN.R-project.org/package=dma},
  year = {2014},
}

@Manual{RafHoetal15,
  author = {Adrian Raftery and Jennifer Hoeting and Chris Volinsky and Ian Painter and Ka Yee Yeung},
  note = {R package version 3.18.4},
  title = {BMA: Bayesian Model Averaging},
  url = {http://CRAN.R-project.org/package=BMA},
  year = {2015},
}

@Manual{KaNa15,
  author = {Masatoshi Katabuchi and Akihiro Nakamura},
  note = {R package version 0.0.2},
  title = {Mglmn: Model Averaging for Multivariate GLM with Null Models},
  url = {https://CRAN.R-project.org/package=mglmn},
  year = {2015},
}

@Article{CarSte12,
  author = {Peter Carbonetto and Matthew Stephens},
  journal = {Bayesian Analysis},
  number = {1},
  pages = {73--108},
  title = {Scalable Variational Inference for {Bayesian} Variable Selection in Regression, and Its Accuracy in Genetic Association Studies},
  volume = {7},
  year = {2012},
}

@Article{BiGoRue15,
  author = {Roger S. Bivand and Virgilio Gómez-Rubio and H\aavard Rue},
  journal = {Journal of Statistical Software},
  number = {20},
  pages = {1--31},
  title = {Spatial Data Analysis with {R}-{INLA} with Some Extensions},
  url = {http://www.jstatsoft.org/v63/i20/},
  volume = {63},
  year = {2015},
}

@Manual{GarFor15,
  author = {Gonzalo Garcia-Donato and Anabel Forte},
  note = {R package version 1.6.1},
  title = {BayesVarSel: Bayes Factors, Model Choice and Variable Selection In Linear Models},
  url = {http://CRAN.R-project.org/package=BayesVarSel},
  year = {2015},
}

@Article{FeldZeu15,
  author = {Stefan Zeugner and Martin Feldkircher},
  url = {https://doi.org/10.18637/jss.v068.i04},
  journal = {Journal of Statistical Software},
  number = {4},
  pages = {1--37},
  title = {Bayesian Model Averaging Employing Fixed and Flexible Priors: The {BMS} Package for {R}},
  volume = {68},
  year = {2015},
}

@Manual{Rossell14,
  author = {David Rossell and John D. Cook and Donatello Telesca and P. Roebuck},
  note = {R package version 1.5.9},
  title = {Mombf: Moment and Inverse Moment {B}ayes Factors},
  url = {http://CRAN.R-project.org/package=mombf},
  year = {2014},
}

@Article{KassRaf95,
  author = {Robert E. Kass and Adrian E. Raftery},
  journal = {Journal of the American Statistical Association},
  number = {430},
  pages = {773--795},
  title = {Bayes Factors},
  volume = {90},
  year = {1995},
  url = {https://doi.org/10.1080/01621459.1995.10476572},
}

@InCollection{BergerPericchi01,
  address = {Beachwood, OH},
  author = {James O. Berger and Luis R. Pericchi},
  booktitle = {Model Selection},
  url = {https://doi.org/10.1214/lnms/1215540968},
  pages = {135--207},
  publisher = {Institute of Mathematical Statistics},
  series = {Lecture Notes--Monograph Series},
  title = {{Objective Bayesian Methods for Model Selection: Introduction and Comparison}},
  volume = {38},
  year = {2001},
}

@Book{ravdey02,
  author = {N. Ravishanker and D. K. Dey},
  publisher = {Chapman and Hall/CRC},
  title = {A First Course in Linear Model Theory},
  year = {2002},
}

@Article{BayGar07,
  author = {M. J. Bayarri and G. García-Donato},
  journal = {Biometrika},
  number = {1},
  pages = {135--152},
  publisher = {Oxford University Press},
  title = {Extending Conventional Priors for Testing General Hypotheses in Linear Models},
  url = {https://doi.org/10.1093/biomet/asm014},
  volume = {94},
  year = {2007},
}

@Article{ScottBerger06,
  author = {James G. Scott and James O. Berger},
  booktitle = {In Memory of Dr. Shanti Swarup Gupta},
  journal = {Journal of Statistical Planning and Inference},
  number = {7},
  pages = {2144-2162},
  title = {An Exploration of Aspects of {B}ayesian Multiple Testing},
  volume = {136},
  year = {2006},
  url = {https://doi.org/10.1016/j.jspi.2005.08.031},
}

@Article{LeySteel09,
  author = {Eduardo Ley and Mark F. Steel},
  journal = {Journal of Applied Econometrics},
  number = {4},
  pages = {651--674},
  title = {On the Effect of Prior Assumptions in {B}ayesian Model Averaging with Applications to Growth Regression},
  volume = {24},
  url = {https://doi.org/10.1002/jae.1057},
  year = {2009},
}

@Article{E73,
  author = {I. Ehrlich},
  journal = {Journal of Political Economy},
  number = {3},
  pages = {521--567},
  title = {Participation in Illegitimate Activities: a Theoretical and Empirical Investigation},
  volume = {81},
  year = {1973},
}

@Book{MASS,
  address = {New York},
  author = {W. N. Venables and B. D. Ripley},
  edition = {4th},
  note = {ISBN 0-387-95457-0},
  publisher = {Springer-Verlag},
  title = {Modern Applied Statistics with S},
  url = {http://www.stats.ox.ac.uk/pub/MASS4},
  year = {2002},
}

@Article{SDM,
  author = {Xavier Sala-I-Martin and Gernot Doppelhofer and Ronald I. Miller},
  journal = {American Economic Review},
  number = {4},
  pages = {813-835},
  title = {Determinants of Long-Term Growth: A {B}ayesian Averaging of Classical Estimates {(BACE)} Approach},
  url = {https://doi.org/10.1257/0002828042002570},
  volume = {94},
  year = {2004},
}

@Article{LeySteel07,
  author = {Eduardo Ley and Mark F. J. Steel},
  url = {https://doi.org/10.1016/j.jmacro.2006.12.002},
  journal = {Journal of Macroeconomics},
  note = {Special Issue on the Empirics of Growth Nonlinearities},
  number = {3},
  pages = {476 - 493},
  title = {Jointness in {B}ayesian Variable Selection with Applications to Growth Regression},
  volume = {29},
  year = {2007},
}

@Article{GeorgeMcCulloch97,
  author = {Edward I. George and Robert E. McCulloch},
  journal = {Statistica Sinica},
  pages = {339-373},
  title = {Approaches for {B}ayesian Variable Selection},
  volume = {7},
  year = {1997},
}

@Article{Ga-DoMa-Be13,
  author = {Gonzalo Garcia-Donato and Miguel A. Martinez-Beneito},
  journal = {Journal of the American Statistical Association},
  number = {501},
  pages = {340--352},
  title = {{On Sampling Strategies in Bayesian Variable Selection Problems with Large Model Spaces}},
  volume = {108},
  url = {https://doi.org/10.1080/01621459.2012.742443},
  year = {2013},
}

@Article{BarBer04,
  author = {Maria M. Barbieri and James O. Berger},
  journal = {The Annals of Statistics},
  number = {3},
  pages = {870--897},
  publisher = {Institute of Mathematical Statistics},
  title = {Optimal Predictive Model Selection},
  url = {https://doi.org/10.1214/009053604000000238},
  volume = {32},
  year = {2004},
}

@InProceedings{BerBer92,
  author = {James O. Berger and Jose M. Bernardo},
  booktitle = {Bayesian Statistics 4},
  editor = {J. M. Bernardo},
  pages = {35-60},
  publisher = {London: Oxford University Press},
  title = {On the Development of the Reference Prior Method.},
  year = {1992},
}

@Article{BerBerDon09,
  author = {James O. Berger and J. M. Bernardo and Dongchu Sun},
  journal = {The Annals of Statistics},
  number = {2},
  pages = {905-938},
  title = {The Formal Definition of Reference Priors},
  volume = {37},
  url = {https://doi.org/10.1214/07-AOS587},
  year = {2009},
}

@Book{BerSmi94,
  author = {J. M. Bernardo and Adrian F. M. Smith},
  publisher = {John Wiley \& Sons},
  title = {Bayesian Theory},
  year = {1994},
}

@Article{Consonni2016,
  author = {G. Consonni and L. Deldossi},
  journal = {Test},
  pages = {397--412},
  title = {Objective Bayesian Model Discrimination in Follow-up Experimental Designs},
  volume = {25},
  url = {https://doi.org/10.1007/s11749-015-0461-3},
  year = {2016},
}

@Article{Rafteryetal97,
  author = {Adrian E. Raftery and David Madigan and Jennifer Hoeting},
  journal = {Journal of the American Statistical Association},
  pages = {179-191},
  title = {Bayesian Model Averaging for Linear Regression Models},
  volume = {92},
  year = {1997},
}

@InProceedings{ZellSiow80,
  author = {Arnold Zellner and A. Siow},
  booktitle = {Bayesian Statistics 1},
  editor = {J. M. Bernardo and M. H. DeGroot and D. V. Lindley and Adrian F. M. Smith},
  pages = {585-603},
  publisher = {Valencia: University Press},
  title = {Posterior Odds Ratio for Selected Regression Hypotheses},
  year = {1980},
}

@Book{Jef61,
  author = {Harold Jeffreys},
  edition = {3rd},
  publisher = {Oxford University Press},
  title = {Theory of Probability},
  year = {1961},
}

@Book{ZellSiow84,
  author = {Arnold Zellner and A. Siow},
  publisher = {Chicago: University of Chicago Press},
  title = {Basic Issues in Econometrics},
  year = {1984},
}

@InProceedings{Zellner86,
  author = {Arnold Zellner},
  booktitle = {Bayesian Inference and Decision Techniques: Essays in Honor of Bruno De Finetti},
  editor = {A. Zellner},
  pages = {389-399},
  publisher = {Edward Elgar Publishing Limited},
  title = {On Assessing Prior Distributions and {B}ayesian Regression Analysis with g-Prior Distributions},
  year = {1986},
}

@Article{KassWass95,
  author = {Robert E. Kass and Larry Wasserman},
  journal = {Journal of the American Statistical Association},
  number = {431},
  pages = {928--934},
  title = {A Reference {B}ayesian Test for Nested Hypotheses and Its Relationship to the {S}chwarz Criterion},
  volume = {90},
  year = {1995},
  url = {https://doi.org/10.1080/01621459.1995.10476592},
}

@Article{FLS01,
  author = {Carmen Fernández and Eduardo Ley and Mark F. Steel},
  journal = {Journal of Econometrics},
  pages = {381-427},
  title = {Benchmark Priors for {B}ayesian Model Averaging},
  volume = {100},
  year = {2001},
  url = {https://doi.org/10.1016/S0304-4076(00)00076-2},
}

@Article{liang08,
  author = {Feng Liang and Rui Paulo and German Molina and Merlise A. Clyde and James O. Berger},
  journal = {Journal of the American Statistical Association},
  number = {481},
  pages = {410--423},
  title = {Mixtures of g-Priors for {B}ayesian Variable Selection},
  volume = {103},
  url = {https://doi.org/10.1198/016214507000001337},
  year = {2008},
}
