@book{ada:wil:wan:97,
author = {R.~J. {Adams, M.~Wilson, and W.-C. Wang}},
title = {{The multidimensional random coefficients multinomial logit}},
publisher = {Applied Psychological Measurement 21:},
pages = {1--23},
year = {1997}
}
@book{agr:02,
author = {A.~{Agresti}},
title = {{Categorical Data Analysis}},
publisher = {Wiley Hoboken NJ},
year = {2013}
}
@book{aka:73,
author = {H.~{Akaike}},
title = {{Information theory and an extension of the maximum likelihood principle}},
publisher = {In B.~N Petrov and F.~Csaki editors Second InternationalSymposium of Information Theory pages  Budapest  AkademiaiKiado},
pages = {267--281},
year = {1973}
}
@book{andr:78,
author = {D.~{Andrich}},
title = {{A rating formulation for ordered response categories}},
publisher = {Psychometrika 43:},
pages = {561--573},
year = {1978}
}
@book{bacci:bartolucci:15,
author = {S.~{Bacci and F.~Bartolucci}},
title = {{A multidimensional finite mixture structural equation model for nonignorable missing responses to test items}},
publisher = {Structural Equation Modeling: A Multidisciplinary Journal,22:},
pages = {352--365},
year = {2015}
}
@book{bacci:bartolucci:gnaldi:2014,
author = {S.~{Bacci, F.~Bartolucci, and M.~Gnaldi}},
title = {{A class of multidimensional latent class IRT models for ordinal polytomous item responses}},
publisher = {Communications in Statistics - Theory and Methods,43:},
pages = {787--800},
year = {2014}
}
@book{bart:07,
author = {F.~{Bartolucci}},
title = {{A class of multidimensional IRT models for testing unidimensionality and clustering items}},
publisher = {Psychometrika 72:},
pages = {141--157},
year = {2007}
}
@book{mlcirt,
author = {F.~{Bartolucci and S.~Bacci}},
title = {{tt MLCIRTwithin: Latent Class Item Response Theory (LC-IRT) Models under Within-Item Multidimensionality}},
publisher = {R package version 2.1},
year = {2016},
url = {https://cran.r-project.org/web/packages/MLCIRTwithin}
}
@book{lmest,
author = {F.~{Bartolucci and S.~Pandolfi}},
title = {{LMest: Latent Markov Models with and without Covariates}},
publisher = {R package version 2.2-0},
year = {2016},
url = {https://cran.r-project.org/web/packages/LMest}
}
@book{bart:bacci:gna,
author = {F.~{Bartolucci, S.~Bacci, and M.~Gnaldi}},
title = {{MultiLCIRT: An R package for multidimensional latent class item response models}},
publisher = {Computational Statistics & Data Analysis 71:},
pages = {971--985},
year = {2014}
}
@book{bartolucci:bacci:gnaldi:book:15,
author = {F.~{Bartolucci, S.~Bacci, and M.~Gnaldi}},
title = {{Statistical Analysis of Questionnaires: a Unified Approach based on R and Stata}},
publisher = {Chapman & Hall CRC Press Boca Raton FL},
year = {2015}
}
@book{multilcirt,
author = {F.~{Bartolucci, S.~Bacci, and M.~Gnaldi}},
title = {{MultiLCIRT: Multidimensional latent class Item Response Theory models}},
publisher = {R package version 2.10},
year = {2016},
url = {https://cran.r-project.org/web/packages/MultiLCIRT/}
}
@book{covLCA,
author = {A.~{Bertrand and C.~M. Hafner}},
title = {{covLCA: Latent Class Models with Covariate Effects on Underlying and Measured Variables}},
publisher = {R package version 1.0},
year = {2013},
url = {https://cran.r-project.org/web/packages/covLCA/}
}
@book{birn:68,
author = {A.~{Birnbaum}},
title = {{Some latent trait models and their use in inferring an examinee's ability}},
publisher = {In F.~M Lord and M.~R Novick editors Statistical Theoriesof Mental Test Scores pages  Addison-Wesley Reading MA},
pages = {395--479},
year = {1968}
}
@book{bock:gibbons:muraki:88,
author = {R.~D. {Bock, R.~Gibbons, and E.~Muraki}},
title = {{Full-information item factor analysis}},
publisher = {Applied Psychological Measurement 12:},
pages = {261--280},
year = {1988}
}
@book{bonifay:15,
author = {W.~E. {Bonifay}},
title = {{An illustration of the two-tier item factor analysis model}},
publisher = {In S.~P Reise and D.~A Revicki editors Handbook of ItemResponse Theory Modeling pages  Routledge},
pages = {207--225},
year = {2015}
}
@book{cai:10,
author = {L.~{Cai}},
title = {{A two-tier full-information item factor analysis model with applications}},
publisher = {Psychometrika 75:},
pages = {581--612},
year = {2010}
}
@book{cai:yang:hansen:11,
author = {L.~{Cai, J.~S. Yang, and M.~Hansen}},
title = {{Generalized full-information item bifactor analysis}},
publisher = {Psychological Methods 16:},
pages = {221--248},
year = {2011}
}
@book{celeux:96,
author = {G.~{Celeux and G.~Soromenho}},
title = {{An entropy criterion for assessing the number of clusters in a mixture model}},
publisher = {Journal of Classification 13:},
pages = {195--212},
year = {1996}
}
@book{mirt,
author = {P.~{Chalmers, J.~Pritikin, A.~Robitzsch, M.~Zoltak, K.~Kim, C.~F. Falk, and A.~Meade}},
title = {{mirt: Multidimensional Item Response Theory}},
publisher = {R package version 1.18},
year = {2016},
url = {https://cran.r-project.org/web/packages/mirt/}
}
@book{chalmers:mirt:12,
author = {P.~R. {Chalmers}},
title = {{tt mirt: a multidimensional item response theory package for the R environment}},
publisher = {Journal of Statistical Software 48:},
pages = {1--29},
year = {2012}
}
@book{demp:laird:rub:77,
author = {A.~P. {Dempster, N.~M. Laird, and D.~B. Rubin}},
title = {{Maximum likelihood from incomplete data via the EM algorithm (with discussion)}},
publisher = {Journal of the Royal Statistical Society B 39:},
pages = {1--38},
year = {1977}
}
@book{farivar:2007,
author = {S.~S. {Farivar, W.~E. Cunningham, and R.~D. Hays}},
title = {{Correlated physical and mental health summary scores for the SF-36 and SF-12 health survey, V. 1}},
publisher = {Health and Quality of Life Outcomes 5: doi:10.1186/--5--54},
pages = {1477--7525},
year = {2007}
}
@book{for:07b,
author = {A.~K. {Formann}},
title = {{Mixture analysis of multivariate categorical data with covariates and missing entries}},
publisher = {Computational Statistics & Data Analysis 51:},
pages = {5236--5246},
year = {2007}
}
@book{formann:kohl:02,
author = {A.~K. {Formann and T.~Kohlmann}},
title = {{Three-parameter linear logistic latent class analysis}},
publisher = {In J.~A Hagenaars and A.~L McCutcheon editors Appliedlatent class analysis pages  Cambridge University Press,Cambridge},
pages = {183--210},
year = {2002}
}
@book{gibbons:hedeker:92,
author = {R.~D. {Gibbons and D.~R. Hedeker}},
title = {{Full-information item bi-factor analysis}},
publisher = {Psychometrika 57:},
pages = {423--436},
year = {1992}
}
@book{gibbons:07,
author = {R.~D. {Gibbons, R.~D. Bock, D.~Hedeker, D.~J. Weiss, E.~Segawa, D.~K. Bhaumik, D.~J. Kupfer, E.~Frank, V.~J. Grochocinski, and A.~Stover}},
title = {{Full-information item bifactor analysis of graded response data}},
publisher = {Applied Psychological Measurement 31:},
pages = {4--19},
year = {2007}
}
@book{good:74,
author = {L.~A. {Goodman}},
title = {{Exploratory latent structure analysis using both identifiable and unidentifiable models}},
publisher = {Biometrika 61:},
pages = {215--231},
year = {1974}
}
@book{ham:swam:85,
author = {R.~K. {Hambleton and H.~Swaminathan}},
title = {{Item Response Theory: Principles and Applications}},
publisher = {Kluwer Nijhoff Publishing Boston},
year = {1985}
}
@book{Hays:93,
author = {R.~D. {Hays, C.~D. Sherbourne, and R.~M. Mazel}},
title = {{The RAND 36-item health survey 1.0}},
publisher = {Health Economics 2:},
pages = {217--227},
year = {1993}
}
@book{jang:08,
author = {E.~E. {Jang}},
title = {{A framework for cognitive diagnostic assessment}},
publisher = {In C.~A Chapelle Y.-R Chung and J.~Xu editors Towardsadaptive CALL: Natural language processing for diagnostic languageassessment pages  Iowa State University Ames IA},
pages = {117--131},
year = {2008}
}
@book{flirt,
author = {M.~{Jeon, F.~Rijmen, and S.~Rabe-Hesketh}},
title = {{Flexible item response theory modeling with FLIRT}},
publisher = {Applied Psychological Methods 38:},
pages = {404--405},
year = {2014}
}
@book{laza:henr:68,
author = {P.~F. {Lazarsfeld and N.~W. Henry}},
title = {{Latent Structure Analysis}},
publisher = {Houghton Mifflin Boston},
year = {1968}
}
@book{mast:82,
author = {G.~N. {Masters}},
title = {{A Rasch model for partial credit scoring}},
publisher = {Psychometrika 47:},
pages = {149--174},
year = {1982}
}
@book{mplus,
author = {L.~{Muth{\'e}n and B.~Muth{\'e}n}},
title = {{Mplus user's guide}},
publisher = {Los Angeles CA Muth'en & Muth'en edition},
year = {2012}
}
@book{openmx,
author = {M.~C. {Neale, M.~D. Hunter, J.~N. Pritikin, M.~Zahery, T.~R. Brick, R.~M. Kickpatrick, R.~Estabrook, T.~C. Bates, H.~H. Maes, and S.~M. Boker}},
title = {{OpenMx 2.0: Extended structural equation and statistical modeling}},
publisher = {Psychometrika 81 (2):   doi10.1007/s11336-014-9435-8},
pages = {535--549},
year = {2016}
}
@book{rasch:60,
author = {G.~{Rasch}},
title = {{Probabilistic Models for Some Intelligence and Attainment Tests}},
publisher = {Danish Intitute for Educational Reserch Copenhagen},
year = {1960}
}
@book{reckase:10,
author = {M.~D. {Reckase}},
title = {{Multidimensional Item Response Theory}},
publisher = {Springer},
year = {2009}
}
@book{reise:12,
author = {S.~P. {Reise}},
title = {{The rediscovery of bifactor measurement models}},
publisher = {Multivariate Behavioral Research 47:},
pages = {667--696},
year = {2012}
}
@book{cdm,
author = {A.~{Robitzsch, T.~Kiefer, A.~C. George, and A.~Uenlue}},
title = {{CDM: Cognitive Diagnosis Modeling}},
publisher = {R package version 5.0-0},
year = {2016},
url = {https://cran.r-project.org/web/packages/CDM/}
}
@book{lavaan,
author = {Y.~{Rosseel, D.~Oberski, J.~Byrnes, L.~Vanbrabant, V.~Savalei, E.~Merkle, and {et al.}}},
title = {{lavaan: Latent Variable Analysis}},
publisher = {R package version 0.5-20},
year = {2015},
url = {http://lavaan.org}
}
@book{rupp:templin:08,
author = {A.~A. {Rupp and J.~L. Templin}},
title = {{Unique characteristics of diagnostic classification models: A comprehensive review of the current state-of-the-art}},
publisher = {Measurement: Interdisciplinary Research and Perspectives,6:},
pages = {219--262},
year = {2008}
}
@book{sam:69,
author = {F.~{Samejima}},
title = {{Estimation of latent ability using a response pattern of graded scores}},
publisher = {Psychometrika Monograph Supplement 34},
year = {1969}
}
@book{sch:78,
author = {G.~{Schwarz}},
title = {{Estimating the dimension of a model}},
publisher = {The Annals of Statistics 6:},
pages = {461--464},
year = {1978}
}
@book{SF12english1,
author = {A.~L. {Stewart and J.~E. Ware}},
title = {{Measuring Functioning and Well-being}},
publisher = {Duke University Press: Durham},
year = {1992}
}
@book{tatsuoka:83,
author = {K.~K. {Tatsuoka}},
title = {{Rule space: An approach for dealing with misconceptions based on item response theory}},
publisher = {Journal of Educational Measurement 20:},
pages = {345--354},
year = {1983}
}
@book{lin:ham:97,
author = {W.~J. {Van~der Linden and R.~K. Hambleton}},
title = {{Handbook of Modern Item Response Theory}},
publisher = {Springer New York},
year = {1997}
}
@book{latentgold,
author = {J.~{Vermunt and J.~Magidson}},
title = {{Latent GOLD 4.0 user's guide}},
publisher = {Statistical Innovations Inc. Belmont Massachusetts},
year = {2005}
}
@book{dav:08,
author = {M.~von {Davier}},
title = {{A general diagnostic model applied to language testing data}},
publisher = {British Journal of Mathematical and Statistical Psychology,61:},
pages = {287--307},
year = {2008}
}
@book{Ware:1998,
author = {J.~E. {Ware and B.~Gandek}},
title = {{Overview of the SF-36 health survey and the international quality of life assessment (IQOLA) project}},
publisher = {Journal of Clinical Epidemiology 51:},
pages = {903--912},
year = {1998}
}
@book{SF12english,
author = {J.~E. {Ware, M.~Kosinski, D.~M. Turner-Bowker, and B.~Gandek}},
title = {{How to Score Version 2 of the SF-12 Health Survey}},
publisher = {QualityMetric Incorporated: Lincoln RI},
year = {2002}
}







