@Article{bates_lme4_2015,
  author = {Douglas Bates and Martin Mächler and Benjamin M Bolker and Steve Walker},
  title = {{Fitting Linear Mixed-Effects Models Using {Lme4}}},
  journal = {Journal of Statistical Software},
  year = {2015},
  volume = {67},
  number = {1},
  pages = {1--48},
  url = {https://doi.org/10.18637/jss.v067.i01},
}

@Manual{bolker_bbmle,
 title = {bbmle: Tools for General Maximum Likelihood Estimation},
    author = {Ben Bolker and R Development Core Team},
    year = {2017},
    note = {R package version 1.0.20},
    url = {https://CRAN.R-project.org/package=bbmle},
}

@Article{bolker_glmms_2009,
  author = {Benjamin M Bolker and Mollie E Brooks and Connie J Clark and Shane W Geange and John R Poulsen and M Henry H Stevens and Jada-Simone S White},
  title = {{Generalized Linear Mixed Models: a Practical Guide for Ecology and Evolution}},
  journal = {Trends in Ecology {\&} Evolution},
  year = {2009},
  volume = {24},
  number = {3},
  pages = {127--135},
  url = {https://doi.org/10.1016/j.tree.2008.10.008},
}

@Article{bolker_strategies_2013,
  title = {{Strategies for Fitting Nonlinear Ecological Models in {R}, {AD} {Model} {Builder}, and {BUGS}}},
  volume = {4},
  number = {6},
  journal = {Methods in Ecology and Evolution},
  author = {Benjamin M. Bolker and Beth Gardner and Mark Maunder and Casper W. Berg and Mollie Brooks and Liza Comita and Elizabeth Crone and Sarah Cubaynes and Trevor Davies and Perry {de Valpine} and Jessica Ford and Olivier Gimenez and Marc Kéry and Eun Jung Kim and Cleridy Lennert-Cody and Arni Magnusson and Steve Martell and John Nash and Anders Nielsen and Jim Regetz and Hans Skaug and Elise Zipkin},
  editor = {Satu Ramula},
  year = {2013},
  pages = {501--512},
  url = {https://doi.org/10.1111/2041-210x.12044},
}

@InCollection{bolker_chapter_2015,
  author = {Benjamin M Bolker},
  title = {{Linear and Generalized Linear Mixed Models}},
  booktitle = {Ecological Statistics},
  year = {2015},
  editor = {Gordon A Fox and Simoneta Negrete-Yankelevich and Vinicio J Sosa},
  publisher = {Oxford University Press, Oxford, UK},
}

@InCollection{rhodes2015mixture,
  title = {{Mixture Models for Overdispersed Data}},
  author = {Jonathan R Rhodes},
  booktitle = {Ecological Statistics},
  year = {2015},
  editor = {Gordon A Fox and Simoneta Negrete-Yankelevich and Vinicio J Sosa},
  publisher = {Oxford University Press, Oxford, UK},
}

@Article{lambert1992zero,
  title = {{Zero-Inflated {Poisson} Regression, with an Application to Defects in Manufacturing}},
  author = {Diane Lambert},
  journal = {Technometrics},
  volume = {34},
  number = {1},
  pages = {1--14},
  year = {1992},
  publisher = {Taylor \& Francis},
  url = {https://doi.org/10.2307/1269547},
}

@Article{hadfield_2010,
  author = {Jarrod D Hadfield},
  title = {{{MCMC} Methods for Multi-Response Generalized Linear Mixed Models: The {MCMCglmm} R Package}},
  journal = {Journal of Statistical Software},
  year = {2010},
  volume = {33},
  number = {2},
  pages = {1--22},
  url = {https://doi.org/10.18637/jss.v033.i02},
}

@Booklet{hardin_2007,
  title = {{Generalized Linear Models and Extensions}},
  author = {J W Hardin and J M Hilbe},
  year = {2007},
}

@Article{harrison_comparison_2015,
  title = {A Comparison of Observation-Level Random Effect and {Beta}-{Binomial} Models for Modelling Overdispersion in {Binomial} Data in Ecology \& Evolution},
  volume = {3},
  issn = {2167-8359},
  language = {en},
  urldate = {2015-07-21},
  journal = {PeerJ},
  author = {Xavier A. Harrison},
  year = {2015},
  pages = {e1114},
  url = {https://doi.org/10.7717/peerj.1114},
}

@Article{harrison_using_2014,
  title = {Using Observation-Level Random Effects to Model Overdispersion in Count Data in Ecology and Evolution},
  volume = {2},
  issn = {2167-8359},
  language = {en},
  urldate = {2015-08-10},
  journal = {PeerJ},
  author = {Xavier A. Harrison},
  year = {2014},
  pages = {e616},
  url = {https://doi.org/10.7717/peerj.616},
}

@Article{ohara_2010,
  author = {R B O'Hara and D J Kotze},
  title = {{Do Not Log-Transform Count Data}},
  journal = {Methods in Ecology and Evolution},
  volume = {1},
  number = {2},
  pages = {118--122},
  year = {2010},
  url = {https://doi.org/10.1111/j.2041-210x.2010.00021.x},
}

@Article{kristensen_2016,
  author = {K Kristensen and A Nielsen and C W Berg and H Skaug and B Bell},
  title = {{{TMB}: Automatic Differentiation and {Laplace} Approximation}},
  journal = {Journal of Statistical Software},
  volume = {70},
  number = {1},
  pages = {1--21},
  year = {2016},
  url = {https://doi.org/10.18637/jss.v070.i05},
}

@Article{burkner_2017,
  title = {{brms}: An {R} Package for {Bayesian} Multilevel Models Using {Stan}},
  author = {Paul-Christian Bürkner},
  journal = {Journal of Statistical Software},
  year = {2017},
  volume = {80},
  number = {1},
  pages = {1--28},
  encoding = {UTF-8},
  url = {https://doi.org/10.18637/jss.v080.i01},
}

@Article{price_effects_2016,
  author = {S J Price and B L Muncy and S J Bonner and A N Drayer and C D Barton},
  title = {{Effects of Mountaintop Removal Mining and Valley Filling on the Occupancy and Abundance of Stream Salamanders}},
  journal = {Journal of Applied Ecology},
  volume = {53},
  number = {2},
  pages = {459--468},
  year = {2016},
  url = {https://doi.org/10.1111/1365-2664.12585},
}

@Misc{price_dryad,
  title = {{Data From: Effects of Mountaintop Removal Mining and Valley Filling on the Occupancy and Abundance of Stream Salamanders}},
  author = {S J Price and B L Muncy and S J Bonner and A N Drayer and C D Barton},
  year = {2015},
  journal = {Journal of Applied Ecology},
  publisher = {Dryad Digital Repository},
  URL = {https://doi.org/10.5061/dryad.5m8f6},
}

@Article{roulin_nestling_2007,
  title = {{Nestling Barn Owls Beg More Intensely in the Presence of Their Mother than in the Presence of Their Father}},
  volume = {74},
  number = {4},
  journal = {Animal Behaviour},
  author = {Alexandre Roulin and Louis-Felix Bersier},
  year = {2007},
  pages = {1099--1106},
  url = {https://doi.org/10.1016/j.anbehav.2007.01.027},
}

@Manual{skaug_2012,
  title = {{glmmADMB: Generalized Linear Mixed Models Using {AD Model Builder}}},
  author = {H Skaug and D Fournier and A Nielsen and A Magnusson and B M Bolker},
  year = {2012},
}

@Article{warton_2005,
  author = {David I Warton},
  title = {{Many Zeros Does Not Mean Zero Inflation: Comparing the Goodness-of-Fit of Parametric Models to Multivariate Abundance Data}},
  journal = {Environmetrics},
  year = {2005},
  volume = {16},
  number = {3},
  pages = {275--289},
  url = {https://doi.org/10.1002/env.702},
}

@Manual{devtools-2017-64,
  title = {{devtools: Tools to Make Developing {R} Packages Easier}},
  author = {Hadley Wickham and Winston Chang},
   year = {2017},
    note = {R package version 1.13.4},
    url = {https://CRAN.R-project.org/package=devtools},
}

@Article{wilson_1997,
  author = {K Wilson and B T Grenfell},
  title = {{Generalized Linear Modelling for Parasitologists}},
  journal = {Parasitology Today},
  year = {1997},
  volume = {13},
  number = {1},
  pages = {33--38},
}

@Article{zeileis_2008,
  author = {A. Zeileis and C. Kleiber and S. Jackman},
  title = {{Regression Models for Count Data in {R}}},
  journal = {Journal of Statistical Software},
  year = {2008},
  volume = {27},
  number = {8},
  pages = {1--25},
  url = {https://doi.org/10.18637/jss.v027.i08},
}

@Book{zuur_mixed_2009,
  title = {{Mixed Effects Models and Extensions in Ecology with R}},
  publisher = {Springer-Verlag},
  author = {Alain F. Zuur and Elena N. Ieno and Neil J. Walker and Anatoly A. Saveliev and Graham M. Smith},
  year = {2009},
}

@Article{Minami_2007,
  author = {M Minami and C E Lennert-Cody and W Gao and M Román-Verdesoto},
  title = {{Modeling Shark Bycatch: The Zero-Inflated Negative Binomial Regression Model with Smoothing}},
  journal = {Fisheries Research},
  year = {2007},
  volume = {84},
  number = {2},
  pages = {210--221},
  url = {https://doi.org/10.1016/j.fishres.2006.10.019},
}

@Article{stolar_accounting_2015,
  title = {{Accounting for Spatially Biased Sampling Effort in Presence-Only Species Distribution Modelling}},
  volume = {21},
  issn = {13669516},
  language = {en},
  number = {5},
  journal = {Diversity and Distributions},
  author = {Jessica Stolar and Scott E. Nielsen},
  editor = {Janet Franklin},
  year = {2015},
  pages = {595--608},
  url = {https://doi.org/10.1111/ddi.12279},
}

@Article{Gurevitch_meta_1999,
  issn = {00129658, 19399170},
  author = {Jessica Gurevitch and Larry V. Hedges},
  journal = {Ecology},
  number = {4},
  pages = {1142-1149},
  publisher = {Ecological Society of America},
  title = {{Statistical Issues in Ecological Meta-Analyses}},
  volume = {80},
  year = {1999},
  url = {https://doi.org/10.2307/177061},
}

@Article{rue2009approximate,
  title = {{Approximate {Bayesian} Inference for Latent Gaussian Models by Using Integrated Nested Laplace Approximations}},
  author = {H\aavard Rue and Sara Martino and Nicolas Chopin},
  journal = {Journal of the royal statistical society: Series B (statistical methodology)},
  volume = {71},
  number = {2},
  pages = {319--392},
  year = {2009},
  publisher = {John Wiley \& Sons},
  url = {https://doi.org/10.1111/j.1467-9868.2008.00700.x},
}

@Article{wood_2016zip,
  author = {Simon N. Wood and Natalya Pya and Benjamin Säfken},
  title = {{Smoothing Parameter and Model Selection for General Smooth Models}},
  journal = {Journal of the American Statistical Association},
  volume = {111},
  number = {516},
  pages = {1548-1563},
  year = {2016},
  url = {https://doi.org/10.1080/01621459.2016.1180986},
}

@Article{flexmix,
  title = {{{FlexMix} Version 2: Finite Mixtures with Concomitant Variables and Varying and Constant Parameters}},
  author = {Bettina Grün and Friedrich Leisch},
  journal = {Journal of Statistical Software},
  year = {2008},
  volume = {28},
  number = {4},
  pages = {1--35},
  url = {https://doi.org/10.18637/jss.v028.i04},
}

@Article{mxm,
  author = {Vincenzo Lagani and Giorgos Athineou and Alessio Farcomeni and Michail Tsagris and Ioannis Tsamardinos},
  title = {Feature Selection with the R Package MXM: Discovering Statistically Equivalent Feature Subsets},
  journal = {Journal of Statistical Software, Articles},
  volume = {80},
  number = {7},
  year = {2017},
  pages = {1--25},
  url = {https://doi.org/10.18637/jss.v080.i07},
}

@Manual{vgam,
  title = {{{VGAM}: Vector Generalized Linear and Additive Models}},
  author = {Thomas W. Yee},
  year = {2017},
  note = {R package version 1.0-4},
  url = {https://CRAN.R-project.org/package=VGAM},
}

@Article{gamlss,
  title = {{Generalized Additive Models for Location, Scale and Shape}},
  journal = {Applied Statistics},
  volume = {54},
  part = {3},
  pages = {507-554},
  year = {2005},
  author = {R. A. Rigby and D. M. Stasinopoulos},
  url = {https://doi.org/10.1111/j.1467-9876.2005.00510.x},
}

@Article{Huang_2017,
  author = {A. Huang},
  title = {{Mean-Parametrized Conway–Maxwell–Poisson Regression Models for Dispersed Counts}},
  journal = {Statistical Modelling},
  volume = {17},
  number = {6},
  pages = {1-22},
  year = {2017},
  url = {https://doi.org/10.1177/1471082x17697749},
}

@Manual{COMPoissonReg,
    title = {COMPoissonReg: Conway-Maxwell Poisson (COM-Poisson) Regression},
    author = {Kimberly Sellers and Thomas Lotze and Andrew Raim},
    year = {2017},
    note = {R package version 0.4.1},
    url = {https://CRAN.R-project.org/package=COMPoissonReg},
 }

@Article{Sellers_2010,
  author = {K F Sellers and Galit Shmueli},
  title = {{A Flexible Regression Model for Count Data}},
  journal = {The Annals of Applied Statistics},
  number = {2},
  pages = {943-961},
  volume = {4},
  year = {2010},
  url = {https://doi.org/10.1214/09-aoas306},
}

@Article{Lynch_2014,
  author = {Heather J Lynch and James T Thorson and Andrew Olaf Shelton},
  title = {{Dealing with under- and over-dispersed count data in life history, spatial, and community ecology}},
  journal = {Ecology},
  year = {2014},
  volume = {95},
  number = {11},
  pages = {3173--3180},
  url = {https://doi.org/10.1890/13-1912.1},
}

@Article{Shmueli_2005,
  title = {{A Useful Distribution for Fitting Discrete Data: Revival of the {Conway-Maxwell-Poisson} Distribution}},
  author = {Galit Shmueli and Thomas P Minka and Joseph B Kadane and Sharad Borle and Peter Boatwright},
  journal = {Journal of the Royal Statistical Society C},
  volume = {54},
  number = {1},
  pages = {127--142},
  year = {2005},
  publisher = {John Wiley \& Sons},
  url = {https://doi.org/10.1111/j.1467-9876.2005.00474.x},
}

@Article{Barriga_2014,
  title = {{The Zero-Inflated {Conway-Maxwell-Poisson} Distribution: {Bayesian} Inference, Regression Modeling and Influence Diagnostic}},
  author = {Gladys DC Barriga and Francisco Louzada},
  journal = {Statistical Methodology},
  volume = {21},
  pages = {23--34},
  year = {2014},
  publisher = {Elsevier},
  url = {https://doi.org/10.1016/j.stamet.2013.11.003},
}

@Article{denwood_2008,
  title = {{The Distribution of the Pathogenic Nematode {\it Nematodirus Battus} in Lambs is Zero-Inflated}},
  volume = {135},
  number = {10},
  journal = {Parasitology},
  publisher = {Cambridge University Press},
  author = {M. J. Denwood and M. J. Stear and L. Matthews and S. W. J. Reid and N. Toft and G. T. Innocent},
  year = {2008},
  pages = {1225–1235},
  url = {https://doi.org/10.1017/s0031182008004708},
}

@Article{wang_2017,
  title = {Zero-Inflated Hierarchical Models for Faecal Egg Counts to Assess Anthelmintic Efficacy},
  journal = {Veterinary Parasitology},
  volume = {235},
  pages = {20 - 28},
  year = {2017},
  issn = {0304-4017},
  author = {Craig Wang and Paul R. Torgerson and Johan Höglund and Reinhard Furrer},
  keywords = {Faecal egg count reduction test},
  keywords = {Faecal egg count reduction test},
  keywords = {Faecal egg count reduction test},
  keywords = {Faecal egg count reduction test},
  url = {https://doi.org/10.1016/j.vetpar.2016.12.007},
}

@Book{stasinopoulos_2017,
  title = {Flexible Regression and Smoothing: Using GAMLSS in R},
  author = {Mikis D Stasinopoulos and Robert A Rigby and Gillian Z Heller and Vlasios Voudouris and Fernanda {De Bastiani}},
  year = {2017},
  publisher = {CRC Press},
}

@Article{ogden2015sequential,
  title = {A Sequential Reduction Method for Inference in Generalized Linear Mixed Models},
  author = {Helen E Ogden},
  journal = {Electronic Journal of Statistics},
  volume = {9},
  number = {1},
  pages = {135--152},
  year = {2015},
  publisher = {The Institute of Mathematical Statistics and the Bernoulli Society},
  url = {https://doi.org/10.1214/15-ejs991},
}

@InCollection{buckley_chapter_2015,
  author = {Yvonne Buckley},
  title = {{ Generalized Linear Models}},
  booktitle = {Ecological Statistics},
  year = {2015},
  editor = {Gordon A Fox and Simoneta Negrete-Yankelevich and Vinicio J Sosa},
  publisher = {Oxford University Press, Oxford, UK},
}

@Article{elston_2001,
  title = {Analysis of Aggregation, a Worked Example: Numbers of Ticks on Red Grouse Chicks},
  volume = {122},
  number = {5},
  journal = {Parasitology},
  publisher = {Cambridge University Press},
  author = {D. A. Elston and R. Moss and T. Boulinier and C. Arrowsmith and X. Lambin},
  year = {2001},
  pages = {563--569},
  url = {https://doi.org/10.1017/s0031182001007740},
}

@Article{chevin_2015,
 author = {L Chevin and M E Visser and J Tufto},
 year = {2015}, 
 title = {Estimating the variation, autocorrelation, and environmental sensitivity of phenotypic selection},
 journal = {Evolution},
 volume = {69},
 number = {9}, 
  pages = {2319--2332},
 url = {https://doi.org/10.1111/evo.12741},
}
