@book{StatSphere,
  title={Statistics on spheres},
  author={Watson, G.S.},
  isbn={9780471888666},
  lccn={83001328},
  series={University of Arkansas lecture notes in the mathematical sciences},
  url={https://books.google.com/books?id=tBjvAAAAMAAJ},
  year={1983},
  publisher={Wiley}
}

@misc{PBCurves,
  Author={Paul Bourke},
  Title={{Geometry, Surfaces, Curves, Polyhedra}},
  Howpublished={\url{http://paulbourke.net/geometry/}; Date accessed: 2016-07-06},
  Year = {1996}}
@misc{PBCurvesOLD,
	Author = {Paul Bourke},
	Date-Added = {2007-10-31 09:26:14 -0500},
	Date-Modified = {2007-10-31 09:34:56 -0500},
	Title = {Surfaces and {C}urves},
	Howpublished = {\url{http://local.wasp.uwa.edu.au/~pbourke/surfaces\_curves/}},
	Year = {1996}}

@misc{PBPlatonic,
	Author = {Paul Bourke},
	Date-Added = {2007-10-31 09:19:28 -0500},
	Date-Modified = {2007-10-31 09:35:07 -0500},
	Title = {Regular {P}olytopes ({P}latonic {S}olids) in {4D}},
	Howpublished = {\url{http://paulbourke.net/geometry/hyperspace/}; Date accessed: 2016-07-06},
	Year = {2003}}
@misc{PBPlatonicOLD,
	Author = {Paul Bourke},
	Date-Added = {2007-10-31 09:19:28 -0500},
	Date-Modified = {2007-10-31 09:35:07 -0500},
	Title = {Regular {P}olytopes ({P}latonic {S}olids) in {4D}},
	Howpublished = {\url{http://local.wasp.uwa.edu.au/~pbourke/geometry/platonic4d/}},
	Year = {2003}}

@misc{Pa90,
	Author = {Paul Bourke},
	Date-Modified = {2007-10-31 09:34:45 -0500},
	Title = {The {T}orus and {S}upertoroid},
	Howpublished = {\url{http://paulbourke.net/geometry/torus/}; Date accessed: 2016-07-06},
	Year = 1990}
@misc{Pa90OLD,
	Author = {Paul Bourke},
	Date-Modified = {2007-10-31 09:34:45 -0500},
	Title = {The {T}orus and {S}upertoroid},
	Howpublished = {\url{http://local.wasp.uwa.edu.au/~pbourke/surfaces\_curves/torus/}},
	Year = 1990}

@misc{GeorgeVP,
	Author = {George Hart},
	Date-Added = {2007-10-31 09:14:43 -0500},
	Date-Modified = {2007-10-31 09:34:35 -0500},
	Title = {Virtual {P}olyhedra},
	HowPublished = {\url{http://www.georgehart.com/virtual-polyhedra/vp.html}; Date accessed: 2016-07-06},
	Year = {2000}}

@misc{Ma65,
	Author = {Martin, Eric},
	Howpublished = {\url{http://www.der.org/films/flatland.html}; Date accessed: 2016-07-06},
	Title = {Flatland},
	Year = 1965}

@book{Ab1884,
	Author = {Abbott, Edwin},
	Publisher = {Dover Publications},
	Title = {Flatland: A Romance of Many Dimensions},
	Year = 1884}

@article{DF84,
	Author = {Diaconis, P. and Freedman, D.},
	Journal = {Annals of Statistics},
	Number = 3,
	Pages = {793--815},
	Title = {Asymptotics of {G}raphical {P}rojection {P}ursuit},
	Volume = 12,
	Year = 1984}

@incollection{CLBW07,
        Author={Cook, D. and Lee, E.~K. and Buja, A. and Wickham, H.},
        Year=2007,
        Title={{G}rand {T}ours, {P}rojection {P}ursuit {G}uided {T}ours and
                  {M}anual {C}ontrols},
        crossref="CHU07"}

@book{CHU07,
        Editor={C.-H. Chen and W. H\"ardle, W., A. Unwin},
        Booktitle={Handbook of Computational Statistics
               (Volume III) Data Visualization},
        Publisher="Springer",
        Address={New York, NY},
        URL={http://www.springer.com},
        Year={2007}}


@article{As85,
	Author = {Asimov, D.},
	Journal = {SIAM Journal of Scientific and Statistical Computing},
	Number = {1},
	Pages = {128--143},
	Title = {{T}he {G}rand {T}our: {A} {T}ool for {V}iewing
          {M}ultidimensional {D}ata},
	Volume = {6},
	Year = 1985}

@Manual{R03,
     title        = {R: {A} {L}anguage and {E}nvironment for
                     {S}tatistical {C}omputing},
     author       = {{R Development Core Team}},
     organization = {R Foundation for Statistical Computing},
     address      = {Vienna, Austria},
     year         = 2003,
     note         = {ISBN 3-900051-00-3},
     url          = {http://www.r-project.org}
   }

@article{STLBC02,year=2003,
         author = "Deborah F. Swayne and Duncan {Temple Lang} and
                  Andreas Buja and Dianne Cook",
         title = "{GG}obi: {E}volving from {XG}obi into an {E}xtensible
                  {F}ramework for {I}nteractive {D}ata {V}isualization",
         Journal="Journal of Computational Statistics and Data
                  Analysis",
         URL={http://authors.elsevier.com/sd/article/S0167947302002864},
         Volume="43",Issue="4", Pages="423--444"}

@incollection{BCAH05,
	Author = {Buja, A. and Cook, D. and Asimov, D. and Hurley, C.},
	Crossref = {W05},
	Pages = {391--413},
	Title = {{C}omputational {M}ethods for {H}igh-{D}imensional {R}otations in {D}ata {V}isualization},
	Year = 2005}

@book{W05,
	Address = {\url{http://www.elsevier.com}},
	Booktitle = {Handbook of Statistics: Data Mining and Visualization},
	Editor = {Rao, C.~R. and Wegman, E.~J. and Solka, J.~L.},
	Publisher = {Elsevier/North Holland}}

@article{Th93,year=1993,
        author={Thompson, G.~L.},
        title={Generalized Permutation Polytopes and
                  Exploratory Graphical Methods for Ranked Data},
        journal={The Annals of Statistics},Volume=21,Number=3,
        Pages={1401--1403}}

@book{HSS99,year=1999,
	Address = {\url{http://www.springer.com}},
	Title = {Orthogonal Arrays: Theory and Applications},
	Editor = {Hedayat, A.~S. and Sloane, N.~J.~A. and Stufken, J.},
	Publisher = {Springer}}

@article{Co97,Author="Cook, D.",Year=1997,
          Title={{C}alibrate {Y}our {E}yes to {R}ecognize
                  {H}igh-{D}imensional {S}hapes from {T}heir
                  {L}ow-{D}imensional {P}rojections},
          Journal={Journal of Statistical Software},
          Volume=2,Number=6,
          Note={\url{https://www.jstatsoft.org/article/view/v002i06} and \url{http://www.public.iastate.edu/~dicook/JSS/paper/paper.html}; Date accessed: 2016-07-06}}

@article{WCHB11,
	year = {2011},
	author = {Wickham, H. and Cook, D. and Hofmann, H. and Buja, A.},
	title = {{tourr}: An {R} Package for Exploring Multivariate Data with Projections},
	journal = {Journal of Statistical Software},
	volume = {40},
	number = {2},
	pages = {1--18},
	note = {\url{http://www.jstatsoft.org/v40/i02/}}
}

@incollection{CCWH08,
  author={Caragea, D. and Cook, D. and Wickham, H. and Honavar, V.},
  year=2008,
  title={{Visual Methods for Examining SVM Classifiers}},
  crossref={SBM08},
  pages={136--153}}

@book{SBM08, year=2008,
 editor={Simonoff, S. and B\"{o}hlen, M. and Mazeika, A.},
 booktitle={Visual Data Mining: Theory, Techniques and Tools for Visual Analytics},
 publisher={Springer-Verlag}, address={Berlin}}@book{AS85,
author = {D.~{Asimov}},
title = {{The Grand Tour: A Tool for Viewing Multidimensional Data}},
publisher = {SIAM Journal of Scientific and Statistical Computing,6 (1):},
pages = {128--143},
year = {1985}
}
@book{ClBW07,
author = {D.~{Cook, E.~K. Lee, A.~Buja, and H.~Wickham}},
title = {{Grand Tours, Projection Pursuit Guided Tours and Manual Controls}},
publisher = {In C.-H Chen and A.~U W.~H"ardle W. editors Handbook ofComputational Statistics (Volume III) Data Visualization Springer NewYork NY},
year = {2007},
url = {http://www.springer.com}
}

@book{AS85,
author = {D.~{Asimov}},
title = {{The Grand Tour: A Tool for Viewing Multidimensional Data}},
publisher = {SIAM Journal of Scientific and Statistical Computing,6 (1):},
pages = {128--143},
year = {1985}
}

