% This file was created with JabRef 2.10.
% Encoding: MacRoman

@Manual{ambuehl2015,
  author =	 {Mathias Ambuehl and Michael Baumgartner and Ruedi
                  Epple and Alexis Kauffmann and Alrik Thiem},
  year =	 {2015},
  title =	 {cna: A Package for Coincidence Analysis (CNA)},
  note =	 {R Package Version 1.0-3},
  url =		 {http://CRAN.R-project.org/package=cna},
}


@Article{baumgartner2013,
  Title                    = {Detecting causal chains in small-n data},
  Author                   = {Baumgartner, Michael},
  Journal                  = {Field Methods},
  Year                     = {2013},
  Number                   = {1},
  Pages                    = {3--24},
  Volume                   = {25}
}

@Article{baumgartner2013b,
  Title                    = {A Regularity Theoretic Approach to Actual Causation},
  Author                   = {Michael Baumgartner},
  Journal                  = {Erkenntnis},
  Year                     = {2013},
  Pages                    = {85--109},
  Volume                   = {78},

  Owner                    = {baumgartner},
  Timestamp                = {2011.01.16}
}

@Article{baumgartner2009a,
  Title                    = {Inferring causal complexity},
  Author                   = {Baumgartner, Michael},
  Journal                  = {Sociological Methods \& Research},
  Year                     = {2009},
  Number                   = {1},
  Pages                    = {71--101},
  Volume                   = {38}
}

@Article{baumgartner2009b,
  Title                    = {Uncovering deterministic causal structures: A {B}oolean approach},
  Author                   = {Baumgartner, Michael},
  Journal                  = {Synthese},
  Year                     = {2009},
  Number                   = {1},
  Pages                    = {71--96},
  Volume                   = {170}
}

@Article{baumgartner2008,
  Title                    = {Regularity theories reassessed},
  Author                   = {Baumgartner, Michael},
  Journal                  = {Philosophia},
  Year                     = {2008},
  Number                   = {3},
  Pages                    = {327--354},
  Volume                   = {36}
}

@Article{baumgartner2014,
  Title                    = {A coincidence analysis of a causal chain: The {S}wiss minaret vote},
  Author                   = {Baumgartner, Michael and Epple, Ruedi},
  Journal                  = {Sociological Methods \& Research},
  Year                     = {2014},
  Number                   = {2},
  Pages                    = {280--312},
  Volume                   = {43}
}

@Unpublished{ambiguities,
  Title                    = {When There is More Than Meets the Eye: Model Ambiguities in Configurational Comparative Research},
  Author                   = {Michael Baumgartner and Alrik Thiem},
  Note                     = {Paper presented at the \emph{2nd International QCA Expert Workshop}, ETH Z\"urich},
  Year                     = {2014}
}

@Article{chung2001,
  Title                    = {Markets, culture and institutions: The emergence of large business groups in {T}aiwan, 1950sâ€“1970s},
  Author                   = {Chung, Chi-Nien},
  Journal                  = {Journal of Management Studies},
  Year                     = {2001},
  Number                   = {5},
  Pages                    = {719--745},
  Volume                   = {38}
}

@Article{cragun2014,
  Title                    = {Comparing universal {L}ynch syndrome tumor-screening programs to evaluate associations between implementation strategies and patient follow-through},
  Author                   = {Cragun, Deborah and DeBate, Rita D. and Vadaparampil, Susan T. and Baldwin, Julie and Hampel, Heather and Pal, Tuya},
  Journal                  = {Genetics in Medicine},
  Year                     = {2014},
  Number                   = {10},
  Pages                    = {773--782},
  Volume                   = {16}
}

@Manual{cronqvist2011,
  Title                    = {Tosmana: Tool for Small-n Analysis, Version 1.3.2.0 [computer program]},
  Author                   = {Cronqvist, Lasse},
  organization                = {University of Trier},
  Year                     = {2011},

  Address                  = {Trier}
}

@Article{crowley2013,
  Title                    = {Gender, the labor process and dignity at work},
  Author                   = {Crowley, Martha},
  Journal                  = {Social Forces},
  Year                     = {2013},
  Number                   = {4},
  Pages                    = {1209--1238},
  Volume                   = {91}
}

@Manual{dusathiem2014,
  author =	 {Adrian Dusa and Alrik Thiem},
  year =	 {2014},
  title =	 {Qualitative Comparative Analysis},
  note =	 {R Package Version 1.1-4},
  url =		 {http://CRAN.R-project.org/package=QCA},
}


@Article{eliason2009,
  Title                    = {Goodness-of-fit tests and descriptive measures in fuzzy-set analysis},
  Author                   = {Eliason, Scott R. and Stryker, Robin},
  Journal                  = {Sociological Methods \& Research},
  Year                     = {2009},
  Number                   = {1},
  Pages                    = {102--146},
  Volume                   = {38}
}

@Manual{gentleman2014,
  Title =	 {graph: A Package to Handle Graph Data Structures},
  Author =	 {Gentleman, Robert and Whalen, Elizabeth and
                  Wolfgang, Huber and Seth, Falcon},
  url =		 {http://www.bioconductor.org},
  Year =	 {2014},
  note =	 {{R} package version 1.44-0}
}

@InCollection{grasshoff2001,
  Title                    = {Causal Regularities},
  Author                   = {Gerd {Gra{\ss}hoff} and Michael May},
  Booktitle                = {Current issues in causation},
  Publisher                = {Mentis},
  Year                     = {2001},

  Address                  = {Paderborn},
  Editor                   = {W. Spohn and M. Ledwig and M. Esfeld},
  Pages                    = {85--114}
}

@Manual{hansen2014,
  Title =	 {Rgraphviz: Provides Plotting Capabilities for {R}
                  Graph Objects},
  Author =	 {Hansen, Kasper Daniel and Gentry, Jeff and Long, Li
                  and Gentleman, Robert and Falcon, Seth and Hahne,
                  Florian and Sarkar, Deepayan},
  url =		 {http://www.bioconductor.org},
  Year =	 {2014},
  note =	 {R package version 2.10-0}
}

@Manual{huang2014,
  Title =	 {{QCA3}: Yet Another Package for {Q}ualitative
                  {C}omparative {A}nalysis},
  Author =	 {Huang, Ronggui},
  url =		 {http://CRAN.R-project.org/package=QCA3},
  Year =	 {2014},
  note =	 {R package version 0.0-7}
}

@Article{lam2010,
  Title                    = {Analyzing the Dynamic Complexity of Development Interventions: Lessons from an Irrigation Experiment in {N}epal},
  Author                   = {Wai Fung {Lam} and Elinor Ostrom},
  Journal                  = {Policy Sciences},
  Year                     = {2010},
  Number                   = {1},
  Pages                    = {1--25},
  Volume                   = {43},

  Issue                    = {2}
}

@Article{longest2012,
  Title                    = {Gender, the stress process, and health: A configurational approach},
  Author                   = {Longest, Kyle C. and Thoits, Peggy A.},
  Journal                  = {Society and Mental Health},
  Year                     = {2012},
  Number                   = {3},
  Pages                    = {187--206},
  Volume                   = {2}
}

@Article{longest2008,
  Title                    = {fuzzy: A program for performing {Q}ualitative {C}omparative {A}nalyses ({QCA}) in {S}tata},
  Author                   = {Longest, Kyle C. and Vaisey, Stephen},
  Journal                  = {Stata Journal},
  Year                     = {2008},
  Number                   = {1},
  Pages                    = {79--104},
  Volume                   = {8}
}

@Book{mackie1974,
  Title                    = {The Cement of the Universe: A Study of Causation},
  Author                   = {John L. Mackie},
  Publisher                = {Clarendon Press},
  Year                     = {1974},

  Address                  = {Oxford}
}

@Book{mccluskey1965,
  Title                    = {Introduction to the Theory of Wwitching Circuits},
  Author                   = {McCluskey, Edward J.},
  Publisher                = {Princeton University Press},
  Year                     = {1965},

  Address                  = {Princeton}
}

@Manual{quaranta2013,
  Title =	 {SetMethods: A package companion to "{S}et-theoretic
                  methods for the social sciences"},
  Author =	 {Quaranta, Mario},
  url =		 {http://CRAN.R-project.org/package=SetMethods},
  Year =	 {2013},
  note =	 {R package version 1.0}
}

@Article{quine1959,
  Title                    = {On cores and prime implicants of truth functions},
  Author                   = {Quine, Willard van Orman},
  Journal                  = {The American Mathematical Monthly},
  Year                     = {1959},
  Number                   = {9},
  Pages                    = {755--760},
  Volume                   = {66}
}

@Book{ragin2008,
  Title                    = {Redesigning Social Inquiry: Fuzzy Sets and Beyond},
  Author                   = {Ragin, Charles C.},
  Publisher                = {University of Chicago Press},
  Year                     = {2008},

  Address                  = {Chicago}
}

@Article{ragin2006,
  Title                    = {Set relations in social research: Evaluating their consistency and coverage},
  Author                   = {Ragin, Charles C.},
  Journal                  = {Political Analysis},
  Year                     = {2006},
  Number                   = {3},
  Pages                    = {291--310},
  Volume                   = {14}
}

@Book{ragin2000,
  Title                    = {Fuzzy-Set Social Science},
  Author                   = {Ragin, Charles C.},
  Publisher                = {University of Chicago Press},
  Year                     = {2000},

  Address                  = {Chicago}
}

@Book{ragin1987,
  Title                    = {The Comparative Method: Moving Beyond Qualitative and Quantitative Strategies},
  Author                   = {Ragin, Charles C.},
  Publisher                = {University of California Press},
  Year                     = {1987},

  Address                  = {Berkeley}
}

@Manual{ragin2014,
  Title                    = {fs/QCA: Fuzzy-set/{Q}ualitative {C}omparative {A}nalysis, Version 2.5 [computer program]},
  Author                   = {Ragin, Charles C. and Davey, Sean},
  organization                = {Department of Sociology, University of California},
  Year                     = {2014},

  Address                  = {Irvine}
}

@Manual{reichert2014,
  Title =	 {Kirq, Version 2.1.12 [computer program]},
  Author =	 {Reichert, Christopher and Rubinson, Claude},
  organization = {University of Houston-Downtown},
  Year =	 {2014},
  Address =	 {Houston}
}

@Book{schneider2012,
  Title =	 {Set-Theoretic Methods for the Social Sciences: {A}
                  Guide to {Q}ualitative {C}omparative {A}nalysis
                  ({QCA})},
  Author =	 {Schneider, Carsten Q. and Wagemann, Claudius},
  Publisher =	 {Cambridge University Press},
  Year =	 {2012},
  Address =	 {Cambridge}
}

@Book{smithson2006,
  Title                    = {Fuzzy Set Theory: Applications in the Social Sciences},
  Author                   = {Smithson, Michael and Verkuilen, Jay},
  Publisher                = {Sage},
  Year                     = {2006},

  Address                  = {London}
}

@Article{thiem2014a,
  Title                    = {Unifying configurational comparative methods: Generalized-set {Q}ualitative {C}omparative {A}nalysis},
  Author                   = {Thiem, Alrik},
  Journal                  = {Sociological Methods \& Research},
  Year                     = {2014},
  Number                   = {2},
  Pages                    = {313--337},
  Volume                   = {43}
}

@Article{thiem2014b,
  Title                    = {Membership function sensitivity of descriptive statistics in fuzzy-set relations},
  Author                   = {Thiem, Alrik},
  Journal                  = {International Journal of Social Research Methodology},
  Year                     = {2014},
  Number                   = {6},
  Pages                    = {625--642},
  Volume                   = {17}
}

@Article{thiem2014c,
  Title                    = {Navigating the complexities of {Q}ualitative {C}omparative {A}nalysis: Case numbers, necessity relations, and model ambiguities},
  Author                   = {Thiem, Alrik},
  Journal                  = {Evaluation Review},
  Year                     = {2014},
  Number                   = {6},
  Pages                    = {487--513},
  Volume                   = {38}
}

@Article{thiem2013,
  Title                    = {Clearly crisp, and not fuzzy: A reassessment of the (putative) pitfalls of multi-Value {QCA}},
  Author                   = {Thiem, Alrik},
  Journal                  = {Field Methods},
  Year                     = {2013},
  Number                   = {2},
  Pages                    = {197--207},
  Volume                   = {25}
}

@Article{thiem2011,
  Title                    = {Conditions of intergovernmental armaments cooperation in {W}estern {E}urope, 1996--2006},
  Author                   = {Thiem, Alrik},
  Journal                  = {European Political Science Review},
  Year                     = {2011},
  Number                   = {1},
  Pages                    = {1-33},
  Volume                   = {3}
}

@Book{thiemdusa2013book,
  Title                    = {Qualitative {C}omparative {A}nalysis with {R}: A User's Guide},
  Author                   = {Thiem, Alrik and Du\c{s}a, Adrian},
  Publisher                = {Springer},
  Year                     = {2013},

  Address                  = {New York}
}

@Article{thiemdusa2013RJ,
  Title                    = {{QCA}: A package for {Q}ualitative {C}omparative {A}nalysis},
  Author                   = {Thiem, Alrik and Du\c{s}a, Adrian},
  Journal                  = {The R Journal},
  Year                     = {2013},
  Number                   = {1},
  Pages                    = {87--97},
  Volume                   = {5}
}

@Article{thiemdusa2013SSCR,
  Title                    = {Boolean minimization in social science research: A review of current software for {Q}ualitative {C}omparative {A}nalysis ({QCA})},
  Author                   = {Thiem, Alrik and Du\c{s}a, Adrian},
  Journal                  = {Social Science Computer Review},
  Year                     = {2013},
  Number                   = {4},
  Pages                    = {505--521},
  Volume                   = {31}
}

@Article{vanVliet2013,
  Title                    = {Scientific documentation of crop land changes in the {S}ahel: A half empty box of knowledge to support policy?},
  Author                   = {van Vliet, Nathalie and Reenberg, Anette and Rasmussen, Laura Vang},
  Journal                  = {Journal of Arid Environments},
  Year                     = {2013},
  Pages                    = {1--13},
  Volume                   = {95}
}

@Book{rihoux2009,
  Title                    = {Configurational Comparative Methods: {Q}ualitative {C}omparative {A}nalysis ({QCA}) and Related Techniques},
  Editor                   = {Rihoux, BenoÃ®t and Ragin, Charles C.},
  Publisher                = {Sage},
  Year                     = {2009},

  Address                  = {London}
}




