
@Article{concorde:94,
  author = {{Concorde Coordinating Committee}},
  year = {1994},
  title = {{Concorde: MRC/ANRS Randomised Double-Blind Controlled Trial of Immediate and Deferred Zidovudine in Symptom-Free HIV Infection}},
  journal = {Lancet},
  volume = {343},
  pages = {871--881},
  url = {https://doi.org/10.1016/s0140-6736(94)90006-x},
}

@Article{robins:91,
  author = {J. M. Robins and A. A. Tsiatis},
  year = {1991},
  title = {Correcting for Non-Compliance in Randomized Trials Using Rank Preserving Structural Failure Time Models},
  journal = {Communications in Statistics Theory and Methods},
  volume = {20},
  pages = {2609--2631},
  url = {https://doi.org/10.1080/03610929108830654},
}

@Article{white:99,
  author = {I. R. White and A. G. Babiker and S. Walker and J. H. Darbyshire},
  year = {1999},
  title = {Randomisation-Based Methods for Correcting for Treatment Changes: Examples from the {C}oncorde Trial},
  journal = {Statistics in Medicine},
  volume = {18},
  pages = {2617--2634},
  url = {https://doi.org/10.1002/(sici)1097-0258(19991015)18:19<2617::aid-sim187>3.0.co;2-e},
}

@Article{white:97,
  author = {I. R. White and S. Walker and A. G. Babiker and J. H. Darbyshire},
  year = {1997},
  title = {Impact of Treatment Changes on the Interpretation of the {C}oncorde Trial},
  journal = {AIDS},
  volume = {11},
  pages = {999--1006},
  url = {https://doi.org/10.1097/00002030-199708000-00008},
}

@Article{fisher:99,
  author = {Lloyd D Fisher and D. Y Lin},
  year = {1999},
  title = {Time-Dependent Covariates in the {C}ox Proportional-Hazards Regression Model},
  journal = {Annual Review of Public Health},
  volume = {20},
  pages = {145--157},
  url = {https://doi.org/10.1146/annurev.publhealth.20.1.145},
}

@Article{white:02,
  author = {Ian R White and Sarah Walker and Abdel Babiker},
  year = {2002},
  title = {Strbee: Randomization-Based Efficacy Estimator},
  journal = {The Stata Journal},
  volume = {2},
  pages = {140--150},
}

@Article{dodd:12,
  author = {Susanna Dodd and Ian R White and Paula Williamson},
  file = {:C$\backslash$:/Users/rmjwiww/Documents/Mendeley Desktop/Dodd, White, Williamson - 2012 - Nonadherence to treatment protocol in published randomised controlled trials a review.pdf:pdf},
  issn = {1745-6215},
  journal = {Trials},
  mendeley-tags = {DART},
  number = {1},
  pages = {84},
  title = {{Nonadherence to Treatment Protocol in Published Randomised Controlled Trials: a Review}},
  volume = {13},
  year = {2012},
  url = {https://doi.org/10.1186/1745-6215-13-84},
}

@Article{latimer:14,
  author = {N. R. Latimer and K. Abrams and P. Lambert and M. Crowther and A. Wailoo and J. Morden and R. Akehurst and M. Campbell},
  file = {:C$\backslash$:/Users/rmjwiww/Documents/Mendeley Desktop/Latimer et al. - 2014 - Adjusting for treatment switching in randomised controlled trials - A simulation study and a simplified two-stag.pdf:pdf},
  issn = {0962-2802},
  journal = {Statistical Methods in Medical Research},
  title = {{Adjusting for Treatment Switching in Randomised Controlled Trials - A Simulation Study and a Simplified Two-Stage Method}},
  year = {2014},
  url = {https://doi.org/10.1177/0962280214557578},
}

@Book{cochrane:17,
  address = {Chichester, UK},
  author = {Julian PT Higgins and Jonathan J Deeks and Douglas G Altman},
  booktitle = {Cochrane Handbook for Systematic Reviews of Interventions},
  editor = {JPT Higgins and S Green},
  isbn = {9780470712184},
  year = {2011},
  pages = {481--529},
  publisher = {John Wiley \& Sons},
  title = {{Special Topics in Statistics}},
  url = {https://doi.org/10.1002/9780470712184.ch16},
}

@Article{white:05,
  author = {I R White},
  file = {:C$\backslash$:/Users/rmjwiww/Documents/Mendeley Desktop/White - 2005 - Uses and limitations of randomization-based efficacy estimators.pdf:pdf},
  issn = {0962-2802},
  journal = {Statistical Methods in Medical Research},
  number = {4},
  pages = {327--347},
  title = {{Uses and Limitations of Randomization-Based Efficacy Estimators}},
  volume = {14},
  year = {2005},
  url = {https://doi.org/10.1191/0962280205sm406oa},
}

@Article{watkins:13,
  author = {Claire Watkins and Xin Huang and Nicholas Latimer and Yiyun Tang and Elaine J Wright},
  file = {:C$\backslash$:/Users/rmjwiww/Documents/Mendeley Desktop/Watkins et al. - 2013 - Adjusting overall survival for treatment switches commonly used methods and practical application.pdf:pdf},
  issn = {1539-1612},
  journal = {Pharmaceutical Statistics},
  number = {6},
  pages = {348--357},
  title = {{Adjusting Overall Survival for Treatment Switches: Commonly Used Methods and Practical Application}},
  volume = {12},
  year = {2013},
  url = {https://doi.org/10.1002/pst.1602},
}

@Article{robins:92,
  author = {J Robins and A A Tsiatis},
  pages = {311--319},
  title = {{Semiparametric Estimation of an Accelerated Failure Time Model with Time-Dependent Covariates}},
  volume = {79},
  year = {1992},
  journal = {Biometrika},
  url = {https://doi.org/10.1093/biomet/79.2.311},
}

@TechReport{latimerabrams:14,
  author = {Nicholas R Latimer and Keith R Abrams},
  file = {:C$\backslash$:/Users/rmjwiww/Documents/Mendeley Desktop/Latimer, Abrams - 2014 - Adjusting survival time estimates in the presence of treatment switching.pdf:pdf},
  institution = {NICE DSU Technical Support Document 16},
  number = {July},
  title = {{Adjusting Survival Time Estimates in the Presence of Treatment Switching}},
  url = {http://scharr.dept.shef.ac.uk/nicedsu/technical-support-documents/treatment-switching-tsd/},
  year = {2014},
}

@Article{hernan:01,
  title = {Marginal Structural Models to Estimate the Joint Causal Effect of Nonrandomized Treatments},
  author = {Miguel A Hernán and Babette Brumback and James M Robins},
  journal = {Journal of the American Statistical Association},
  volume = {96},
  number = {454},
  pages = {440--448},
  year = {2001},
  publisher = {Taylor \& Francis},
  url = {https://doi.org/10.1198/016214501753168154},
}

@Article{latimer:16,
  title = {Treatment Switching: Statistical and Decision-Making Challenges and Approaches},
  author = {Nicholas R Latimer and Chris Henshall and Uwe Siebert and Helen Bell},
  journal = {International journal of technology assessment in health care},
  volume = {32},
  number = {3},
  pages = {160--166},
  year = {2016},
  publisher = {Cambridge University Press},
  url = {https://doi.org/10.1017/S026646231600026X},
}

@Manual{eha:17,
   title = {eha: Event History Analysis},
   author = {Göran Broström},
   year = {2017},
   note = {R package version 2.5.0},
   url = {https://CRAN.R-project.org/package=eha},
  }

  @Article{ipw:11,
    title = {{ipw}: An {R} Package for Inverse Probability Weighting},
    author = {Willem M. {van der Wal} and Ronald B. Geskus},
    journal = {Journal of Statistical Software},
    year = {2011},
    volume = {43},
    number = {13},
    pages = {1--23},
    url = {http://www.jstatsoft.org/v43/i13/},
  }

@Manual{ rpsftm,
  title = {rpsftm: Rank Preserving Structural Failure Time Models},
  author = {Simon Bond and Annabel Allison},
  year = {2017},
  note = {R package version 1.2.1},
  url = {https://CRAN.R-project.org/package=rpsftm},
}
