% References for 'Qtools: A Collection of Models and Tools for Quantile Inference' by M Geraci

@article{aranda_1981,
   author = {Aranda-Ordaz, F. J.},
   title = {On Two Families of Transformations to Additivity for Binary Response Data},
   journal = {Biometrika},
   volume = {68},
   number = {2},
   pages = {357-363},
   year = {1981}
}

@article{azzalini_bowman_1990,
   author = {Azzalini, A. and Bowman, A. W.},
   title = {A Look at Some Data on the {O}ld {F}aithful {G}eyser},
   journal = {Journal of the Royal Statistical Society C},
   volume = {39},
   number = {3},
   pages = {357-365},
   year = {1990}
}

@article{benjamini_krieger_1996,
   author = {Benjamini, Y. and Krieger, A. M.},
   title = {Concepts and Measures for Skewness with Data-Analytic Implications},
   journal = {Canadian Journal of Statistics},
   volume = {24},
   number = {1},
   pages = {131-140},
   year = {1996}
}

@manual{benoit_etal,
    title = {bayesQR: Bayesian Quantile Regression},
    author = {Dries F. Benoit and Rahim Al-Hamzawi and Keming Yu and Dirk Van den Poel},
    year = {2014},
    note = {R package version 2.2},
    url = {http://CRAN.R-project.org/package=bayesQR},
}

@article{boghossian_etal,
   author = {Boghossian, Nansi S. and Geraci, Marco and Edwards, Erika M. and Morrow, Kate A. and Horbar, Jeffrey D.},
   title = {Anthropometric Charts for Infants Born Between 22 and 29 Weeks' Gestation},
   journal = {Pediatrics},
   note = {doi:10.1542/peds.2016-1641},
   year = {2016}
}

@article{bottai_zhen_2013,
   author = {Bottai, M and Zhen, H},
   title = {Multiple Imputation Based on Conditional Quantile Estimation},
   journal = {Epidemiology, Biostatistics, and Public Health},
   volume = {10},
   number = {1},
   pages = {e8758},
   year = {2013}
}

@article{box_cox,
   author = {Box, G. E. P. and Cox, D. R.},
   title = {An Analysis of Transformations},
   journal = {Journal of the Royal Statistical Society B},
   volume = {26},
   number = {2},
   pages = {211-252},
   year = {1964}
}

@article{buchinsky_1995,
   author = {Buchinsky, M.},
   title = {Quantile Regression, {B}ox-{C}ox Transformation Model, and the {US} Wage Structure, 1963-1987},
   journal = {Journal of Econometrics},
   volume = {65},
   number = {1},
   pages = {109-154},
   year = {1995}
}

@manual{boot,
  title = {boot: Bootstrap R (S-PLUS) Functions},
  author = {Canty, A. and Ripley, B. D.},
  year = {2014},
  note = {R~package version 1.3-15},
  url = {http://CRAN.R-project.org/package=boot}
}

@inbook{chamberlain_1994,
   author = {Chamberlain, G.},
   title = {Quantile Regression, Censoring, and the Structure of Wages},
   booktitle = {Advances in Econometrics: Sixth World Congress},
   editor = {Sims, C.},
   publisher = {Cambridge University Press},
   address = {Cambridge, UK},
   volume = {1},
   year = {1994}
}

@article{chernozhukov_etal,
   author = {Chernozhukov, V. and Fernandez-Val, I. and Galichon, A.},
   title = {Quantile and Probability Curves Without Crossing},
   journal = {Econometrica},
   volume = {78},
   number = {3},
   pages = {1093-1125},
   year = {2010}
}

@book{davison_hinkley,
  title = {Bootstrap Methods and Their Applications},
  author = {A. C. Davison and D. V. Hinkley},
  publisher = {Cambridge University Press},
  address = {Cambridge},
  year = {1997}
}

@article{dehbi_etal,
   author = {Dehbi, H.-M. and Cortina-Borja, M. and Geraci, M.},
   title = {Aranda-{O}rdaz Quantile Regression for Student Performance Assessment},
   journal = {Journal of Applied Statistics},
   volume = {43},
   number = {1},
   pages = {58-71},
   year = {2016}
}

@article{doksum,
   author = {Doksum, K.},
   title = {Empirical Probability Plots and Statistical Inference for Nonlinear Models in the Two-Sample Case},
   journal = {The Annals of Statistics},
   volume = {2},
   number = {2},
   pages = {267-277},
   year = {1974}
}

@article{geraci_2104,
  author = {Geraci, M.},
  title = {Linear Quantile Mixed Models: The lqmm Package for {L}aplace Quantile Regression},
  journal = {Journal of Statistical Software},
  year = {2014},
  volume = {57},
  number = {13},
  pages = {1--29}
}

@article{geraci_2016,
   author = {Geraci, M.},
   title = {Estimation of Regression Quantiles in Complex Surveys With Data Missing at Random: An Application to Birthweight Determinants},
   journal = {Statistical Methods in Medical Research},
   year = {2016},
   volume = {25},
   number = {4},
   pages = {1393--1421}
}

@article{geraci_bottai_2014,
  author = {Geraci, M. and Bottai, M.},
  title = {Linear Quantile Mixed Models},
  journal = {Statistics and Computing},
  volume = {24},
  number = {3},
  pages = {461--479},
  year = {2014}
}

@article{geraci_jones_2015,
   author = {Geraci, M. and Jones, M. C.},
   title = {Improved Transformation-Based Quantile Regression},
   journal = {Canadian Journal of Statistics},
   volume = {43},
   number = {1},
   pages = {118-132},
   year = {2015}
}

@book{gilchirst_2000,
   author = {Gilchrist, W.},
   title = {Statistical Modelling with Quantile Functions},
   publisher = {Chapman \& Hall/CRC},
   address = {Boca Raton, FL},
   year = {2000}
}

@article{goffe_etal_1994,
   author = {Goffe, William L. and Ferrier, Gary D. and Rogers, John},
   title = {Global Optimization of Statistical Functions With Simulated Annealing},
   journal = {Journal of Econometrics},
   volume = {60},
   number = {1},
   pages = {65-99},
   year = {1994}
}

@manual{rearrangement,
    title = {Rearrangement: Monotonize Point and Interval Functional Estimates by Rearrangement},
    author = {Graybill, W. and Chen, M. and Chernozhukov, V. and Fernandez-Val, I. and Galichon, A.},
    year = {2016},
    note = {R package version~2.1},
    url = {http://CRAN.R-project.org/package=Rearrangement},
}

@article{groeneveld_1998,
   author = {Groeneveld, Richard A.},
   title = {A Class of Quantile Measures for Kurtosis},
   journal = {The American Statistician},
   volume = {52},
   number = {4},
   pages = {pp. 325-329},
   year = {1998}
}

@article{groeneveld_meeden_1984,
   author = {Groeneveld, Richard A. and Meeden, Glen},
   title = {Measuring Skewness and Kurtosis},
   journal = {Journal of the Royal Statistical Society D},
   volume = {33},
   number = {4},
   pages = {pp. 391-399},
   year = {1984}
}

@book{hald_2003,
   author = {Hald, Anders},
   title = {A History of Probability and Statistics and their Applications before 1750},
   publisher = {John Wiley \& Sons},
   address = {New York, NY},
   year = {2003}
}

@article{he_1997,
   author = {He, Xuming},
   title = {Quantile Curves without Crossing},
   journal = {The American Statistician},
   volume = {51},
   number = {2},
   pages = {186-192},
   year = {1997}
}

@article{he_zhu_2003,
   author = {He, X. M. and Zhu, L. X.},
   title = {A Lack-of-fit Test for Quantile Regression},
   journal = {Journal of the American Statistical Association},
   volume = {98},
   number = {464},
   pages = {1013-1022},
   year = {2003}
}

@article{horn_1983,
   author = {Horn, Paul S.},
   title = {A Measure for Peakedness},
   journal = {The American Statistician},
   volume = {37},
   number = {1},
   pages = {55-56},
   year = {1983}
}

@article{hyndman_fan_1996,
   author = {Hyndman, Rob J. and Fan, Yanan},
   title = {Sample Quantiles in Statistical Packages},
   journal = {The American Statistician},
   volume = {50},
   number = {4},
   pages = {361-365},
   year = {1996},
}

@article{jones_2007,
   author = {Jones, M. C.},
   title = {Connecting Distributions with Power Tails on the Real Line, the Half Line and the Interval},
   journal = {International Statistical Review},
   volume = {75},
   number = {1},
   pages = {58-69},
   year = {2007}
}

@article{jones_etal_2011,
   author = {Jones, M. C. and Rosco, J. F. and Pewsey, Arthur},
   title = {Skewness-invariant Measures of Kurtosis},
   journal = {The American Statistician},
   volume = {65},
   number = {2},
   pages = {89-95},
   year = {2011}
}

@article{khmaladze_etal_2004,
   author = {Khmaladze, Estate V. and Koul, Hira L.},
   title = {Martingale Transforms Goodness-of-fit Tests in Regression Models},
   pages = {995-1034},
   year = {2004}
}

@book{koenker_2005,
   author = {Koenker, R},
   title = {Quantile Regression},
   publisher = {Cambridge University Press},
   address = {New York, NY},
   year = {2005}
}

@manual{quantreg,
    author = {Koenker, R.},
    title = {quantreg: Quantile Regression},
    year = {2013},
    note = {R~package version~5.05},
    url = {http://CRAN.R-project.org/package=quantreg},
  }

@article{koenker_bassett_1978,
   author = {Koenker, R. and Bassett, G.},
   title = {Regression Quantiles},
   journal = {Econometrica},
   volume = {46},
   number = {1},
   pages = {33-50},
   year = {1978}
}

@article{koenker_dorey,
   author = {Koenker, R. and D'Orey, V.},
   title = {Algorithm {AS} 229: Computing Regression Quantiles},
   journal = {Journal of the Royal Statistical Society C},
   volume = {36},
   number = {3},
   pages = {383-393},
   year = {1987}
}

@article{koenker_machado_1999,
   author = {Koenker, R. and Machado, J. A. F.},
   title = {Goodness of Fit and Related Inference Processes for Quantile Regression},
   journal = {Journal of the American Statistical Association},
   volume = {94},
   number = {448},
   pages = {1296-1310},
   year = {1999}
}

@article{koenker_park_1996,
   author = {Koenker, R. and Park, B. J.},
   title = {An Interior Point Algorithm for Nonlinear Quantile Regression},
   journal = {Journal of Econometrics},
   volume = {71},
   number = {1-2},
   pages = {265-283},
   year = {1996}
}

@article{koenker_xiao,
   author = {Koenker, R. and Xiao, Z. J.},
   title = {Inference on the Quantile Regression Process},
   journal = {Econometrica},
   volume = {70},
   number = {4},
   pages = {1583-1612},
   year = {2002}
}

@book{lehmann,
   author = {Lehmann, E. L.},
   title = {Nonparametrics: Statistical Methods Based on Ranks},
   publisher = {Holden-Day},
   address = {San Francisco, CA},
   year = {1975}
}

@article{ma_etal_2011,
    author = {Ma, Yanyuan and Genton, Marc G and Parzen, Emanuel},
    title = {Asymptotic Properties of Sample Quantiles of Discrete Distributions},
    journal = {Annals of the Institute of Statistical Mathematics},
    volume = {63},
    number = {2},
    pages = {227-243},
    year = {2011}
}

@article{machado_mata,
   author = {Machado, J. A. F. and Mata, J.},
   title = {Box--{C}ox Quantile Regression and the Distribution of Firm Sizes},
   journal = {Journal of Applied Econometrics},
   volume = {15},
   number = {3},
   pages = {253-274},
   year = {2000}
}

@article{machado_silva_2005,
   author = {Machado, J. A. F. and Santos Silva, J. M. C.},
   title = {Quantiles for Counts},
   journal = {Journal of the American Statistical Association},
   volume = {100},
   number = {472},
   pages = {1226-1237},
   year = {2005}
}

@article{manski_1975,
   author = {Manski, C. F.},
   title = {Maximum Score Estimation of the Stochastic Utility Model of Choice},
   journal = {Journal of Econometrics},
   volume = {3},
   number = {3},
   pages = {205-228},
   year = {1975}
}

@article{manski_1985,
   author = {Manski, C. F.},
   title = {Semiparametric Analysis of Discrete Response: Asymptotic Properties of the Maximum Score Estimator},
   journal = {Journal of Econometrics},
   volume = {27},
   number = {3},
   pages = {313-333},
   year = {1985}
}

@article{mu_he,
   author = {Mu, Y. M. and He, X. M.},
   title = {Power Transformation Toward a Linear Regression Quantile},
   journal = {Journal of the American Statistical Association},
   volume = {102},
   number = {477},
   pages = {269-279},
   year = {2007}
}

@article{munoz_rueda_2009,
   author = {Mu\~{n}oz, J. F. and Rueda, M.},
   title = {New Imputation Methods for Missing Data Using Quantiles},
   journal = {Journal of Computational and Applied Mathematics},
   volume = {232},
   number = {2},
   pages = {305-317},
   year = {2009}
}

@article{parzen_1979,
   author = {Parzen, Emanuel},
   title = {Nonparametric Statistical Data Modeling},
   journal = {Journal of the American Statistical Association},
   volume = {74},
   number = {365},
   pages = {105-121},
   year = {1979}
}

@article{parzen_2004,
   author = {Parzen, E.},
   title = {Quantile Probability and Statistical Data Modeling},
   journal = {Statistical Science},
   volume = {19},
   number = {4},
   pages = {652-662},
   year = {2004},
}

@inbook{powell_1991,
   author = {Powell, J. L.},
   title = {Estimation of Monotonic Regression Models Under Quantile Restrictions},
   booktitle = {Nonparametric and Semiparametric Methods in Econometrics and Statistics: Proceedings of the Fifth International Symposium on Economic Theory and Econometrics},
   editor = {Barnett, W. and Powell, J. and Tauchen, G.},
   publisher = {Cambridge University Press},
   address = {New York, NY},
   pages = {357-384},
   year = {1991}
}

@inbook{powell_1994,
   author = {Powell, James L.},
   title = {Estimation of Semiparametric Models},
   booktitle = {Handbook of Econometrics},
   editor = {Robert, F. Engle and Daniel, L. McFadden},
   publisher = {Elsevier},
   volume = {Volume 4},
   chapter = {41},
   pages = {2443-2521},
   year = {1994}
}

@article{ruppert_1987,
   author = {Ruppert, David},
   title = {What is Kurtosis?: An Influence Function Approach},
   journal = {The American Statistician},
   volume = {41},
   number = {1},
   pages = {1-5},
   year = {1987}
}

@article{sakia,
   author = {Sakia, R. M.},
   title = {The {B}ox--{C}ox Transformation Technique: A Review},
   journal = {Journal of the Royal Statistical Society D},
   volume = {41},
   number = {2},
   pages = {169-178},
   year = {1992}
}

@manual{smith_reich,
    title = {BSquare: Bayesian Simultaneous Quantile Regression},
    author = {Smith, L. and Reich, B.},
    year = {2013},
    note = {R~package~version~1.1},
    url = {http://CRAN.R-project.org/package=BSquare},
}

@article{staudte_2014,
   author = {Staudte, Robert G.},
   title = {Inference for Quantile Measures of Kurtosis, Peakedness and Tail-weight},
   journal = {arXiv preprint arXiv:1047.6461v1 [math.ST]},
   year = {2014},
   doi = {10.1080/03610926.2015.1056366}
}

@article{tukey,
   author = {Tukey, J. W.},
   title = {Which Part of the Sample Contains the Information?},
   journal = {Proceedings of the National Academy of Sciences of the United States of America},
   volume = {53},
   number = {1},
   pages = {127-134},
   year = {1965}
}

@article{mice,
   author = {van Buuren, S. and Groothuis-Oudshoorn, K.},
   title = {mice: Multivariate Imputation by Chained Equations in {R}},
   journal = {Journal of Statistical Software},
   volume = {45},
   number = {3},
   pages = {1-67},
   year = {2011}
}

@article{yu_jones,
   author = {Yu, K. M. and Jones, M. C.},
   title = {Local Linear Quantile Regression},
   journal = {Journal of the American Statistical Association},
   volume = {93},
   number = {441},
   pages = {228-237},
   year = {1998}
}

@article{zhao_2000,
   author = {Zhao, Q. S.},
   title = {Restricted Regression Quantiles},
   journal = {Journal of Multivariate Analysis},
   volume = {72},
   number = {1},
   pages = {78-99},
   year = {2000}
}

@article{zheng_1998,
   author = {Zheng, John Xu},
   title = {A Consistent Nonparametric Test of Parametric Regression Models under Conditional Quantile Restrictions},
   journal = {Econometric Theory},
   volume = {14},
   number = {1},
   pages = {123-138},
   year = {1998}
}

%%%%%%


