@article{byrd1995limited,
  title={A Limited Memory Algorithm for Bound Constrained Optimization},
  author={Byrd, Richard H and Lu, Peihuang and Nocedal, Jorge and Zhu, Ciyou},
  journal={SIAM Journal on Scientific Computing},
  volume={16},
  number={5},
  pages={1190--1208},
  year={1995},
  publisher={SIAM}
}

@article{monroe2011generalized,
  title={A Generalized Linear Model Approach to Designing Accelerated Life Test Experiments},
  author={Monroe, Eric M and Pan, Rong and Anderson-Cook, Christine M and Montgomery, Douglas C and Borror, Connie M},
  journal={Quality and Reliability Engineering International},
  volume={27},
  number={4},
  pages={595--607},
  year={2011},
  publisher={Wiley Online Library}
}

@article{yang2013novel,
  title={A Novel Approach to Optimal Accelerated Life Test Planning With Interval Censoring},
  author={Yang, Tao and Pan, Rong},
  journal={IEEE Transactions on Reliability},
  volume={62},
  number={2},
  pages={527--536},
  year={2013},
  publisher={IEEE}
}

@article{david1972regression,
  title={Regression Models and Life Tables (with discussion)},
  author={Cox, David R},
  journal={Journal of the Royal Statistical Society},
  volume={34},
  pages={187--220},
  year={1972}
}

@article{johnson2009choice,
  title={Choice of Second-order Response Surface Designs for Logistic and {Poisson} Regression Models},
  author={Johnson, Rachel T and Montgomery, Douglas C},
  journal={International Journal of Experimental Design and Process Optimisation},
  volume={1},
  number={1},
  pages={2--23},
  year={2009},
  publisher={Inderscience}
}

@article{nelson2005bibliographya,
  title={A Bibliography of Accelerated Test Plans},
  author={Nelson, Wayne B},
  journal={IEEE Transactions on Reliability},
  volume={54},
  number={2},
  pages={194--197},
  year={2005a}
}

@article{nelson2005bibliographyb,
  title={A Bibliography of Accelerated Test Plans {Part II}---references},
  author={Nelson, Wayne B},
  journal={IEEE Transactions on Reliability},
  volume={54},
  number={3},
  pages={370--373},
  year={2005b},
  publisher={IEEE}
}

@book{meeker1998statistical,
  title={Statistical Methods for Reliability Data},
  author={Meeker, William Q and Escobar, Luis A},
  volume={314},
  year={1998},
  publisher={John Wiley \& Sons}
}

@Manual{ALTopt,
    title = {ALTopt: Optimal Experimental Designs for Accelerated Life Testing},
    author = {Kangwon Seo and Rong Pan},
    year = {2015},
    note = {R package version 0.1.1},
    url = {https://CRAN.R-project.org/package=ALTopt},
  }

@book{myers2009response,
  title={Response Surface Methodology: Process and Product Optimization Using Designed Experiments},
  author={Myers, Raymond H and Montgomery, Douglas C and Anderson-Cook, Christine M},
  volume={705},
  year={2009},
  publisher={John Wiley \& Sons}
}

@article{zahran2003fraction,
  title={Fraction of Design Space to Assess Prediction Capability of Response Surface Designs},
  author={Zahran, Alyaa and Anderson-Cook, Christine M and Myers, Raymond H},
  journal={Journal of Quality Technology},
  volume={35},
  number={4},
  pages={377--386},
  year={2003},
  publisher={American Society for Quality}
}

@article{giovannitti1989graphical,
  title={Graphical Assessment of the Prediction Capability of Response Surface Designs},
  author={Giovannitti-Jensen, Ann and Myers, Raymond H},
  journal={Technometrics},
  volume={31},
  number={2},
  pages={159--171},
  year={1989},
  publisher={Taylor \& Francis}
}

@article{meeker1975optimum,
  title={Optimum Accelerated Life-Tests for the {W}eibull and Extreme Value Distributions},
  author={Meeker, William Q and Nelson, Wayne},
  journal={IEEE Transactions on Reliability},
  volume={24},
  number={5},
  pages={321--332},
  year={1975},
  publisher={IEEE}
}


