@book{asapval,
author = {R.~{Wasserstein and N.~Lazar}},
title = {{The ASA's Statement on p-Values: context, process, and purpose}},
publisher = {The American Statistician,85(15):},
pages = {129--133},
year = {2016}
}

