% Encoding: UTF-8

@Article{bp2002,
  author  = {Blanchard, Olivier and Perotti, Roberto},
  title   = {{An Empirical Characterization of the Dynamic Effects of Changes in Government Spending and Taxes on Output}},
  doi     = {https://doi.org/10.1162/003355302320935043},
  number  = {4},
  pages   = {1329--1368},
  volume  = {117},
  groups  = {t_dybo01:1},
  journal = {The Quarterly Journal of Economics},
  year    = {2002},
}

@Article{ahmed2016,
  author   = {M. Iqbal Ahmed and Steven P. Cassou},
  title    = {Does consumer confidence affect durable goods spending during bad and good economic times equally?},
  journal  = {Journal of Macroeconomics},
  year     = {2016},
  volume   = {50},
  pages    = {86--97},
  doi      = {https://doi.org/10.1016/j.jmacro.2016.08.008},
  groups   = {t_dybo01:4},
  keywords = {Consumer confidence, Regime switching models, News, Animal spirits, Local projections},
}

@Article{auerbach2012,
  author  = {Auerbach, Alan J. and Gorodnichenko, Yuriy},
  title   = {Measuring the Output Responses to Fiscal Policy},
  journal = {American Economic Journal: Economic Policy},
  year    = {2012},
  volume  = {4},
  number  = {2},
  pages   = {1--27},
  doi     = {https://doi.org/10.1257/pol.4.2.1},
  groups  = {t_dybo01:1},
}

@Article{sims1980,
  author    = {Sims, Christopher A},
  title     = {Macroeconomics and reality},
  journal   = {Econometrica: Journal of the Econometric Society},
  year      = {1980},
  pages     = {1--48},
  doi       = {https://doi.org/10.2307/1912017},
  publisher = {JSTOR},
}

@Article{jorda2005,
  author  = {Jord{\`a}, {\`O}scar},
  title   = {Estimation and inference of impulse responses by local projections},
  journal = {American Economic Review},
  year    = {2005},
  volume  = {95},
  number  = {1},
  pages   = {161--182},
  doi     = {https://doi.org/10.1257/0002828053828518},
}

@Article{newey1987,
  author    = {Newey, Whitney K and West, Kenneth D},
  title     = {Hypothesis testing with efficient method of moments estimation},
  journal   = {International Economic Review},
  year      = {1987},
  pages     = {777--787},
  doi       = {https://doi.org/10.2307/2526578},
  publisher = {JSTOR},
}

@Article{auerbach2013,
  author  = {Auerbach, Alan J and Gorodnichenko, Yuriy},
  title   = {Output spillovers from fiscal policy},
  journal = {American Economic Review},
  year    = {2013},
  volume  = {103},
  number  = {3},
  pages   = {141--46},
  doi     = {https://doi.org/10.1257/aer.103.3.141},
}

@Article{hodrick1997,
  author    = {Hodrick, Robert J and Prescott, Edward C},
  title     = {Postwar US business cycles: an empirical investigation},
  journal   = {Journal of Money, Credit, and Banking},
  year      = {1997},
  pages     = {1--16},
  doi       = {https://doi.org/10.2307/2953682},
  publisher = {JSTOR},
}

@Article{ramey2018,
  author    = {Ramey, Valerie A and Zubairy, Sarah},
  title     = {Government spending multipliers in good times and in bad: evidence from US historical data},
  journal   = {Journal of Political Economy},
  year      = {2018},
  volume    = {126},
  number    = {2},
  pages     = {850--901},
  doi       = {https://doi.org/10.1086/696277},
  publisher = {University of Chicago Press Chicago, IL},
}

@Article{jorda2015,
  author    = {Jord{\`a}, {\`O}scar and Schularick, Moritz and Taylor, Alan M},
  title     = {Betting the house},
  journal   = {Journal of International Economics},
  year      = {2015},
  volume    = {96},
  pages     = {S2--S18},
  doi       = {https://doi.org/10.1016/j.jinteco.2014.12.011},
  publisher = {Elsevier},
}

@Article{ravn2002,
  author    = {Ravn, Morten O and Uhlig, Harald},
  title     = {On adjusting the Hodrick-Prescott filter for the frequency of observations},
  journal   = {Review of Economics and Statistics},
  year      = {2002},
  volume    = {84},
  number    = {2},
  pages     = {371--376},
  doi       = {https://doi.org/10.1162/003465302317411604},
  publisher = {MIT Press},
}

@Article{kilian2011,
  author    = {Kilian, Lutz and Kim, Yun Jung},
  title     = {How reliable are local projection estimators of impulse responses?},
  journal   = {Review of Economics and Statistics},
  year      = {2011},
  volume    = {93},
  number    = {4},
  pages     = {1460--1466},
  doi       = {https://doi.org/10.1162/REST_a_00143},
  publisher = {MIT Press},
}

@Article{keating1992,
  author    = {Keating, John},
  title     = {Structural approaches to vector autoregressions},
  journal   = {Federal Reserve Bank of St. Louis Review},
  year      = {1992},
  volume    = {74},
  number    = {September/October},
  url       = {https://files.stlouisfed.org/files/htdocs/publications/review/92/09/Vector_Sep_Oct1992.pdf},
  publisher = {Federal Reserve Bank of St. Louis},
}

@Article{croissant2008,
  author  = {Yves Croissant and Giovanni Millo},
  title   = {Panel Data Econometrics in {R}: The {plm} Package},
  journal = {Journal of Statistical Software},
  year    = {2008},
  volume  = {27},
  number  = {2},
  pages   = {1--43},
  doi     = {https://doi.org/10.18637/jss.v027.i02},
}

@Article{brugnolini2018,
  author  = {Brugnolini, Luca},
  title   = {About Local Projection Impulse Response Function Reliability},
  journal = {CEIS Working Paper},
  year    = {2018},
  url     = {https://papers.ssrn.com/sol3/papers.cfm?abstract_id=3229218},
}

@Article{hamilton2011,
  author    = {Hamilton, James D},
  title     = {Nonlinearities and the macroeconomic effects of oil prices},
  journal   = {Macroeconomic Dynamics},
  year      = {2011},
  volume    = {15},
  number    = {S3},
  pages     = {364--378},
  doi       = {https://doi.org/10.1017/S1365100511000307},
  publisher = {Cambridge University Press},
}

@TechReport{swanson2017,
  author      = {Swanson, Eric T},
  title       = {Measuring the effects of Federal Reserve forward guidance and asset purchases on financial markets},
  institution = {National Bureau of Economic Research},
  year        = {2017},
  url         = {https://www.nber.org/papers/w23311},
}

@Article{barnichon2019,
  author    = {Barnichon, R{\'e}gis and Brownlees, Christian},
  title     = {Impulse response estimation by smooth local projections},
  doi       = {https://doi.org/10.1162/rest_a_00778},
  number    = {3},
  pages     = {522--530},
  volume    = {101},
  journal   = {Review of Economics and Statistics},
  publisher = {MIT Press},
  year      = {2019},
}

@Article{owyang2013,
  author  = {Owyang, Michael T and Ramey, Valerie A and Zubairy, Sarah},
  title   = {Are government spending multipliers greater during periods of slack? Evidence from twentieth-century historical data},
  journal = {American Economic Review},
  year    = {2013},
  volume  = {103},
  number  = {3},
  pages   = {129--134},
  doi     = {https://doi.org/10.1257/aer.103.3.129},
}

@Article{jorda2016,
  author    = {Jord{\`a}, {\`O}scar and Taylor, Alan M},
  title     = {The time for austerity: estimating the average treatment effect of fiscal policy},
  journal   = {The Economic Journal},
  year      = {2016},
  volume    = {126},
  number    = {590},
  pages     = {219--255},
  doi       = {https://doi.org/10.1111/ecoj.12332},
  publisher = {Wiley Online Library},
}

@Article{tenreyro2016,
  author  = {Tenreyro, Silvana and Thwaites, Gregory},
  title   = {Pushing on a string: US monetary policy is less powerful in recessions},
  journal = {American Economic Journal: Macroeconomics},
  year    = {2016},
  volume  = {8},
  number  = {4},
  pages   = {43--74},
  doi     = {https://doi.org/10.1257/mac.20150016},
}

@Article{petersen2009,
  author    = {Petersen, Mitchell A},
  title     = {Estimating standard errors in finance panel data sets: Comparing approaches},
  journal   = {The Review of Financial Studies},
  year      = {2009},
  volume    = {22},
  number    = {1},
  pages     = {435--480},
  doi       = {https://doi.org/10.1093/rfs/hhn053},
  publisher = {Oxford University Press},
}

@Article{millo2017,
  author  = {Giovanni Millo},
  title   = {Robust Standard Error Estimators for Panel Models: A Unifying Approach},
  journal = {Journal of Statistical Software},
  year    = {2017},
  number  = {82},
  issue   = {3},
  doi     = {https://doi.org/10.18637/jss.v082.i03},
}

@Article{akaike1974,
  author    = {Akaike, Hirotugu},
  title     = {A new look at the statistical model identification},
  journal   = {IEEE transactions on automatic control},
  year      = {1974},
  volume    = {19},
  number    = {6},
  pages     = {716--723},
  doi       = {https://doi.org/10.1109/TAC.1974.1100705},
  publisher = {Ieee},
}

@Article{hurvich1989,
  author    = {Hurvich, Clifford M and Tsai, Chih-Ling},
  title     = {Regression and time series model selection in small samples},
  journal   = {Biometrika},
  year      = {1989},
  volume    = {76},
  number    = {2},
  pages     = {297--307},
  doi       = {https://doi.org/10.1093/biomet/76.2.297},
  publisher = {Oxford University Press},
}

@Article{garin2019,
  author    = {Gar{\'\i}n, Julio and Lester, Robert and Sims, Eric},
  title     = {Are supply shocks contractionary at the ZLB? Evidence from utilization-adjusted TFP data},
  journal   = {Review of Economics and Statistics},
  year      = {2019},
  volume    = {101},
  number    = {1},
  pages     = {160--175},
  doi       = {https://doi.org/10.1162/rest_a_00723},
  publisher = {MIT Press},
}

@Article{schwarz1978,
  author    = {Schwarz, Gideon},
  title     = {Estimating the dimension of a model},
  journal   = {The Annals of Statistics},
  year      = {1978},
  volume    = {6},
  number    = {2},
  pages     = {461--464},
  doi       = {https://doi.org/10.1214/aos/1176344136},
  publisher = {Institute of Mathematical Statistics},
}

@Article{jorda2019,
  author    = {Jord{\`a}, {\`O}scar and Schularick, Moritz and Taylor, Alan M},
  title     = {The effects of quasi-random monetary experiments},
  journal   = {Journal of Monetary Economics},
  year      = {2019},
  volume    = {In press},
  doi       = {https://doi.org/10.1016/j.jmoneco.2019.01.021},
  publisher = {Elsevier},
}

@Article{favara2015,
  author  = {Favara, Giovanni and Imbs, Jean},
  title   = {Credit supply and the price of housing},
  journal = {American Economic Review},
  year    = {2015},
  volume  = {105},
  number  = {3},
  pages   = {958--92},
  doi     = {https://doi.org/10.1257/aer.20121416},
}

@Article{plagborg2019,
  author  = {Plagborg-M{\o}ller, Mikkel and Wolf, Christian K},
  title   = {Local projections and VARs estimate the same impulse responses},
  journal = {Unpublished paper: Department of Economics, Princeton University},
  year    = {2019},
  url     = {https://scholar.princeton.edu/sites/default/files/mikkelpm/files/lp_var.pdf},
}

@Article{andrews1992,
  author    = {Donald W. K. Andrews and J. Christopher Monahan},
  title     = {An Improved Heteroskedasticity and Autocorrelation Consistent Covariance Matrix Estimator},
  journal   = {Econometrica},
  year      = {1992},
  volume    = {60},
  number    = {4},
  pages     = {953--966},
  doi       = {https://doi.org/10.2307/2951574},
  publisher = {{JSTOR}},
}

@Article{pfaff2008,
  author    = {Bernhard Pfaff},
  title     = {{VAR}, {SVAR} and {SVEC} Models: Implementation {Within R Package vars}},
  doi       = {https://doi.org/10.18637/jss.v027.i04},
  number    = {4},
  volume    = {27},
  journal   = {Journal of Statistical Software},
  publisher = {Foundation for Open Access Statistic},
  year      = {2008},
}

@Manual{adaemmer2019,
  author = {Philipp Adämmer},
  title  = {{lpirfs}: Local Projections Impulse Response Functions},
  year   = {2019},
  note   = {R package version: 0.1.6},
  url    = {https://CRAN.R-project.org/package=lpirfs},
}

@Article{eddelbuettel2011,
  author  = {Eddelbuettel, Dirk and Fran{\c{c}}ois, Romain and Allaire, J and Ushey, Kevin and Kou, Qiang and Russel, N and Chambers, John and Bates, D},
  title   = {Rcpp: Seamless R and C++ integration},
  journal = {Journal of Statistical Software},
  year    = {2011},
  volume  = {40},
  number  = {8},
  pages   = {1--18},
  doi     = {https://doi.org/10.18637/jss.v040.i08},
}

@Comment{jabref-meta: databaseType:biblatex;}
