% This file was created with JabRef 2.3.1.
% Encoding: Cp1252

@ARTICLE{Genz1993,
  author = {Genz, Alan},
  title = {Comparison of methods for the computation of multivariate normal
	probabilities},
  journal = {Computing Science and Statistics},
  year = {1993},
  volume = {25},
  pages = {400-405},
  key = {121},
  owner = {theuser},
  timestamp = {2008.02.12}
}

@ARTICLE{Genz1992,
  author = {Genz, Alan},
  title = {Numerical computation of multivariate normal probabilities},
  journal = {Journal of Computational and Graphical Statistics},
  year = {1992},
  volume = {1},
  pages = {141-149},
  key = {116},
  owner = {theuser},
  timestamp = {2008.02.12}
}

@ARTICLE{Genz1999,
  author = {Genz, A. and Bretz, F.},
  title = {Numerical computation of multivariate $t$-probabilities with application
	to power calculation of multiple contrasts},
  journal = {Journal of Statistical Computation and Simulation},
  year = {1999},
  volume = {63},
  pages = {361-378},
  key = {135},
  owner = {theuser},
  timestamp = {2008.02.12}
}

@ARTICLE{Hothorn2001,
  author = {Torsten Hothorn and Frank Bretz and Alan Genz},
  title = {On Multivariate $t$ and {Gau{\ss}} Probabilities in {R}},
  journal = {R News},
  year = {2001},
  volume = {1},
  pages = {27--29},
  number = {2},
  month = {June},
  owner = {theuser},
  timestamp = {2008.02.12}
}

@ARTICLE{Miwa2003,
  author = {Miwa, T. and Hayter, A. J. and Kuriki, S.},
  title = {The evaluation of general non-centred orthant probabilities},
  journal = {Journal of The Royal Statistical Society Series B--Statistical Methodology},
  year = {2003},
  volume = {65},
  pages = {223--234},
  owner = {theuser},
  pn = {Part 1},
  sn = {1369-7412},
  timestamp = {2008.02.14},
  ut = {ISI:000180996800013}
}

@Manual{PKG:mvtnorm,
    title = {mvtnorm: Multivariate Normal and T Distribution},
    author = {Alan Genz and Frank Bretz and Torsten Hothorn and Tetsuhisa Miwa and Xuefei Mi and 
              Friedrich Leisch and Fabian Scheipl},
    year = {2008},
    note = {{R} package version 0.9-0},
    url = {http://CRAN.R-project.org}
}


@comment{jabref-meta: selector_journal:}

@comment{jabref-meta: selector_author:}

@comment{jabref-meta: selector_keywords:}

@comment{jabref-meta: selector_publisher:}

