@article{bickel_doksum_81,
author  = {P. J. Bickel and K. A. Doksum},
title   = {An analysis of transformations revisited},
journal = {Journal of the American Statistical Association},
year    = 1981,
volume  = 76, 
pages   = {296-311},
url = {https://doi.org/10.1080/01621459.1981.10477649}
}

@article{box_cox_64,
author  = {G. E. P. Box and D. R. Cox},
title   = {An analysis of transformations},
journal = {Journals of the Royal Statistical Society Series B},
year    = 1964,
volume  = 26, 
pages   = {211-246},
url = {https://doi.org/10.1111/j.2517-6161.1964.tb00553.x}
}

@article{carroll_ruppert_81,
author  = {R. Carroll and D. Ruppert},
title   = {On prediction and the power transformation family},
journal = {Biometrika},
year    = 1981,
volume  = 68, 
pages   = {606-619},
url = {https://doi.org/10.1093/biomet/68.3.609}
}

@InProceedings{cox_61,
author  = {D. R. Cox},
title   = {Tests of separate families of hypotheses},
booktitle = {Proceeding of 4th Berkley Symposium 1}, 
year    = 1961,
pages   = {105-123},
publisher = {University of California Press},
address = {California}
}

@article{doksum_wong_83,
author  = {K. A. Doksum and C. W. Wong},
title   = {Statistical tests based on transformed data},
journal = {Journal of the American Statistical Association},
year    = 1983,
volume  = 78, 
pages   = {411-417},
url = {https://doi.org/10.1080/01621459.1983.10477986}
}

@book{fitzmaurice_etal_11,
author  = {G. M. Fitzmaurice and N. M. Laird and J. H. Ware},
title   = {Applied Longitudinal Analysis, 2nd Edition},
year    = 2011,
publisher = {Wiley},
address  = {New York},
url = {https://doi.org/10.1002/9781119513469}
}

@article{gosho_etal_17,
author  = {M. Gosho and A. Hirakawa and H. Noma and K. Maruo and Y. Sato},
title   = {Comparison of bias-corrected covariance estimators for MMRM analysis in longitudinal data with dropouts},
journal = {Statistical Methods in Medical Research},
year    = 2017,
volume  = 26, 
pages   = {2389-2406},
url = {https://doi.org/10.1177/0962280215597938}
}
@article{gurka_etal_06,
author  = {M. J. Gurka and L. J. Edwards and K. E. Muller and L. L. Kupper},
title   = {Extending the {Box}--{Cox} transformation to the linear mixed model},
journal = {Journals of the Royal Statistical Society, Series A},
year    = 2006,
volume  = 169, 
pages   = {273-288},
url = {https://doi.org/10.1111/j.1467-985X.2005.00391.x}
}

@article{henry_etal_98,
author  = {K. Henry and A. Erice and C. Tierney and H. H. {Balfour Jr.} and M. A. Fischl and A. Kmack and S. H. Liou and A. Kenton and M. S. Hirsch and J. Phair and A. Martinez and J. O. {Kahn for the AIDS Clinical Trial Group 193A Study Team}},
title   = {A randomized, controlled, double-blind study comparing the survival benefit of four different reverse transcriptase inhibitor therapies (three-drug, two-drug, and alternating drug) for the treatment of advanced {AIDS}},
journal = {Journal of Acquired Immune  Deficiency Syndromes and Human Retrovirology}, 
year    = 1998,
volume  = 19,
pages   = {339-349},
url = {https://doi.org/10.1097/00042560-199812010-00004}
}



@article{jamshidian_etal_14,
author  = {Mortaza Jamshidian and Siavash Jalal and Camden Jansen},
title   = {\pkg{MissMech}: an R package for testing homoscedasticity, multivariate normality, and missing completely at random (MCAR)},
journal = {Journal of Statistical Software}, 
year    = 2014,
volume  = {56(6)},
url = {https://doi.org/10.18637/jss.v056.i06}
}


@manual{jamshidian_etal_15,
author  = {Mortaza Jamshidian and Siavash Jalal and Camden Jansen},
title   = {Package '\pkg{MissMech}:'},
year = 2015,
note = {R package version 1.0.2},
url = {https://CRAN.R-project.org/package=MissMech}
}


@article{lipsitz_etal_00,
author  = {S. R. Lipsitz and J. Ibrahim and G. Molenberghs},
title   = {Using a {Box}--{Cox} transformation in the analysis of longitudinal data with incomplete responses},
journal = {Journal of the Royal Statistical Society, Series C},
year    = 2000,
volume  = 49,
pages   = {287-296},
url = {https://doi.org/10.1111/1467-9876.00192}
}

@article{mallinckrodt_etal_01,
author  = {C. H. Mallinckrodt and W. S. Clark and S. R. David},
title   = {Accounting for dropout bias using mixed-effects models},
journal = {Journal of Biopharmaceutical Statistics},
year    = 2001,
volume  = 11,
pages   = {9-21},
url = {https://doi.org/10.1081/BIP-100104194}
}


@article{maruo_etal_15,
author  = {K. Maruo and N. Isogawa and M. Gosho},
title   = {Inference of median difference based on the {Box}--{Cox} model in randomized clinical trials},
journal = {Statistics in Medicine},
year    = 2015,
volume  = 34,
pages   = {1634-1644},
url = {https://doi.org/10.1002/sim.6408}
}


@article{maruo_etal_17,
author  = {K. Maruo and N. Yamaguchi and H. Noma and M. Gosho},
title   = {Interpretable inference on the mixed effect model with the {Box}--{Cox} transformation},
journal = {Statistics in Medicine},
year    = 2017,
volume  = 36,
pages   = {2420-2434},
url = {https://doi.org/10.1002/sim.7279}
}

@manual{maruo_etal_20,
author  = {K. Maruo and R. Ishii and Y. Yamaguchi and M. Gosho},
title   = {Package '\pkg{bcmixed}'},
year    = 2020,
note = {R package version 1.0},
url = {https://CRAN.R-project.org/package=bcmixed}
}


@article{schluchter_elashoff_90,
author  = {M. D. Schluchter and J. D. Elashoff },
title   = {Small-sample adjustments to tests with unbalanced repeated measures assuming several covariance structures},
journal = {Journal of Statistical Computation and Simulation},
year    = 1990,
volume  = 37,
pages   = {69-87},
url = {https://doi.org/10.1080/00949659008811295}
}

@Manual{glme,
    title = {glme: Generalized Linear Mixed Effects Models},
    author = {{Sam Weerahandi} and {Berna Yazici} and {Ching-Ray Yu} and {Mustafa Cavus}},
    year = {2021},
    note = {R package version 0.1.0},
    url = {https://CRAN.R-project.org/package=glme}
  }

@Article{lme4,
    title = {Fitting Linear Mixed-Effects Models Using {lme4}},
    author = {Douglas Bates and Martin M{\"a}chler and Ben Bolker and Steve Walker},
    journal = {Journal of Statistical Software},
    year = {2015},
    volume = {67},
    number = {1},
    pages = {1--48},
    doi = {10.18637/jss.v067.i01}
  }

@Article{CLME,
  title = {{CLME}: An {R} Package for Linear Mixed Effects Models under Inequality Constraints},
  author = {Casey M. Jelsema and Shyamal D. Peddada},
  journal = {Journal of Statistical Software},
  year = {2016},
  volume = {75},
  number = {1},
  pages = {1--32},
  doi = {10.18637/jss.v075.i01}
}

@Article{PLmixed,
    title = {Estimating Complex Measurement and Growth Models Using the {R} Package {PLmixed}},
    author = {Nicholas Rockwood and Minjeong Jeon},
    journal = {Multivariate Behavioral Research},
    year = {2019},
    volume = {54},
    number = {2},
    pages = {288--306}
  }

  @Article{MCMCglmm,
    title = {MCMC Methods for Multi-Response Generalized Linear Mixed Models: The {MCMCglmm} {R} Package},
    author = {Jarrod D Hadfield},
    journal = {Journal of Statistical Software},
    year = {2010},
    volume = {33},
    number = {2},
    pages = {1--22},
    url = {https://www.jstatsoft.org/v33/i02/}
  }


@article{cavus_etal_19,
author = {Mustafa Cavus and Berna Yazici and Ahmet Sezer},
title = {Penalized power approach to compare the power of the tests when Type I error probabilities are different},
journal = {Communications in Statistics - Simulation and Computation},
volume = {0},
number = {0},
pages = {1-15},
year  = {2019},
doi = {10.1080/03610918.2019.1588310}
}

@Book{ggplot2,
  author = {Hadley Wickham},
  title = {ggplot2: Elegant Graphics for Data Analysis},
  publisher = {Springer-Verlag New York},
  year = {2016},
  isbn = {978-3-319-24277-4},
  url = {https://ggplot2.tidyverse.org},
}

@Manual{nlme,
    title = {{nlme}: Linear and Nonlinear Mixed Effects Models},
    author = {Jose Pinheiro and Douglas Bates and Saikat DebRoy and Deepayan Sarkar and {R Core Team}},
    year = {2021},
    note = {R package version 3.1-152},
    url = {https://CRAN.R-project.org/package=nlme},
}
