@unpublished{bacci_etal12,
	title        = {A Comparison of Some Criteria for States Selection in the Latent {{Markov}} Model for Longitudinal Data},
	author       = {Bacci, Silvia and Pandolfi, Silvia and Pennoni, Fulvia},
	year         = 2012,
	url          = {http://arxiv.org/abs/1212.0352}
}
@article{banfield_raftery93,
	title        = {Model-{{Based Gaussian}} and {{Non-Gaussian Clustering}}},
	author       = {Banfield, Jeffrey D. and Raftery, Adrian E.},
	year         = 1993,
	journal      = {Biometrics},
	publisher    = {[Wiley, International Biometric Society]},
	doi          = {10.2307/2532201}
}
@article{lindsay95,
	title        = {Mixture {Models}: {Theory}, {Geometry} and {Applications}},
	author       = {Lindsay, Bruce G.},
	year         = 1995,
	journal      = {NSF-CBMS Regional Conference Series in Probability and Statistics},
	url          = {https://www.jstor.org/stable/4153184},
}
@article{meng_vandyk97,
	title        = {The {EM} {Algorithm}--an {Old} {Folk}-song {Sung} to a {Fast} {New} {Tune}},
	author       = {Meng, Xiao-Li and Van Dyk, David},
	year         = 1997,
	journal      = {Journal of the Royal Statistical Society: Series B (Statistical Methodology)},
	doi          = {10.1111/1467-9868.00082},
	url          = {https://onlinelibrary.wiley.com/doi/abs/10.1111/1467-9868.00082},
}
@article{basford_etal97,
	title        = {Standard Errors of Fitted Component Means of Normal Mixtures},
	author       = {Basford, K. and Greenway, D. and Mclachlan, G. and others},
	year         = 1997,
	journal      = {Computational Statistics},
	url          = {https://www.researchgate.net/publication/37625647\_Standard\_errors\_of\_fitted\_component\_means\_of\_normal\_mixtures}
}
@article{cattell66,
	title        = {The {Scree} {Test} {For} {The} {Number} {Of} {Factors}},
	author       = {Cattell, Raymond B.},
	year         = 1966,
	journal      = {Multivariate Behavioral Research},
	doi          = {10.1207/s15327906mbr0102\_10},
	pmid         = 26828106
}
@Manual{R-core,
    title = {R: A Language and Environment for Statistical Computing},
    author = {{R Core Team}},
    organization = {R Foundation for Statistical Computing},
    address = {Vienna, Austria},
    year = {2023},
    url = {https://www.R-project.org/},
  }
@article{berge_etal12,
	title        = {{HDclassif}: {An} {R} {Package} for {Model}-{Based} {Clustering} and {Discriminant} {Analysis} of {High}-{Dimensional} {Data}},
	author       = {Bergé, Laurent and Bouveyron, Charles and Girard, Stéphane},
	year         = 2012,
	journal      = {Journal of Statistical Software},
	doi          = {10.18637/jss.v046.i06},
	copyright    = {Copyright (c) 2010 Laurent Bergé, Charles Bouveyron, Stéphane Girard}
}
@article{mclachlan_etal03,
	title        = {Modelling high-dimensional data by mixtures of factor analyzers},
	author       = {McLachlan, G. J. and Peel, D. and Bean, R. W.},
	year         = 2003,
	journal      = {Computational Statistics \& Data Analysis},
	series       = {Recent {Developments} in {Mixture} {Model}},
	doi          = {10.1016/S0167-9473(02)00183-4}
}
@incollection{mclachlan_etal11,
	title        = {Mixtures of {Factor} {Analysers} for the {Analysis} of {High}-{Dimensional} {Data}},
	author       = {Mclachlan, G. and Baek, Jangsun and Rathnayake, Suren},
	year         = 2011,
	doi          = {10.1002/9781119995678.ch9},
	isbn         = {978-1-119-99389-6}
}
@inproceedings{mclachlan_peel00a,
	title        = {Mixtures of {Factor} {Analyzers}},
	author       = {Mclachlan, G. and Peel, David},
	year         = 2000,
	doi          = {10.48550/arXiv.1507.02801}
}
@article{tipping_bishop99,
	title        = {Probabilistic {Principal} {Component} {Analysis}},
	author       = {Tipping, Michael E. and Bishop, Christopher M.},
	year         = 1999,
	journal      = {Journal of the Royal Statistical Society: Series B (Statistical Methodology)},
	doi          = {10.1111/1467-9868.00196}
}
@article{li91,
	title        = {Sliced {Inverse} {Regression} for {Dimension} {Reduction}},
	author       = {Li, Ker-Chau},
	year         = 1991,
	journal      = {Journal of the American Statistical Association},
	doi          = {10.2307/2290563}
}
@article{bouveyron_etal07,
	title        = {High-{Dimensional} {Data} {Clustering}},
	author       = {Bouveyron, Charles and Girard, Stéphane and SCHMID, Cordelia},
	year         = 2007,
	journal      = {Computational Statistics \& Data Analysis},
	doi          = {10.1016/j.csda.2007.02.009}
}
@article{scrucca10,
	title        = {Dimension reduction for model-based clustering},
	author       = {Scrucca, Luca},
	year         = 2010,
	journal      = {Statistics and Computing},
	doi          = {10.1007/s11222-009-9138-7}
}
@article{baek_etal10,
	title        = {Mixtures of {Factor} {Analyzers} with {Common} {Factor} {Loadings}: {Applications} to the {Clustering} and {Visualization} of {High}-{Dimensional} {Data}},
	author       = {Baek, Jangsun and McLachlan, Geoffrey J. and Flack, Lloyd K.},
	year         = 2010,
	journal      = {IEEE Transactions on Pattern Analysis and Machine Intelligence},
	doi          = {10.1109/TPAMI.2009.149}
}
@article{biernacki_etal00,
	title        = {Assessing a {{Mixture Model}} for {{Clustering}} with the {{Integrated Completed Likelihood}}},
	author       = {Biernacki, Christophe and Celeux, Gilles and Govaert, Gerard},
	year         = 2000,
	journal      = {Pattern Analysis and Machine Intelligence, IEEE Transactions on},
	doi          = {10.1109/34.865189}
}
@article{biernacki_etal03,
	title        = {Choosing Starting Values for the {{EM}} Algorithm for Getting the Highest Likelihood in Multivariate {{Gaussian}} Mixture Models},
	author       = {Biernacki, Christophe and Celeux, Gilles and Govaert, Gérard},
	year         = 2003,
	journal      = {Computational Statistics \& Data Analysis},
	doi          = {10.1016/S0167-9473(02)00163-9}
}
@article{bouveyron_girard09,
	title        = {{{Robust Supervised Classification}} with {{Mixture Models}}: {{Learning}} from {{Data}} with {{Uncertain Labels}}},
	author       = {Bouveyron, Charles and Girard, Stéphane},
	year         = 2009,
	journal      = {Pattern Recognition},
	doi          = {10.1016/j.patcog.2009.03.027}
}
@article{bouveyron_etal11,
	title        = {Intrinsic {{Dimension Estimation}} by {{Maximum Likelihood}} in {{Isotropic Probabilistic PCA}}},
	author       = {Bouveyron, Charles and Celeux, Gilles and Girard, Stéphane},
	year         = 2011,
	journal      = {Pattern Recognition Letters},
	publisher    = {Elsevier},
	doi          = {10.1016/j.patrec.2011.07.017}
}
@article{browne_mcnicholas14,
	title        = {Estimating Common Principal Components in High Dimensions},
	author       = {Browne, Ryan P. and McNicholas, Paul D.},
	year         = 2014,
	journal      = {Advances in Data Analysis and Classification},
	doi          = {10.1007/s11634-013-0139-1}
}
@misc{cao_spall12,
	title        = {Relative Performance of Expected and Observed Fisher Information in Covariance Estimation for Maximum Likelihood Estimates},
	author       = {Cao, X. and Spall, J. C.},
	year         = 2012,
	doi          = {10.1109/ACC.2012.6315584}
}
@misc{celeux_etal18,
	title        = {Model Selection for Mixture Models - Perspectives and Strategies},
	author       = {Celeux, Gilles and Fruewirth-Schnatter, Sylvia and Robert, Christian P.},
	year         = 2018,
	publisher    = {arXiv},
	doi          = {10.48550/ARXIV.1812.09885}
}
@unpublished{celeux_etal12,
	title        = {A {{Component-wise EM Algorithm}} for {{Mixtures}}},
	author       = {Celeux, Gilles and Chrétien, Stéphane and Forbes, Florence},
	year         = 2012
}
@article{celeux_govaert92,
	title        = {A Classification {{EM}} Algorithm for Clustering and Two Stochastic Versions},
	author       = {Celeux, Gilles and Govaert, Gérard},
	year         = 1992,
	journal      = {Computational Statistics \& Data Analysis},
	doi          = {10.1016/0167-9473(92)90042-E}
}
@article{celeux_govaert_etal95,
	title        = {Gaussian Parsimonious Clustering Models},
	author       = {Celeux, Gilles and Govaert, Gérard},
	year         = 1995,
	journal      = {Pattern Recognition},
	doi          = {10.1016/0031-3203(94)00125-6}
}
@unpublished{chen16,
	title        = {Consistency of the {{MLE}} under Mixture Models},
	author       = {Chen, Jiahua},
	year         = 2016,
	doi          = {10.1214/16-STS578}
}
@unpublished{delattre_kuhn19,
	title        = {Estimating {{Fisher Information Matrix}} in {{Latent Variable Models}} Based on the {{Score Function}}},
	author       = {Delattre, Maud and Kuhn, Estelle},
	year         = 2019,
	doi          = {https://doi.org/10.48550/arXiv.1909.06094}
}
@article{dempster_etal77,
	title        = {Maximum {{Likelihood}} from {{Incomplete Data Via}} the {{{\emph{EM}}}} {{Algorithm}}},
	author       = {Dempster, A. P. and Laird, N. M. and Rubin, D. B.},
	year         = 1977,
	journal      = {Journal of the Royal Statistical Society},
	doi          = {10.1111/j.2517-6161.1977.tb01600.x}
}
@book{efron_tibshirani93,
	title        = {An {{Introduction}} to the {{Bootstrap}}},
	author       = {Efron, Bradley and Tibshirani, Robert},
	year         = 1993
}
@article{figueiredo_jain02,
	title        = {Unsupervised Learning of Finite Mixture Models},
	author       = {Figueiredo, M. A. T. and Jain, A. K.},
	year         = 2002,
	journal      = {IEEE Transactions on Pattern Analysis and Machine Intelligence},
	doi          = {10.1109/34.990138}
}
@article{fonseca08,
	title        = {The Application of Mixture Modeling and Information Criteria for Discovering Patterns of Coronary Heart Disease},
	author       = {Fonseca, Jaime},
	year         = 2008,
	journal      = {Journal of Applied Quantitative Methods},
	doi          = {10.1109/EMS.2008.36}
}
@article{fraley98,
	title        = {Algorithms for {{Model-Based Gaussian Hierarchical Clustering}}},
	author       = {Fraley, Chris},
	year         = 1998,
	journal      = {SIAM Journal on Scientific Computing},
	publisher    = {Society for Industrial and Applied Mathematics},
	doi          = {10.1137/S1064827596311451}
}
@article{gallegos_ritter05,
	title        = {A Robust Method for Cluster Analysis},
	author       = {Gallegos, María Teresa and Ritter, Gunter},
	year         = 2005,
	journal      = {The Annals of Statistics},
	publisher    = {Institute of Mathematical Statistics},
	doi          = {10.1214/009053604000000940}
}
@article{jaki_etal18,
	title        = {An Evaluation of the Bootstrap for Model Validation in Mixture Models},
	author       = {Jaki, Thomas and Su, Ting-Li and Kim, Minjung and others},
	year         = 2018,
	journal      = {Communications in statistics: Simulation and computation},
	doi          = {10.1080/03610918.2017.1303726}
}
@misc{jin_etal16,
	title        = {Local {{Maxima}} in the {{Likelihood}} of {{Gaussian Mixture Models}}: {{Structural Results}} and {{Algorithmic Consequences}}},
	author       = {Jin, Chi and Zhang, Yuchen and Balakrishnan, Sivaraman and others},
	year         = 2016,
	publisher    = {Curran Associates, Inc.},
	doi          = {https://doi.org/10.48550/arXiv.1609.00978}
}
@misc{Petersen2008,
	title        = {The Matrix Cookbook},
	author       = {Petersen, K. B. and Pedersen, M. S.},
	year         = 2008,
	publisher    = {Technical University of Denmark}
}
@article{kurban_etal17,
	title        = {Using Data to Build a Better {{EM}}: {{EM}}\textasteriskcentered for Big Data},
	author       = {Kurban, Hasan and Jenne, Mark and Dalkilic, Mehmet M.},
	year         = 2017,
	journal      = {International Journal of Data Science and Analytics},
	doi          = {10.1007/s41060-017-0062-1}
}
@inproceedings{kwedlo13,
	title        = {A {{New Method}} for {{Random Initialization}} of the {{EM Algorithm}} for {{Multivariate Gaussian Mixture Learning}}},
	author       = {Kwedlo, Wojciech},
	year         = 2013,
	booktitle    = {Proceedings of the {{8th International Conference}} on {{Computer Recognition Systems CORES 2013}}},
	publisher    = {Springer International Publishing},
	doi          = {10.1007/978-3-319-00969-8\_8},
	isbn         = {978-3-319-00969-8},
	editor       = {Burduk, Robert and Jackowski, Konrad and Kurzynski, Marek and Wozniak, Micha\l{} and Zolnierek, Andrzej}
}
@article{leytham84,
	title        = {Maximum {{Likelihood Estimates}} for the {{Parameters}} of {{Mixture Distributions}}},
	author       = {Leytham, K. M.},
	year         = 1984,
	journal      = {Water Resources Research},
	doi          = {10.1029/WR020i007p00896}
}
@article{dai_mukherjea01,
	title        = {Identification of the {{Parameters}} of a {{Multivariate Normal Vector}} by the {{Distribution}} of the {{Maximum}}},
	author       = {Dai, Ming and Mukherjea, Arunava},
	year         = 2001,
	journal      = {Journal of Theoretical Probability},
	doi          = {10.1023/A:1007889519309}
}
@book{robert_casella10,
	title        = {Introducing {{Monte Carlo Methods}} with {{R}}},
	author       = {Robert, Christian and Casella, George},
	year         = 2010,
	publisher    = {Springer},
	doi          = {10.1007/978-1-4419-1576-4},
	isbn         = {978-1-4419-1582-5 978-1-4419-1576-4}
}
@article{louis82,
	title        = {Finding the {{Observed Information Matrix}} When {{Using}} the {{EM Algorithm}}},
	author       = {Louis, Thomas A.},
	year         = 1982,
	journal      = {Journal of the Royal Statistical Society},
	publisher    = {[Royal Statistical Society, Wiley]},
	doi          = {10.1111/j.2517-6161.1982.tb01203.x}
}
@article{lourens_etal13,
	title        = {Bias in {{Estimation}} of a {{Mixture}} of {{Normal Distributions}}},
	author       = {Lourens, Spencer and Zhang, Ying and Long, Jeffrey D and others},
	year         = 2013,
	journal      = {Journal of biometrics \& biostatistics},
	doi          = {10.4172/2155-6180.1000179}
}
@article{cochran34,
	title        = {The Distribution of Quadratic Forms in a Normal System, with Applications to the Analysis of Covariance},
	author       = {Cochran, W. G.},
	year         = 1934,
	journal      = {Mathematical Proceedings of the Cambridge Philosophical Society},
	publisher    = {Cambridge University Press},
	doi          = {10.1017/S0305004100016595}
}
@article{geary36,
	title        = {The {{Distribution}} of "{{Student}}'s" {{Ratio}} for {{Non-Normal Samples}}},
	author       = {Geary, R. C.},
	year         = 1936,
	journal      = {Supplement to the Journal of the Royal Statistical Society},
	publisher    = {[Wiley, Royal Statistical Society]},
	doi          = {10.2307/2983669}
}
@article{alberich-carraminana_etal17,
	title        = {New Algebraic Conditions for the Identification of the Relative Position of Two Coplanar Ellipses},
	author       = {{Alberich-Carrami{\~n}ana}, Maria and Elizalde, Borja and Thomas, Federico},
	year         = 2017,
	journal      = {Computer Aided Geometric Design},
	doi          = {10.1016/j.cagd.2017.03.013}
}
@article{koopman36,
	title        = {On {{Distributions Admitting}} a {{Sufficient Statistic}}},
	author       = {Koopman, B. O.},
	year         = 1936,
	journal      = {Transactions of the American Mathematical Society},
	publisher    = {American Mathematical Society},
	doi          = {10.2307/1989758}
}
@article{xu_knight10,
	title        = {Continuous {{Empirical Characteristic Function Estimation}} of {{Mixtures}} of {{Normal Parameters}}},
	author       = {Xu, Dinghai and Knight, John},
	year         = 2010,
	journal      = {Econometric Reviews},
	publisher    = {Taylor \& Francis},
	doi          = {10.1080/07474938.2011.520565}
}
@book{walsh75,
	title        = {Methods of {{Optimization}}},
	author       = {Walsh, Gordon Raymond},
	year         = 1975,
	publisher    = {Wiley},
	isbn         = {978-0-471-91922-3}
}
@article{maitra_melnykov10,
	title        = {Simulating {{Data}} to {{Study Performance}} of {{Finite Mixture Modeling}} and {{Clustering Algorithms}}},
	author       = {Maitra, Ranjan and Melnykov, Volodymyr},
	year         = 2010,
	journal      = {Journal of Computational and Graphical Statistics},
	publisher    = {Taylor \& Francis},
	doi          = {10.1198/jcgs.2009.08054}
}
@book{mclachlan_peel00,
	title        = {Finite {{Mixture Models}}: {{McLachlan}}/{{Finite Mixture Models}}},
	author       = {McLachlan, Geoffrey and Peel, David},
	year         = 2000,
	publisher    = {John Wiley \& Sons, Inc.},
	doi          = {10.1002/0471721182},
	isbn         = {978-0-471-72118-5 978-0-471-00626-8}
}
@article{meng_rubin93,
	title        = {Maximum {{Likelihood Estimation}} via the {{ECM Algorithm}}: {{A General Framework}}},
	author       = {MENG, XIAO-LI and Rubin, Donald},
	year         = 1993,
	journal      = {Biometrika},
	doi          = {10.1093/biomet/80.2.267}
}
@misc{meng16,
	title        = {Method for Computation of the Fisher Information Matrix in the Expectation-Maximization Algorithm},
	author       = {Meng, Lingyao},
	year         = 2016,
	publisher    = {arXiv},
	doi          = {10.48550/ARXIV.1608.01734}
}
@book{murphy12,
	title        = {Machine {{Learning A Probabilistic Perspective}}},
	author       = {Murphy, Kevin},
	year         = 2012,
	publisher    = {Adaptive Computation and Machine Learning series},
	doi          = {10.1080/09332480.2014.914768},
	isbn         = {978-0262018029}
}
@article{nityasuddhi_bohning03,
	title        = {Asymptotic Properties of the {{EM}} Algorithm Estimate for Normal Mixture Models with Component Specific Variances},
	author       = {Nityasuddhi, Dechavudh and B\"{o}hning, Dankmar},
	year         = 2003,
	journal      = {Computational Statistics \& Data Analysis},
	doi          = {10.1016/S0167-9473(02)00176-7}
}
@unpublished{nowakowska_etal14,
	title        = {Tractable {{Measure}} of {{Component Overlap}} for {{Gaussian Mixture Models}}},
	author       = {Nowakowska, Ewa and Koronacki, Jacek and Lipovetsky, Stan},
	year         = 2014,
	doi          = {10.48550/arXiv.1407.7172}
}
@article{oakes99,
	title        = {Direct Calculation of the Information Matrix via the {{EM}}},
	author       = {Oakes, D.},
	year         = 1999,
	journal      = {Journal of the Royal Statistical Society},
	publisher    = {Royal Statistical Society},
	doi          = {10.1111/1467-9868.00188}
}
@article{pastore_calcagni19,
	title        = {Measuring {{Distribution Similarities Between Samples}}: {{A Distribution-Free Overlapping Index}}},
	author       = {Pastore, Massimiliano and Calcagnì, Antonio},
	year         = 2019,
	journal      = {Frontiers in Psychology},
	publisher    = {Frontiers},
	doi          = {10.3389/fpsyg.2019.01089}
}
@article{redner_walker84,
	title        = {Mixture {{Densities}}, {{Maximum Likelihood}} and the {{Em Algorithm}}},
	author       = {Redner, Richard A. and Walker, Homer F.},
	year         = 1984,
	journal      = {SIAM Review},
	publisher    = {Society for Industrial and Applied Mathematics},
	doi          = {239https://doi.org/10.1137/1026034}
}
@article{schwarz78,
	title        = {Estimating the {{Dimension}} of a {{Model}}},
	author       = {Schwarz, Gideon},
	year         = 1978,
	journal      = {The Annals of Statistics},
	publisher    = {Institute of Mathematical Statistics},
	doi          = {10.1214/aos/1176344136}
}
@article{scrucca_etal16,
	title        = {Mclust 5: {{Clustering}}, {{Classification}} and {{Density Estimation Using Gaussian Finite Mixture Models}}},
	author       = {Scrucca, Luca and Fop, Michael and Murphy, T. Brendan and others},
	year         = 2016,
	journal      = {The R journal},
	doi          = {10.32614/RJ-2016-021}
}
@article{scrucca_raftery15,
	title        = {Improved Initialisation of Model-Based Clustering Using {{Gaussian}} Hierarchical Partitions},
	author       = {Scrucca, Luca and Raftery, Adrian E.},
	year         = 2015,
	journal      = {Advances in data analysis and classification},
	doi          = {10.1007/s11634-015-0220-z}
}
@article{shimizu_kaneko20,
	title        = {Direct Inverse Analysis Based on {{Gaussian}} Mixture Regression for Multiple Objective Variables in Material Design},
	author       = {Shimizu, Naoto and Kaneko, Hiromasa},
	year         = 2020,
	journal      = {Materials \& Design},
	doi          = {10.1016/j.matdes.2020.109168}
}
@article{yang05,
	title        = {Can the Strengths of {{AIC}} and {{BIC}} Be Shared? {{A}} Confict between Model Identification and Regression Estimation},
	author       = {Yang, Yuhong},
	year         = 2005,
	journal      = {Biometrika},
	doi          = {10.1093/biomet/92.4.937}
}
@Manual{R-cranlogs,
  title = {cranlogs: Download Logs from the RStudio 'CRAN' Mirror},
  author = {Gábor Csárdi},
  year = {2019},
  note = {R package version 2.1.1},
  url = {https://CRAN.R-project.org/package=cranlogs},
}

@Manual{R-dplyr,
  title = {dplyr: A Grammar of Data Manipulation},
  author = {Hadley Wickham and Romain François and Lionel Henry and Kirill Müller and Davis Vaughan},
  year = {2023},
  note = {R package version 1.1.1},
  url = {https://CRAN.R-project.org/package=dplyr},
}

@Manual{R-flextable,
  title = {flextable: Functions for Tabular Reporting},
  author = {David Gohel and Panagiotis Skintzos},
  year = {2023},
  note = {R package version 0.9.1},
  url = {https://CRAN.R-project.org/package=flextable},
}

@Manual{R-forcats,
  title = {forcats: Tools for Working with Categorical Variables (Factors)},
  author = {Hadley Wickham},
  year = {2023},
  note = {R package version 1.0.0},
  url = {https://CRAN.R-project.org/package=forcats},
}

@Manual{R-ggplot2,
  title = {ggplot2: Create Elegant Data Visualisations Using the Grammar of Graphics},
  author = {Hadley Wickham and Winston Chang and Lionel Henry and Thomas Lin Pedersen and Kohske Takahashi and Claus Wilke and Kara Woo and Hiroaki Yutani and Dewey Dunnington},
  year = {2023},
  note = {R package version 3.4.2},
  url = {https://CRAN.R-project.org/package=ggplot2},
}

@Manual{R-kableExtra,
  title = {kableExtra: Construct Complex Table with kable and Pipe Syntax},
  author = {Hao Zhu},
  year = {2021},
  note = {R package version 1.3.4},
  url = {https://CRAN.R-project.org/package=kableExtra},
}

@Manual{R-purrr,
  title = {purrr: Functional Programming Tools},
  author = {Hadley Wickham and Lionel Henry},
  year = {2023},
  note = {R package version 1.0.1},
  url = {https://CRAN.R-project.org/package=purrr},
}

@Manual{R-readr,
  title = {readr: Read Rectangular Text Data},
  author = {Hadley Wickham and Jim Hester and Jennifer Bryan},
  year = {2023},
  note = {R package version 2.1.4},
  url = {https://CRAN.R-project.org/package=readr},
}

@Manual{R-stringr,
  title = {stringr: Simple, Consistent Wrappers for Common String Operations},
  author = {Hadley Wickham},
  year = {2022},
  note = {R package version 1.5.0},
  url = {https://CRAN.R-project.org/package=stringr},
}

@Manual{R-tibble,
  title = {tibble: Simple Data Frames},
  author = {Kirill Müller and Hadley Wickham},
  year = {2023},
  note = {R package version 3.2.1},
  url = {https://CRAN.R-project.org/package=tibble},
}
@Article{R-tidyverse,
  title = {Welcome to the {tidyverse}},
  author = {Hadley Wickham and Mara Averick and Jennifer Bryan and Winston Chang and Lucy D'Agostino McGowan and Romain François and Garrett Grolemund and Alex Hayes and Lionel Henry and Jim Hester and Max Kuhn and Thomas Lin Pedersen and Evan Miller and Stephan Milton Bache and Kirill Müller and Jeroen Ooms and David Robinson and Dana Paige Seidel and Vitalie Spinu and Kohske Takahashi and Davis Vaughan and Claus Wilke and Kara Woo and Hiroaki Yutani},
  year = {2019},
  journal = {Journal of Open Source Software},
  volume = {4},
  number = {43},
  pages = {1686},
  doi = {10.21105/joss.01686},
}

@Book{ggplot22016,
  author = {Hadley Wickham},
  title = {ggplot2: Elegant Graphics for Data Analysis},
  publisher = {Springer-Verlag New York},
  year = {2016},
  isbn = {978-3-319-24277-4},
  url = {https://ggplot2.tidyverse.org},
}
@manual{R-AdaptGauss,
	title        = {AdaptGauss: Gaussian Mixture Models (GMM)},
	author       = {Michael Thrun and Onno Hansen-Goos and Alfred Ultsch},
	year         = 2020
}
@manual{R-BayesCR,
	title        = {BayesCR: Bayesian Analysis of Censored Regression Models Under Scale Mixture of Skew Normal Distributions},
	author       = {Aldo M. Garay and Monique B. Massuia and Victor H. Lachos and others},
	year         = 2017
}
@manual{R-bayesmix,
	title        = {bayesmix: Bayesian Mixture Models with JAGS},
	author       = {Bettina Gruen},
	year         = 2021
}
@manual{R-bgmm,
	title        = {bgmm: Gaussian Mixture Modeling Algorithms and the Belief-Based Mixture Modeling},
	author       = {Przemyslaw Biecek \& Ewa Szczurek},
	year         = 2021
}
@manual{R-bmixture,
	title        = {bmixture: Bayesian Estimation for Finite Mixture of Distributions},
	author       = {Reza Mohammadi},
	year         = 2021
}
@manual{R-bpgmm,
	title        = {bpgmm: Bayesian Model Selection Approach for Parsimonious Gaussian Mixture Models},
	author       = {Xiang Lu and Yaoxiang Li and Tanzy Love},
	year         = 2022
}
@manual{R-CAMAN,
	title        = {CAMAN: Finite Mixture Models and Meta-Analysis Tools - Based on C.A.MAN},
	author       = {Peter Schlattmann and Johannes Hoehne and Maryna Verba},
	year         = 2022
}
@manual{R-ClusterR,
	title        = {ClusterR: Gaussian Mixture Models, K-Means, Mini-Batch-Kmeans, K-Medoids and Affinity Propagation Clustering},
	author       = {Lampros Mouselimis},
	year         = 2022
}
@manual{R-clustMD,
	title        = {clustMD: Model Based Clustering for Mixed Data},
	author       = {Damien McParland and Isobel Claire Gormley},
	year         = 2017
}
@manual{R-coseq,
	title        = {coseq: Co-Expression Analysis of Sequencing Data},
	author       = {Andrea Rau},
	year         = 2022
}
@manual{R-deepgmm,
	title        = {deepgmm: Deep Gaussian Mixture Models},
	author       = {Cinzia Viroli and Geoffrey J. McLachlan},
	year         = 2020
}
@manual{R-DPP,
	title        = {DPP: Inference of Parameters of Normal Distributions from a Mixture of Normals},
	author       = {Luis M. Avila and Michael R. May and Jeff Ross-Ibarra},
	year         = 2018
}
@manual{R-dppmix,
	title        = {dppmix: Determinantal Point Process Mixture Models},
	author       = {Yanxun Xu and Peter Mueller and Donatello Telesca and others},
	year         = 2020
}
@manual{R-EMCluster,
	title        = {EMCluster: EM Algorithm for Model-Based Clustering of Finite Mixture Gaussian Distribution},
	author       = {Wei-Chen Chen and Ranjan Maitra},
	year         = 2022
}
@manual{R-EMMIXgene,
	title        = {EMMIXgene: A Mixture Model-Based Approach to the Clustering of Microarray Expression Data},
	author       = {Andrew Thomas Jones},
	year         = 2020
}
@manual{R-EMMIXmfa,
	title        = {EMMIXmfa: Mixture Models with Component-Wise Factor Analyzers},
	author       = {Suren Rathnayake and Geoff McLachlan and David Peel and others},
	year         = 2019
}
@manual{R-epigenomix,
	title        = {epigenomix: Epigenetic and gene transcription data normalization and integration with mixture models},
	author       = {Hans-Ulrich Klein and Martin Schaefer},
	year         = 2022
}
@manual{R-fabMix,
	title        = {fabMix: Overfitting Bayesian Mixtures of Factor Analyzers with Parsimonious Covariance and Unknown Number of Components},
	author       = {Panagiotis Papastamoulis},
	year         = 2020
}
@manual{R-flexmix,
	title        = {flexmix: Flexible Mixture Modeling},
	author       = {Bettina Gruen and Friedrich Leisch},
	year         = 2022
}
@manual{R-fmerPack,
	title        = {fmerPack: Tools of Heterogeneity Pursuit via Finite Mixture Effects Model},
	author       = {Yan Li and Kun Chen},
	year         = 2021
}
@manual{R-fmrs,
	title        = {fmrs: Variable Selection in Finite Mixture of AFT Regression and FMR Models},
	author       = {Farhad Shokoohi},
	year         = 2022
}
@manual{R-GMKMcharlie,
	title        = {GMKMcharlie: Unsupervised Gaussian Mixture and Minkowski and Spherical K-Means with Constraints},
	author       = {Charlie Wusuo Liu},
	year         = 2021
}
@article{mcnicholas_murphy08,
	title        = {Parsimonious Gaussian mixture models},
	author       = {{McNicholas}, Paul David and Murphy, Thomas Brendan},
	year         = 2008,
	journal      = {Statistics and Computing},
	doi          = {10.1007/s11222-008-9056-0}
}
@article{mcnicholas_murphy10,
	title        = {Model-based clustering of microarray expression data via latent Gaussian mixture models},
	author       = {{McNicholas}, Paul D. and Murphy, Thomas Brendan},
	year         = 2010,
	journal      = {Bioinformatics},
	doi          = {10.1093/bioinformatics/btq498}
}
@article{mcnicholas_etal10,
	title        = {Serial and parallel implementations of model-based clustering via parsimonious Gaussian mixture models},
	author       = {{McNicholas}, P. D. and Murphy, T. B. and {McDaid}, A. F. and others},
	year         = 2010,
	journal      = {Computational Statistics \& Data Analysis},
	doi          = {10.1016/j.csda.2009.02.011}
}
@article{he_chen16,
	title        = {The {EBIC} and a sequential procedure for feature selection in interactive linear models with high-dimensional data},
	author       = {He, Yawei and Chen, Zehua},
	year         = 2016,
	journal      = {Annals of the Institute of Statistical Mathematics},
	doi          = {10.1007/s10463-014-0497-2}
}
@article{chen_chen08,
	title        = {Extended {Bayesian} information criteria for model selection with large model spaces},
	author       = {Chen, J. and Chen, Z.},
	year         = 2008,
	journal      = {Biometrika},
	doi          = {10.1093/biomet/asn034}
}
@manual{R-clustvarsel,
	title        = {clustvarsel: Variable Selection for Gaussian Model-Based Clustering},
	author       = {Nema Dean and Adrian E. Raftery and Luca Scrucca},
	year         = 2020
}
@manual{R-HDclassif,
	title        = {HDclassif: High Dimensional Supervised Classification and Clustering},
	author       = {Laurent Berge and Charles Bouveyron and Stephane Girard},
	year         = 2019
}
@article{garcia-escudero_etal08,
	title        = {A general trimming approach to robust cluster Analysis},
	author       = {García-Escudero, Luis A. and Gordaliza, Alfonso and Matrán, Carlos and others},
	year         = 2008,
	journal      = {The Annals of Statistics},
	doi          = {10.1214/07-AOS515}
}
@manual{R-IMIX,
	title        = {IMIX: Gaussian Mixture Model for Multi-Omics Data Integration},
	author       = {Ziqiao Wang},
	year         = 2022
}
@manual{R-ManlyMix,
	title        = {ManlyMix: Manly Mixture Modeling and Model-Based Clustering},
	author       = {Xuwen Zhu and Volodymyr Melnykov},
	year         = 2018
}
@manual{R-mclust,
	title        = {mclust: Gaussian Mixture Modelling for Model-Based Clustering, Classification, and Density Estimation},
	author       = {Chris Fraley and Adrian E. Raftery and Luca Scrucca},
	year         = 2022
}
@manual{R-Melissa,
	title        = {Melissa: Bayesian clustering and imputationa of single cell methylomes},
	author       = {C. A. Kapourani},
	year         = 2022
}
@manual{R-MGMM,
	title        = {MGMM: Missingness Aware Gaussian Mixture Models},
	author       = {Zachary McCaw},
	year         = 2021
}
@manual{R-microbenchmark,
	title        = {microbenchmark: Accurate Timing Functions},
	author       = {Olaf Mersmann},
	year         = 2021
}
@manual{R-mixAK,
	title        = {mixAK: Multivariate Normal Mixture Models and Mixtures of Generalized Linear Mixed Models Including Model Based Clustering},
	author       = {Arno\v{s}t Komárek},
	year         = 2022
}
@manual{R-MixAll,
	title        = {MixAll: Clustering and Classification using Model-Based Mixture Models},
	author       = {Serge Iovleff},
	year         = 2019
}
@manual{R-mixdist,
	title        = {mixdist: Finite Mixture Distribution Models},
	author       = {Peter Macdonald and with contributions from Juan Du},
	year         = 2018
}
@manual{R-mixR,
	title        = {mixR: Finite Mixture Modeling for Raw and Binned Data},
	author       = {Youjiao Yu},
	year         = 2021
}
@manual{R-mixreg,
	title        = {mixreg: Functions to Fit Mixtures of Regressions},
	author       = {Rolf Turner},
	year         = 2021
}
@manual{R-MixSim,
	title        = {MixSim: Simulating Data to Study Performance of Clustering Algorithms},
	author       = {Volodymyr Melnykov and Wei-Chen Chen and Ranjan Maitra},
	year         = 2021
}
@manual{R-mixsmsn,
	title        = {mixsmsn: Fitting Finite Mixture of Scale Mixture of Skew-Normal Distributions},
	author       = {Marcos Prates and Victor Lachos and Celso Cabral},
	year         = 2021
}
@manual{R-mixtools,
	title        = {mixtools: Tools for Analyzing Finite Mixture Models},
	author       = {Derek Young and Tatiana Benaglia and Didier Chauveau and others},
	year         = 2020
}
@manual{R-mixture,
	title        = {mixture: Mixture Models for Clustering and Classification},
	author       = {Nik Pocuca and Ryan P. Browne and Paul D. McNicholas},
	year         = 2022
}
@manual{R-MixtureInf,
	title        = {MixtureInf: Inference for Finite Mixture Models},
	author       = {Shaoting Li and Jiahua Chen and Pengfei Li.},
	year         = 2016
}
@manual{R-MMDvariance,
	title        = {MMDvariance: Detecting Differentially Variable Genes Using the Mixture of Marginal Distributions},
	author       = {Xuan Li and Yuejiao Fu and Xiaogang Wang and others},
	year         = 2018
}
@manual{R-MVNBayesian,
	title        = {MVNBayesian: Bayesian Analysis Framework for MVN (Mixture) Distribution},
	author       = {ZHANG Chen},
	year         = 2018
}
@manual{R-nlsmsn,
	title        = {nlsmsn: Fitting Nonlinear Models with Scale Mixture of Skew-Normal Distributions},
	author       = {Marcos Prates and Victor Lachos and Aldo Garay},
	year         = 2021
}
@manual{R-oclust,
	title        = {oclust: Gaussian Model-Based Clustering with Outliers},
	author       = {Katharine M. Clark and Paul D. McNicholas},
	year         = 2019
}
@manual{R-otrimle,
	title        = {otrimle: Robust Model-Based Clustering},
	author       = {Pietro Coretto and Christian Hennig},
	year         = 2021
}
@manual{R-pcensmix,
	title        = {pcensmix: Model Fitting to Progressively Censored Mixture Data},
	author       = {Lida Fallah and John Hinde},
	year         = 2017
}
@manual{R-pgmm,
	title        = {pgmm: Parsimonious Gaussian Mixture Models},
	author       = {Paul D. McNicholas and Aisha ElSherbiny and Aaron F. McDaid and others},
	year         = 2022
}
@manual{R-pmclust,
	title        = {pmclust: Parallel Model-Based Clustering using Expectation-Gathering-Maximization Algorithm for Finite Mixture Gaussian Model},
	author       = {Wei-Chen Chen and George Ostrouchov},
	year         = 2021
}
@manual{R-polySegratioMM,
	title        = {polySegratioMM: Bayesian Mixture Models for Marker Dosage in Autopolyploids},
	author       = {Peter Baker},
	year         = 2018
}
@manual{R-rebmix,
	title        = {rebmix: Finite Mixture Modeling, Clustering \& Classification},
	author       = {Marko Nagode},
	year         = 2022
}
@manual{R-Rmixmod,
	title        = {Rmixmod: Classification with Mixture Modelling},
	author       = {Florent Langrognet and Remi Lebret and Christian Poli and others},
	year         = 2021
}
@manual{R-RMixtComp,
	title        = {RMixtComp: Mixture Models with Heterogeneous and (Partially) Missing Data},
	author       = {Vincent Kubicki and Christophe Biernacki and Quentin Grimonprez},
	year         = 2021
}
@manual{R-RobMixReg,
	title        = {RobMixReg: Robust Mixture Regression},
	author       = {Sha Cao and Wennan Chang and Chi Zhang},
	year         = 2020
}
@manual{R-RPMM,
	title        = {RPMM: Recursively Partitioned Mixture Model},
	author       = {E. Andres Houseman and {Sc.D.} and Devin C. Koestler and others},
	year         = 2017
}
@manual{R-SAGMM,
	title        = {SAGMM: Clustering via Stochastic Approximation and Gaussian Mixture Models},
	author       = {Andrew T. Jones and Hien D. Nguyen},
	year         = 2019
}
@manual{R-semisup,
	title        = {semisup: Semi-Supervised Mixture Model},
	author       = {Armin Rauschenberger},
	year         = 2022
}
@manual{R-sensory,
	title        = {sensory: Simultaneous Model-Based Clustering and Imputation via a Progressive Expectation-Maximization Algorithm},
	author       = {Brian C. Franczak and Ryan P. Browne and Paul D. McNicholas},
	year         = 2016
}
@manual{R-SMNCensReg,
	title        = {SMNCensReg: Fitting Univariate Censored Regression Model Under the Family of Scale Mixture of Normal Distributions},
	author       = {Aldo M. Garay and Monique Bettio Massuia and Victor Lachos},
	year         = 2022
}
@manual{R-tclust,
	title        = {tclust: Robust Trimmed Clustering},
	author       = {Agustin Mayo Iscar and Luis Angel Garcia Escudero and Heinrich Fritz},
	year         = 2022
}
@manual{R-turboEM,
	title        = {turboEM: A Suite of Convergence Acceleration Schemes for EM, MM and Other Fixed-Point Algorithms},
	author       = {Jennifer F. Bobb and Ravi Varadhan},
	year         = 2021
}
@article{bgmm2012,
	title        = {The {R} Package {bgmm}: Mixture Modeling with Uncertain Knowledge},
	author       = {Przemyslaw Biecek and Ewa Szczurek and Martin Vingron and others},
	year         = 2012,
	journal      = {Journal of Statistical Software},
	doi          = {10.18637/jss.v047.i03}
}
@article{bmixture2013,
	title        = {Using mixture of Gamma distributions for Bayesian analysis in an M/G/1 queue with optional second service},
	author       = {Abdolreza Mohammadi and Mohammad-Reza Salehi-Rad and Ernst C. Wit},
	year         = 2013,
	journal      = {Computational Statistics}
}
@article{bmixture2012,
	title        = {Bayesian inference and prediction in an M/G/1 with optional second service},
	author       = {Abdolreza Mohammadi and Mohammad-Reza Salehi-Rad},
	year         = 2012,
	journal      = {Communications in Statistics-Simulation and Computation}
}
@article{ClusterR2016,
	title        = {Armadillo: a template-based C++ library for linear algebra},
	author       = {Conrad Sanderson and Ryan Curtin},
	year         = 2016,
	journal      = {Journal of Open Source Software},
	doi          = {10.21105/joss.00026}
}
@article{ClusterR2018,
	title        = {A User-Friendly Hybrid Sparse Matrix Class in C++},
	author       = {Conrad Sanderson and Ryan Curtin},
	year         = 2018,
	journal      = {Lecture Notes in Computer Science (LNCS)},
	doi          = {10.1007/978-3-319-96418-8\_50}
}
@manual{ClusterR2013,
	title        = {Mini-Batch-K-Means},
	author       = {Siddharth Agrawal},
	year         = 2013
}
@article{ClusterR2010,
	title        = {Web-scale k-means clustering},
	author       = {D. Sculley},
	year         = 2010,
	journal      = {ACM Digital Library},
	doi          = {10.1145/1772690.1772862}
}
@phdthesis{ClusterR2009,
	title        = {Affinity Propagation: Clustering Data by Passing Messages},
	author       = {Delbert Dueck},
	year         = 2009,
	institution  = {Department of Electrical and Computer Engineering, University of Toronto},
	school       = {University of Toronto}
}
@article{ClusterR2007,
	title        = {Clustering by Passing Messages Between Data Points},
	author       = {Brendan Frey and Delbert Dueck},
	year         = 2007,
	journal      = {Science},
	doi          = {10.1126/science.1136800}
}
@article{ClusterR1997,
	title        = {Clustering in an Object-Oriented Environment},
	author       = {Anja Struyf and Mia Hubert and Peter Rousseeuw},
	year         = 1997,
	journal      = {Journal of Statistical Software},
	doi          = {10.18637/jss.v001.i04}
}
@article{ClusterR2004,
	title        = {Selection of K in K-means clustering},
	author       = {D Pham and S Dimov and C Nguyen},
	year         = 2004,
	journal      = {Proceedings of the Institution of Mechanical Engineers, Part C: Journal of Mechanical Engineering Science},
	doi          = {10.1243/095440605X8298}
}
@article{coseq2018a,
	title        = {Transformation and model choice for co-expression analysis of RNA-seq data},
	author       = {Andrea Rau and Cathy Maugis-Rabusseau},
	year         = 2018,
	journal      = {Briefings in Bioinformatics}
}
@article{coseq2018b,
	title        = {Clustering transformed compositional data using K-means, with applications in gene expression and bicycle sharing system data},
	author       = {Antoine Godichon-Baggioni and Cathy Maugis-Rabusseau and Andrea Rau},
	year         = 2018,
	journal      = {Journal of Applied Statistics}
}
@manual{Chen2015EMClustervignette,
	title        = {A Quick Guid for the {EMCluster} Package  (Ver. 0.2-5)},
	author       = {Wei-Chen Chen and Ranjan Maitra},
	year         = 2015
}
@article{EMMIXgene2002,
	title        = {A Mixture Model-based Approach to the Clustering of Microarray Expression Data},
	author       = {Geoffrey J. McLachlan and RW Bean and David Peel},
	year         = 2002,
	journal      = {Bioinformatics},
	publisher    = {Oxford University Press}
}
@article{epigenomix2014,
	title        = {Integrative analysis of histone ChIP-seq and transcription data using Bayesian mixture models},
	author       = {Hans-Ulrich Klein and Martin Schaefer and Bo T. Porse and others},
	year         = 2014,
	journal      = {Bioinformatics},
	doi          = {10.1093/bioinformatics/btu003}
}
@article{fabMix2020,
	title        = {Clustering multivariate data using factor analytic Bayesian mixtures with an unknown number of components.},
	author       = {Panagiotis Papastamoulis},
	year         = 2020,
	journal      = {Statistics and Computing},
	doi          = {10.1007/s11222-019-09891-z}
}
@article{fabMix2018,
	title        = {Overfitting Bayesian mixtures of factor analyzers with an unknown number of components.},
	author       = {Panagiotis Papastamoulis},
	year         = 2018,
	journal      = {Computational Statistics and Data Analysis},
	doi          = {10.1016/j.csda.2018.03.007}
}
@article{flexmix2004,
	title        = {{FlexMix}: A General Framework for Finite Mixture Models and Latent Class Regression in {R}},
	author       = {Friedrich Leisch},
	year         = 2004,
	journal      = {Journal of Statistical Software},
	doi          = {10.18637/jss.v011.i08}
}
@article{flexmix2007,
	title        = {Fitting Finite Mixtures of Generalized Linear Regressions in {R}},
	author       = {Bettina Gr\"un and Friedrich Leisch},
	year         = 2007,
	journal      = {Computational Statistics \& Data Analysis},
	doi          = {10.1016/j.csda.2006.08.014}
}
@article{flexmix2008,
	title        = {{FlexMix} Version 2: Finite Mixtures with Concomitant Variables and Varying and Constant Parameters},
	author       = {Bettina Gr\"un and Friedrich Leisch},
	year         = 2008,
	journal      = {Journal of Statistical Software},
	doi          = {10.18637/jss.v028.i04}
}
@manual{fmrs2020,
	title        = {{fmrs}: Variable Selection in Finite Mixture of AFT Regression and FMR, Version 0.99.1},
	author       = {Farhad Shokoohi and Abbas Khalili and Masoud Asgharian and others},
	year         = 2020
}
@article{fmrs2019,
	title        = {Capturing heterogeneity of covariate effects in hidden subpopulations in the presence of censoring and large number of covariates},
	author       = {Farhad Shokoohi and Abbas Khalili and Masoud Asgharian and others},
	year         = 2019,
	journal      = {The Annals of Applied Statistics}
}
@article{HDclassif2012,
	title        = {{HDclassif}: An {R} Package for Model-Based Clustering and Discriminant Analysis of High-Dimensional Data},
	author       = {Laurent Bergé and Charles Bouveyron and Stéphane Girard},
	year         = 2012,
	journal      = {Journal of Statistical Software}
}
@article{mclust2016,
	title        = {{mclust} 5: clustering, classification and density estimation using {G}aussian finite mixture models},
	author       = {Luca Scrucca and Michael Fop and T. Brendan Murphy and others},
	year         = 2016,
	journal      = {The {R} Journal}
}
@article{Melissa2019,
	title        = {Melissa: Bayesian clustering and imputation of single cell methylomes},
	author       = {Chantriolnt Andreas Kapourani and Guido Sanguinetti},
	year         = 2019,
	journal      = {Genome Biology},
	doi          = {10.1186/s13059-019-1665-8}
}
@article{MixSim2012,
	title        = {{MixSim}: An {R} Package for Simulating Data to Study Performance of Clustering Algorithms},
	author       = {Volodymyr Melnykov and Wei-Chen Chen and Ranjan Maitra},
	year         = 2012,
	journal      = {Journal of Statistical Software}
}
@article{mixsmsn2013,
	title        = {{mixsmsn}: Fitting Finite Mixture of Scale Mixture of Skew-Normal Distributions},
	author       = {Marcos Oliveira Prates and Celso Romulo Barbosa Cabral and Victor Hugo Lachos},
	year         = 2013,
	journal      = {Journal of Statistical Software}
}
@article{mixtools2009,
	title        = {{mixtools}: An {R} Package for Analyzing Finite Mixture Models},
	author       = {Tatiana Benaglia and Didier Chauveau and David R. Hunter and others},
	year         = 2009,
	journal      = {Journal of Statistical Software}
}
@article{otrimle2016a,
	title        = {Robust improper maximum likelihood: tuning, computation, and a comparison with other methods for robust Gaussian clustering},
	author       = {Pietro Coretto and Christian Hennig},
	year         = 2016,
	journal      = {Journal of the American Statistical Association},
	doi          = {10.1080/01621459.2015.1100996}
}
@article{otrimle2016b,
	title        = {Consistency, breakdown robustness, and algorithms for robust improper maximum likelihood clustering},
	author       = {Pietro Coretto and Christian Hennig},
	year         = 2016,
	journal      = {Journal of Machine Learning Research}
}
@article{polySegratioMM2010,
	title        = {Bayesian estimation of marker dosage in sugarcane and other autopolyploids},
	author       = {{Baker} and {P.} and {Jackson} and others},
	year         = 2010,
	journal      = {TAG Theoretical and Applied Genetics},
	doi          = {10.1007/s00122-010-1283-z}
}
@article{rebmix2021a,
	title        = {Modelling of Load Spectra Containing Clusters of Less Probable Load Cycles},
	author       = {Marko Nagode and Jernej Klemenc},
	year         = 2021,
	journal      = {International Journal of Fatigue},
	doi          = {10.1016/j.ijfatigue.2020.106006}
}
@article{rebmix2020a,
	title        = {Optimizing the Estimation of a Histogram-Bin Width-Application to the Multivariate Mixture-Model Estimation},
	author       = {Branislav Panic and Jernej Klemenc and Marko Nagode},
	year         = 2020,
	journal      = {Mathematics},
	doi          = {10.3390/math8071090}
}
@article{rebmix2020b,
	title        = {Improved Initialization of the EM Algorithm for Mixture Model Parameter Estimation},
	author       = {Branislav Panic and Jernej Klemenc and Marko Nagode},
	year         = 2020,
	journal      = {Mathematics},
	doi          = {10.3390/math8030373}
}
@article{rebmix2020c,
	title        = {Gaussian Mixture Model Based Classification Revisited: Application to the Bearing Fault Classification},
	author       = {Branislav Panic and Jernej Klemenc and Marko Nagode},
	year         = 2020,
	journal      = {Journal of Mechanical Engineering},
	doi          = {10.5545/sv-jme.2020.6563}
}
@article{rebmix2011a,
	title        = {The REBMIX Algorithm for the Univariate Finite Mixture Estimation},
	author       = {Marko Nagode and Matija Fajdiga},
	year         = 2011,
	journal      = {Communications in Statistics - Theory and Methods},
	doi          = {10.1080/03610920903480890}
}
@article{rebmix2011b,
	title        = {The REBMIX Algorithm for the Multivariate Finite Mixture Estimation},
	author       = {Marko Nagode and Matija Fajdiga},
	year         = 2011,
	journal      = {Communications in Statistics - Theory and Methods},
	doi          = {10.1080/03610921003725788}
}
@article{rebmix2015a,
	title        = {Finite Mixture Modeling via REBMIX},
	author       = {Marko Nagode},
	year         = 2015,
	journal      = {Journal of Algorithms and Optimization}
}
@article{semisup2020,
	title        = {Semi-supervised mixture test for detecting markers associated with a quantitative trait},
	author       = {Armin Rauschenberger and Renee X. Menezes and Mark A. {van de Wiel} and others},
	year         = 2020,
	journal      = {Manuscript in preparation}
}
@article{tclust2012,
	title        = {{tclust}: An {R} Package for a Trimming Approach to Cluster Analysis},
	author       = {Heinrich Fritz and Luis A. Garcia-Escudero and Agustin Mayo-Iscar},
	year         = 2012,
	journal      = {Journal of Statistical Software},
	doi          = {10.18637/jss.v047.i12}
}
@misc{ariane2022,
	title        = {False clustering rate control in mixture models},
	author       = {Marandon, Ariane and Rebafka, Tabea and Roquain, Etienne and others},
	year         = 2022,
	publisher    = {arXiv},
	doi          = {10.48550/ARXIV.2203.02597}
}
