@Manual{R,
  title = {R: A Language and Environment for Statistical Computing},
  author = {{R Core Team}},
  organization = {R Foundation for Statistical Computing},
  address = {Vienna, Austria},
  year = {2016},
  note = {{ISBN} 3-900051-07-0},
  url = {https://www.R-project.org/},
}

@Manual{sas15,
  author = {{SAS Institue Inc.}},
  title = {SAS/STAT 14.1 User's Guide},
  address = {SAS Institue Inc., Cary, NC},
  year = {2015},
  url = {http://support.sas.com/documentation/},
}

@Manual{fhdi_Rver1,
  author = {J. Im and I. ~H Cho and J. ~K. Kim},
  title = {FHDI: Fractional Hot Deck and Fully Efficient Fractional Imputation},
  year = {2018},
  url = {https://CRAN.R-project.org/package=FHDI},
}

@Article{ihaka:1996,
  author = {Ross Ihaka and Robert Gentleman},
  journal = {Journal of Computational and Graphical Statistics},
  number = {3},
  pages = {299--314},
  title = {R: A Language for Data Analysis and Graphics},
  volume = {5},
  year = {1996},
  url = {https://doi.org/10.1080/10618600.1996.10474713},
}

@Article{rubin76,
  author = {D. ~B. Rubin},
  title = {Inference and Missing Data},
  journal = {BMK},
  year = {1976},
  volume = {63},
  pages = {581--592},
}

@Article{riddles16,
  author = {M. ~K. Riddles and J. ~K. Kim and J. Im},
  title = {A Propensity-Score-Adjustment Method for Nonignorable Nonresponse},
  journal = {Journal of Survey Statistics and Methodology},
  year = {2016},
  volume = {4},
  pages = {215--245},
}

@Article{ibrahim90,
  author = {J. ~G. Ibrahim},
  title = {Incomplete Data in Generalized Linear Models},
  journal = {JASA},
  year = {1990},
  volume = {85},
  pages = {765--769},
}

@Article{kalton84,
  author = {G. Kalton and L. Kish},
  title = {Some Efficient Random Imputation Methods},
  journal = {Communications in Statistics-Theory and Methods},
  year = {1984},
  volume = {13},
  pages = {1919--1939},
}

@Article{kim04,
  author = {J. ~K. Kim and W. ~A. Fuller},
  title = {Fractional Hot Deck Imputation},
  journal = {BMK},
  year = {2004},
  volume = {91},
  pages = {559--578},
}

@Article{kim11,
  author = {J. ~K. Kim},
  title = {Fractional Hot Deck Imputation},
  journal = {BMK},
  year = {2011},
  volume = {98},
  pages = {119--132},
}

@Article{fuller05,
  author = {W. ~A. Fuller and J. ~K. Kim},
  title = {Hot Deck Imputation for the Response Model},
  journal = {SM},
  year = {2005},
  volume = {31},
  pages = {139--149},
}

@Article{fay96,
  author = {R. ~E. Fay},
  title = {Alternative Paradigms for the Analysis of Imputed Survey Data},
  journal = {JASA},
  year = {1996},
  volume = {91},
  pages = {490--498},
}

@Article{rubin96,
  author = {D. ~B. Rubin},
  title = {Multiple Imputation after 18+ Years},
  journal = {JASA},
  year = {1996},
  volume = {91},
  pages = {473--489},
}

@InProceedings{im15,
  author = {J. Im and J. ~K. Kim and W. ~A. Fuller},
  year = {2015},
  title = {Two-Phase Sampling Approach to Fractional Hot Deck Imputation},
  booktitle = {JSM Proceedings of Survey Research Methodology Section},
  address = {Seattle, WA},
  publisher = {asa},
  pages = {1030--1043},
}

@Article{vbuuren99,
  author = {S. {van Buuren} and H. ~C. Boshuizen and D. ~L. Knook},
  title = {Multiple Imputation of Missing Blood Pressure Covariates in Survival Analysis},
  journal = {Statistics in Medicine},
  year = {1999},
  volume = {18},
  pages = {681--694},
}

@Article{vbuuren11,
  author = {S. {van Buuren} and K. Groothuis-Oudshoorn},
  title = {mice: Multivariate Imputation by Chained Equations in {R}},
  journal = {Journal of Statistical Software},
  year = {2011},
  volume = {45},
  issue = {3},
  pages = {1--67},
}

@Article{su11,
  author = {Y. ~S. Su and A. Gelman and J. Hill and M. Yajima},
  title = {Multiple Imputation with Diagnostics (mice) in R: Opening Windows into the Black Box.},
  journal = {Journal of Statistical Software},
  year = {2011},
  volume = {45},
  issue = {2},
  pages = {1--31},
}

@Article{honaker11,
  author = {J. Honaker and G. King and M. Blackwell},
  title = {Amelia II: A Program for Missing Data},
  journal = {Journal of Statistical Software},
  year = {2011},
  volume = {45},
  issue = {7},
  pages = {1--47},
}

@Article{chen10,
  author = {H. ~Y. Chen},
  title = {Compatibility of Conditionally Specified Models},
  journal = {Statistics and Probability Letters},
  year = {2010},
  volume = {80},
  pages = {670--677},
}

@Article{kowarik16,
  author = {A. Kowarik and M. Templ},
  title = {Imputation with the {R} Package {VIM}},
  journal = {Journal of Statistical Software},
  year = {2016},
  volume = {74},
  issue = {7},
  pages = {1--16},
}

@Article{durrant06,
  author = {G. ~B. Durrant and C. Skinner},
  title = {Using Missing Data Methods to Correct for Measurement Error in a Distribution Function},
  journal = {SM},
  year = {2006},
  volume = {32},
  pages = {25--36},
}

@Article{yang16,
  author = {S. Yang and J. ~K. Kim},
  title = {A Note on Multiple Imputation for Method of Moments Estimation},
  journal = {BMK},
  year = {2016},
  volume = {103},
  pages = {244--251},
}

@Book{book_schafer97,
  author = {J. ~L. Schafer},
  title = {Analysis of Incomplete Multivariate Data},
  publisher = {Chapman \& Hall},
  address = {London},
  year = {1997},
}

@Book{book_rubin87,
  author = {D. ~B. Rubin},
  title = {Multiple Imputation for Nonresponse in Survey},
  publisher = {John Wiley \& Sons},
  address = {New York},
  year = {1987},
}
