%% This BibTeX bibliography file was created using BibDesk.
%% http://bibdesk.sourceforge.net/


%% Created for Wendy at 2016-04-09 09:54:32 -0500 


%% Saved with string encoding Unicode (UTF-8) 



@article{harrell2015package,
	Author = {Harrell Jr, Frank E and Harrell Jr, Maintainer Frank E},
	Date-Added = {2016-04-09 14:53:28 +0000},
	Date-Modified = {2016-04-09 14:53:28 +0000},
	Title = {Package `Hmisc'},
	Year = {2015}}

@article{hennig2015package,
	Author = {Hennig, Christian},
	Date-Added = {2016-04-09 14:52:02 +0000},
	Date-Modified = {2016-04-09 14:52:02 +0000},
	Title = {Package `fpc'},
	Year = {2015}}

@article{charrad2014package,
	Author = {Charrad, Malika and Ghazzali, Nadia and Boiteau, Veronique and Niknafs, Azam and Charrad, Maintainer Malika},
	Date-Added = {2016-04-09 14:51:31 +0000},
	Date-Modified = {2016-04-09 14:51:31 +0000},
	Journal = {J. Stat. Soft},
	Pages = {1--36},
	Title = {Package `NbClust'},
	Volume = {61},
	Year = {2014}}

@misc{maechler2015package,
	Author = {Maechler, Martin and Rousseeuw, Peter and Struyf, Anja and Hubert, Mia and Hornik, Kurt and Studer, Matthias and Roudier, Pierre},
	Date-Added = {2016-04-09 14:50:24 +0000},
	Date-Modified = {2016-04-09 14:50:24 +0000},
	Title = {Package `cluster'},
	Year = {2015}}

@misc{walesiak2015package,
	Author = {Walesiak, Marek and Dudek, Andrzej and Dudek, Maintainer Andrzej},
	Date-Added = {2016-04-09 14:49:35 +0000},
	Date-Modified = {2016-04-09 14:49:35 +0000},
	Title = {Package `clusterSim'},
	Year = {2015}}

@article{dimitriadou2015package,
	Author = {Dimitriadou, Evgenia and Hornik, Kurt and Hornik, Maintainer Kurt},
	Date-Added = {2016-04-09 14:46:54 +0000},
	Date-Modified = {2016-04-09 14:46:54 +0000},
	Title = {Package `cclust'},
	Year = {2015}}

@article{charrad2014nbclust,
	Author = {Charrad, Malika and Ghazzali, Nadia and Boiteau, V{\'e}ronique and Niknafs, Azam},
	Date-Added = {2015-11-20 06:27:55 +0000},
	Date-Modified = {2015-11-20 06:27:55 +0000},
	Journal = {Journal of Statistical Software},
	Number = {6},
	Pages = {1--36},
	Title = {NbClust: an {R} package for determining the relevant number of clusters in a data set},
	Volume = {61},
	Year = {2014}}

@article{slater11,
	Author = {Slater, John H and Miller, Jordan S and Yu, Shann S and West, Jennifer L},
	Date-Added = {2015-11-20 06:06:03 +0000},
	Date-Modified = {2015-11-20 06:06:03 +0000},
	Journal = {Advanced Functional Materials},
	Number = {15},
	Pages = {2876--2888},
	Publisher = {Wiley Online Library},
	Title = {Fabrication of multifaceted micropatterned surfaces with laser scanning lithography},
	Volume = {21},
	Year = {2011}}

@article{andreopoulos09,
	Author = {Andreopoulos, Bill and An, Aijun and Wang, Xiaogang and Schroeder, Michael},
	Date-Added = {2015-11-20 04:45:25 +0000},
	Date-Modified = {2015-11-20 04:45:25 +0000},
	Journal = {Briefings in Bioinformatics},
	Number = {3},
	Pages = {297--314},
	Publisher = {Oxford Univ Press},
	Title = {A roadmap of clustering algorithms: finding a match for a biomedical application},
	Volume = {10},
	Year = {2009}}

@article{ross2007segmenting,
	Author = {Ross, Stephen D},
	Date-Added = {2015-11-20 04:28:31 +0000},
	Date-Modified = {2015-11-20 04:28:31 +0000},
	Journal = {Sport Marketing Quarterly},
	Number = {1},
	Pages = {15},
	Publisher = {Fitness Information Technology, A Division of ICPE West Virginia University},
	Title = {Segmenting sport fans using brand associations: A cluster analysis},
	Volume = {16},
	Year = {2007}}

@article{budinska2013gene,
	Author = {Budinska, Eva and Popovici, Vlad and Tejpar, Sabine and D'Ario, Giovanni and Lapique, Nicolas and Sikora, Katarzyna Otylia and Di Narzo, Antonio Fabio and Yan, Pu and Hodgson, John Graeme and Weinrich, Scott and others},
	Date-Added = {2015-11-20 04:14:35 +0000},
	Date-Modified = {2015-11-20 04:14:35 +0000},
	Journal = {The Journal of Pathology},
	Number = {1},
	Pages = {63--76},
	Publisher = {Wiley Online Library},
	Title = {Gene expression patterns unveil a new level of molecular heterogeneity in colorectal cancer},
	Volume = {231},
	Year = {2013}}

@article{sorlie01,
	Author = {S{\o}rlie, Therese and Perou, Charles M and Tibshirani, Robert and Aas, Turid and Geisler, Stephanie and Johnsen, Hilde and Hastie, Trevor and Eisen, Michael B and van de Rijn, Matt and Jeffrey, Stefanie S and others},
	Date-Added = {2015-11-20 04:13:42 +0000},
	Date-Modified = {2015-11-20 04:13:42 +0000},
	Journal = {Proceedings of the National Academy of Sciences},
	Number = {19},
	Pages = {10869--10874},
	Publisher = {National Acad Sciences},
	Title = {Gene expression patterns of breast carcinomas distinguish tumor subclasses with clinical implications},
	Volume = {98},
	Year = {2001}}

@article{slater2015recapitulation,
	Author = {Slater, John and Culver, James C and Long, Byron L and Hu, Chenyue W and Hu, Jingzhe and Birk, Taylor F and Qutub, Amina A and Dickinson, Mary E and West, Jennifer L},
	Date-Added = {2015-11-19 22:15:54 +0000},
	Date-Modified = {2015-11-19 22:15:54 +0000},
	Journal = {ACS nano},
	Publisher = {ACS Publications},
	Title = {Recapitulation and Modulation of the Cellular Architecture of a User-Chosen Cell-of-Interest Using Cell-Derived, Biomimetic Patterning},
	Year = {2015}}

@article{monti03,
	Author = {Monti, Stefano and Tamayo, Pablo and Mesirov, Jill and Golub, Todd},
	Date-Added = {2015-11-19 22:08:43 +0000},
	Date-Modified = {2015-11-19 22:08:43 +0000},
	Journal = {Machine Learning},
	Number = {1-2},
	Pages = {91--118},
	Publisher = {Springer},
	Title = {Consensus clustering: a resampling-based method for class discovery and visualization of gene expression microarray data},
	Volume = {52},
	Year = {2003}}

@inproceedings{Ben01,
	Author = {Ben-Hur, Asa and Elisseeff, Andr{\'e} and Guyon, Isabelle},
	Booktitle = {Pacific Symposium on Biocomputing},
	Date-Added = {2015-11-19 22:08:22 +0000},
	Date-Modified = {2015-11-19 22:08:22 +0000},
	Pages = {6--17},
	Title = {A stability based method for discovering structure in clustered data},
	Volume = {7},
	Year = {2001}}

@article{arbelaitz2013extensive,
	Author = {Arbelaitz, Olatz and Gurrutxaga, Ibai and Muguerza, Javier and P{\'e}rez, Jes{\'u}s M and Perona, I{\~n}igo},
	Date-Added = {2015-11-19 22:07:15 +0000},
	Date-Modified = {2015-11-19 22:07:15 +0000},
	Journal = {Pattern Recognition},
	Number = {1},
	Pages = {243--256},
	Publisher = {Elsevier},
	Title = {An extensive comparative study of cluster validity indices},
	Volume = {46},
	Year = {2013}}

@article{Rousseeuw87,
	Author = {Rousseeuw, Peter J},
	Date-Added = {2015-11-19 22:06:41 +0000},
	Date-Modified = {2015-11-19 22:06:41 +0000},
	Journal = {Journal of Computational and Applied Mathematics},
	Pages = {53--65},
	Publisher = {Elsevier},
	Title = {Silhouettes: a graphical aid to the interpretation and validation of cluster analysis},
	Volume = {20},
	Year = {1987}}

@article{tibshirani01,
	Author = {Tibshirani, Robert and Walther, Guenther and Hastie, Trevor},
	Date-Added = {2015-11-19 22:06:22 +0000},
	Date-Modified = {2015-11-19 22:06:22 +0000},
	Journal = {Journal of the Royal Statistical Society: Series B (Statistical Methodology)},
	Number = {2},
	Pages = {411--423},
	Publisher = {Wiley Online Library},
	Title = {Estimating the number of clusters in a data set via the gap statistic},
	Volume = {63},
	Year = {2001}}

@article{meinshausen2010stability,
	Author = {Meinshausen, Nicolai and B{\"u}hlmann, Peter},
	Date-Added = {2015-11-19 22:05:14 +0000},
	Date-Modified = {2015-11-19 22:05:14 +0000},
	Journal = {Journal of the Royal Statistical Society: Series B (Statistical Methodology)},
	Number = {4},
	Pages = {417--473},
	Publisher = {Wiley Online Library},
	Title = {Stability selection},
	Volume = {72},
	Year = {2010}}

@article{johnson1967hierarchical,
	Author = {Johnson, Stephen C},
	Date-Added = {2015-11-19 22:02:24 +0000},
	Date-Modified = {2015-11-19 22:02:24 +0000},
	Journal = {Psychometrika},
	Number = {3},
	Pages = {241--254},
	Publisher = {Springer},
	Title = {Hierarchical clustering schemes},
	Volume = {32},
	Year = {1967}}

@article{hartigan79,
	Author = {Hartigan, John A and Wong, Manchek A},
	Date-Added = {2015-11-19 22:02:15 +0000},
	Date-Modified = {2015-11-19 22:02:15 +0000},
	Journal = {Journal of the Royal Statistical Society. Series C (Applied Statistics)},
	Number = {1},
	Pages = {100--108},
	Publisher = {JSTOR},
	Title = {Algorithm AS 136: A k-means clustering algorithm},
	Volume = {28},
	Year = {1979}}

@article{frey2007clustering,
	Author = {Frey, Brendan J and Dueck, Delbert},
	Date-Added = {2015-11-19 22:02:05 +0000},
	Date-Modified = {2015-11-19 22:02:05 +0000},
	Journal = {Science},
	Number = {5814},
	Pages = {972--976},
	Publisher = {American Association for the Advancement of Science},
	Title = {Clustering by passing messages between data points},
	Volume = {315},
	Year = {2007}}

@article{kohonen1998self,
	Author = {Kohonen, Teuvo},
	Date-Added = {2015-11-19 22:01:53 +0000},
	Date-Modified = {2015-11-19 22:01:53 +0000},
	Journal = {Neurocomputing},
	Number = {1},
	Pages = {1--6},
	Publisher = {Elsevier},
	Title = {The self-organizing map},
	Volume = {21},
	Year = {1998}}

@article{hu2015progeny,
	Author = {Hu, Chenyue W and Kornblau, Steven M and Slater, John H and Qutub, Amina A},
	Date-Added = {2015-11-19 21:56:52 +0000},
	Date-Modified = {2015-11-19 21:56:52 +0000},
	Journal = {Scientific reports},
	Publisher = {Nature Publishing Group},
	Title = {Progeny Clustering: A Method to Identify Biological Phenotypes},
	Volume = {5},
	Year = {2015}}












