%% This BibTeX bibliography file was created using BibDesk.
%% https://bibdesk.sourceforge.io/

%% Created for Catherine Hurley at 2022-12-01 18:07:25 +0000 


%% Saved with string encoding Unicode (UTF-8) 



@article{wickham2014,
	author = {Wickham, Hadley},
	doi = {10.18637/jss.v059.i10},
	journal = {Journal of Statistical Software},
	number = {10},
	pages = {1--23},
	title = {Tidy Data},
	url = {https://doi.org/10.18637/jss.v059.i10},
	volume = {59},
	year = {2014},
	bdsk-url-1 = {https://doi.org/10.18637/jss.v059.i10}}

@article{gatto2015,
	author = {Gatto, Laurent and Gibb, Sebastian and Rainer, Johannes},
	doi = {10.1021/acs.jproteome.0c00313},
	journal = {Journal of Proteome Research},
	number = {1},
	pages = {1063-1069},
	title = {{MSnbase}, Efficient and Elegant {R}-Based Processing and Visualization of Raw Mass Spectrometry Data},
	url = {https://doi.org/10.1021/acs.jproteome.0c00313},
	volume = {20},
	year = {2021},
	bdsk-url-1 = {https://doi.org/10.1021/acs.jproteome.0c00313}}

@incollection{deutsch2010,
	address = {Totowa, NJ},
	author = {Deutsch, Eric W.},
	booktitle = {Proteome Bioinformatics},
	doi = {10.1007/978-1-60761-444-9_22},
	editor = {Hubbard, Simon J. and Jones, Andrew R.},
	isbn = {978-1-60761-444-9},
	pages = {319--331},
	publisher = {Humana Press},
	title = {Mass Spectrometer Output File Format {mzML}},
	url = {https://doi.org/10.1007/978-1-60761-444-9_22},
	year = {2010},
	bdsk-url-1 = {https://doi.org/10.1007/978-1-60761-444-9_22}}

@article{kind2006,
	author = {Kind, Tobias and Fiehn, Oliver},
	day = {28},
	doi = {10.1186/1471-2105-7-234},
	journal = {BMC Bioinformatics},
	month = {Apr},
	number = {1},
	pages = {234},
	title = {Metabolomic database annotations via query of elemental compositions: mass accuracy is insufficient even at less than 1 ppm},
	url = {https://doi.org/10.1186/1471-2105-7-234},
	volume = {7},
	year = {2006},
	bdsk-url-1 = {https://doi.org/10.1186/1471-2105-7-234}}

@article{smith2015,
	author = {Smith, Rob and Taylor, Ryan M. and Prince, John T.},
	day = {23},
	doi = {10.1186/1471-2105-16-S7-S2},
	journal = {BMC Bioinformatics},
	month = {Apr},
	number = {7},
	pages = {S2},
	title = {Current controlled vocabularies are insufficient to uniquely map molecular entities to mass spectrometry signal},
	url = {https://doi.org/10.1186/1471-2105-16-S7-S2},
	volume = {16},
	year = {2015},
	bdsk-url-1 = {https://doi.org/10.1186/1471-2105-16-S7-S2}}

@article{rainer2022,
	article-number = {173},
	author = {Rainer, Johannes and Vicini, Andrea and Salzer, Liesa and Stanstrup, Jan and Badia, Josep M. and Neumann, Steffen and Stravs, Michael A. and Verri Hernandes, Vinicius and Gatto, Laurent and Gibb, Sebastian and Witting, Michael},
	doi = {10.3390/metabo12020173},
	issn = {2218-1989},
	journal = {Metabolites},
	number = {2},
	pubmedid = {35208247},
	title = {A Modular and Expandable Ecosystem for Metabolomics Data Annotation in {R}},
	url = {https://doi.org/10.3390/metabo12020173},
	volume = {12},
	year = {2022},
	bdsk-url-1 = {https://doi.org/10.3390/metabo12020173}}
