@article{wickham2014,
    title={Tidy Data},
    volume={59},
    url={https://doi.org/10.18637/jss.v059.i10},
    doi={10.18637/jss.v059.i10},
    number={10},
    journal={Journal of Statistical Software},
    author={Wickham, Hadley},
    year={2014},
    pages={1–23}
}

@article{gatto2015,
    author = {Gatto, Laurent and Gibb, Sebastian and Rainer, Johannes},
    title = {{MSnbase}, Efficient and Elegant {R}-Based Processing and Visualization of Raw Mass Spectrometry Data},
    journal = {Journal of Proteome Research},
    volume = {20},
    number = {1},
    pages = {1063-1069},
    year = {2021},
    url={https://doi.org/10.1021/acs.jproteome.0c00313},
    doi = {10.1021/acs.jproteome.0c00313}
}

@incollection{deutsch2010,
    author="Deutsch, Eric W.",
    editor="Hubbard, Simon J.
    and Jones, Andrew R.",
    title="Mass Spectrometer Output File Format {mzML}",
    bookTitle="Proteome Bioinformatics",
    year="2010",
    publisher="Humana Press",
    address="Totowa, NJ",
    pages="319--331",
    isbn="978-1-60761-444-9",
    doi="10.1007/978-1-60761-444-9_22",
    url={https://doi.org/10.1007/978-1-60761-444-9_22}
}

@Article{kind2006,
    author={Kind, Tobias
    and Fiehn, Oliver},
    title={Metabolomic database annotations via query of elemental compositions: mass accuracy is insufficient even at less than 1 ppm},
    journal={BMC Bioinformatics},
    year={2006},
    month={Apr},
    day={28},
    volume={7},
    number={1},
    pages={234},
    doi={10.1186/1471-2105-7-234},
    url={https://doi.org/10.1186/1471-2105-7-234}
}

@Article{smith2015,
    author={Smith, Rob
    and Taylor, Ryan M.
    and Prince, John T.},
    title={Current controlled vocabularies are insufficient to uniquely map molecular entities to mass spectrometry signal},
    journal={BMC Bioinformatics},
    year={2015},
    month={Apr},
    day={23},
    volume={16},
    number={7},
    pages={S2},
    doi={10.1186/1471-2105-16-S7-S2},
    url={https://doi.org/10.1186/1471-2105-16-S7-S2}
}

@Article{,
  title = {Welcome to the {tidyverse}},
  author = {Hadley Wickham and Mara Averick and Jennifer Bryan and Winston Chang and Lucy D'Agostino McGowan and Romain François and Garrett Grolemund and Alex Hayes and Lionel Henry and Jim Hester and Max Kuhn and Thomas Lin Pedersen and Evan Miller and Stephan Milton Bache and Kirill Müller and Jeroen Ooms and David Robinson and Dana Paige Seidel and Vitalie Spinu and Kohske Takahashi and Davis Vaughan and Claus Wilke and Kara Woo and Hiroaki Yutani},
  year = {2019},
  journal = {Journal of Open Source Software},
  volume = {4},
  number = {43},
  pages = {1686},
  doi = {10.21105/joss.01686},
  url={https://doi.org/10.21105/joss.01686}
}

@Manual{,
  title = {reticulate: Interface to 'Python'},
  author = {Kevin Ushey and JJ Allaire and Yuan Tang},
  year = {2020},
  note = {R package version 1.18},
  url = {https://CRAN.R-project.org/package=reticulate}
}

@Manual{,
  title = {data.table: Extension of `data.frame`},
  author = {Matt Dowle and Arun Srinivasan},
  year = {2021},
  note = {R package version 1.14.0},
  url = {https://CRAN.R-project.org/package=data.table},
}

@Book{,
  author = {Hadley Wickham},
  title = {ggplot2: Elegant Graphics for Data Analysis},
  publisher = {Springer-Verlag New York},
  year = {2016},
  isbn = {978-3-319-24277-4},
  url = {https://ggplot2.tidyverse.org},
}

@Manual{,
  title = {xml2: Parse XML},
  author = {Hadley Wickham and Jim Hester and Jeroen Ooms},
  year = {2020},
  note = {R package version 1.3.2},
  url = {https://CRAN.R-project.org/package=xml2},
}

@Manual{,
  title = {readMzXmlData: Reads Mass Spectrometry Data in mzXML Format},
  author = {Sebastian Gibb},
  year = {2015},
  note = {R package version 2.8.1},
  url = {https://CRAN.R-project.org/package=readMzXmlData},
}

@Manual{,
  title = {MALDIquantForeign: Import/Export Routines for 'MALDIquant'},
  author = {Sebastian Gibb},
  year = {2019},
  note = {R package version 0.12},
  url = {https://CRAN.R-project.org/package=MALDIquantForeign},
}

@Manual{,
  title = {CorrectOverloadedPeaks: Correct Overloaded Peaks from GC-APCI-MS Data},
  author = {Jan Lisec},
  year = {2019},
  note = {R package version 1.2.17},
  url = {https://CRAN.R-project.org/package=CorrectOverloadedPeaks},
}

@Manual{,
  title = {DBI: R Database Interface},
  author = {{R Special Interest Group on Databases (R-SIG-DB)} and Hadley Wickham and Kirill Müller},
  year = {2021},
  note = {R package version 1.1.1},
  url = {https://CRAN.R-project.org/package=DBI},
}

@Manual{,
  title = {RSQLite: 'SQLite' Interface for R},
  author = {Kirill Müller and Hadley Wickham and David A. James and Seth Falcon},
  year = {2021},
  note = {R package version 2.2.4},
  url = {https://CRAN.R-project.org/package=RSQLite},
}

@Article{,
  title = {MSnbase - an R/Bioconductor package for isobaric tagged mass spectrometry data visualization, processing and quantitation},
  author = {Laurent Gatto and Kathryn Lilley},
  journal = {Bioinformatics},
  year = {2012},
  volume = {28},
  pages = {288-289},
}

@Article{,
  title = {MSnbase, efficient and elegant R-based processing and visualisation of raw mass spectrometry data},
  author = {Laurent Gatto and Sebastian Gibb and Johannes Rainer},
  journal = {bioRxiv},
  year = {2020},
}

@Article{,
  author = {{Smith} and {C.A.} and {Want} and {E.J.} and {O'Maille} and {G.} and {Abagyan,R.} and {Siuzdak} and {G.}},
  title = {XCMS: Processing mass spectrometry data for metabolite profiling using nonlinear peak alignment, matching and identification},
  journal = {Analytical Chemistry},
  year = {2006},
  volume = {78},
  pages = {779--787},
}

@Article{,
  author = {Ralf Tautenhahn and Christoph Boettcher and Steffen Neumann},
  title = {Highly sensitive feature detection for high resolution LC/MS},
  journal = {BMC Bioinformatics},
  year = {2008},
  volume = {9},
  pages = {504},
}

@Article{,
  author = {H. Paul Benton and Elizabeth J. Want and Timothy M. D. Ebbels},
  title = {Correction of mass calibration gaps in liquid chromatography-mass spectrometry metabolomics data},
  journal = {BIOINFORMATICS},
  year = {2010},
  volume = {26},
  pages = {2488},
}

@Article{,
  author = {{Chambers} and Matthew C. and {Maclean} and {Brendan} and {Burke} and {Robert} and {Amodei} and {Dario} and {Ruderman} and Daniel L. and {Neumann} and {Steffen} and {Gatto} and {Laurent} and {Fischer} and {Bernd} and {Pratt} and {Brian} and {Egertson} and {Jarrett} and {Hoff} and {Katherine} and {Kessner} and {Darren} and {Tasman} and {Natalie} and {Shulman} and {Nicholas} and {Frewen} and {Barbara} and {Baker} and Tahmina A. and {Brusniak} and {Mi-Youn} and {Paulse} and {Christopher} and {Creasy} and {David} and {Flashner} and {Lisa} and {Kani} and {Kian} and {Moulding} and {Chris} and {Seymour} and Sean L. and {Nuwaysir} and Lydia M. and {Lefebvre} and {Brent} and {Kuhlmann} and {Frank} and {Roark} and {Joe} and {Rainer} and {Paape} and {Detlev} and {Suckau} and {Hemenway} and {Tina} and {Huhmer} and {Andreas} and {Langridge} and {James} and {Connolly} and {Brian} and {Chadick} and {Trey} and {Holly} and {Krisztina} and {Eckels} and {Josh} and {Deutsch} and Eric W. and {Moritz} and Robert L. and {Katz} and Jonathan E. and {Agus} and David B. and {MacCoss} and {Michael} and {Tabb} and David L. and {Mallick} and {Parag}},
  year = {2012},
  journal = {Nat Biotech},
  title = {{A cross-platform toolkit for mass spectrometry and proteomics}},
  doi = {10.1038/nbt.2377},
  pmid = {23051804},
  month = {oct},
  number = {10},
  volume = {30},
  pages = {918--920},
  url = {http://dx.doi.org/10.1038/nbt.2377},
}

@Article{,
  author = {Lennart Martens and Matthew Chambers and Marc Sturm and Darren Kessner and Fredrik Levander and Jim Shofstahl and Wilfred H Tang and Andreas Rompp and Steffen Neumann and Angel D Pizarro and Luisa Montecchi-Palazzi and Natalie Tasman and Mike Coleman and Florian Reisinger and Puneet Souda and Henning Hermjakob and Pierre-Alain Binz and Eric W Deutsch},
  title = {mz{ML} - a {C}ommunity {S}tandard for {M}ass {S}pectrometry {D}ata.},
  journal = {{Mol Cell Proteomics}},
  year = {2010},
  pmid = {20716697},
  doi = {10.1074/mcp.R110.000133},
}

@Article{,
  author = {Patrick G A Pedrioli and Jimmy K Eng and Robert Hubley and Mathijs Vogelzang and Eric W Deutsch and Brian Raught and Brian Pratt and Erik Nilsson and Ruth H Angeletti and Rolf Apweiler and Kei Cheung and Catherine E Costello and Henning Hermjakob and Sequin Huang and Randall K Julian and Eugene Kapp and Mark E McComb and Stephen G Oliver and Gilbert Omenn and Norman W Paton and Richard Simpson and Richard Smith and Chris F Taylor and Weimin Zhu and Ruedi Aebersold},
  title = {{A} common open representation of mass spectrometry data and its
	application to proteomics research.},
  journal = {Nat Biotechnol},
  year = {2004},
  volume = {22},
  number = {11},
  pages = {{1459--1466}},
  pmid = {15529173},
  doi = {10.1038/nbt1031},
}

@Article{,
  author = {Andrew Keller and Jimmy Eng and Ning Zhang and Xiao-jun Li and Ruedi Aebersold},
  title = {{A} uniform proteomics {MS}/{MS} analysis platform utilizing open {XML} file formats.},
  journal = {Mol Syst Biol},
  year = {2005},
}

@Article{,
  author = {Darren Kessner and Matt Chambers and Robert Burke and David Agus and Parag Mallick},
  title = {{P}roteo{W}izard: open source software for rapid proteomics tools
	development.},
  journal = {Bioinformatics},
  year = {2008},
  volume = {24},
  number = {21},
  pages = {2534--2536},
  doi = {10.1093/bioinformatics/btn323},
  pmid = {18606607},
}

@Manual{,
  title = {base64enc: Tools for base64 encoding},
  author = {Simon Urbanek},
  year = {2015},
  note = {R package version 0.1-3},
  url = {https://CRAN.R-project.org/package=base64enc},
}

@Article{rainer2022,
  AUTHOR = {Rainer, Johannes and Vicini, Andrea and Salzer, Liesa and Stanstrup, Jan and Badia, Josep M. and Neumann, Steffen and Stravs, Michael A. and Verri Hernandes, Vinicius and Gatto, Laurent and Gibb, Sebastian and Witting, Michael},
  TITLE = {A Modular and Expandable Ecosystem for Metabolomics Data Annotation in {R}},
  JOURNAL = {Metabolites},
  VOLUME = {12},
  YEAR = {2022},
  NUMBER = {2},
  ARTICLE-NUMBER = {173},
  PubMedID = {35208247},
  ISSN = {2218-1989},
  DOI = {10.3390/metabo12020173},
  url = {https://doi.org/10.3390/metabo12020173}
}

@Manual{,
    title = {{Spectra}: Spectra Infrastructure for Mass Spectrometry Data},
    author = {Laurent Gatto and Johannes Rainer and Sebastian Gibb},
    year = {2021},
    note = {R package version 1.2.2},
    url = {https://github.com/RforMassSpectrometry/Spectra},
  }

