@article{ahmad+dey:2007,
  Author = {Ahmad Amir and Lipika Dey},
	Journal = {Data and Knowledge Engineering},
	Pages = {88--96},
	Title = {A k-mean clustering algorithm for mixed numeric and categorical data},
	Volume = 63,
	Year = 2007,
	doi = {10.1016/j.datak.2007.03.016}
}

@inproceedings{dutta:2012,
  Author = {Dipankar Dutta and Paramartha Dutta and Jaya Sil},
	Booktitle = {12th International Conference on Hybrid Intelligent Systems (HIS)},
	Pages = {336 - 341},
	Title = {Data clustering with mixed features by multi objective genetic algorithm},
	Year = 2012,
	doi = {10.1109/HIS.2012.6421357}
}

 @Manual{Rcpp,
    	title = {Rcpp: Seamless R and C++ Integration},
    	author = {Dirk Eddelbuettel and Romain Francois and JJ Allaire and Kevin Ushey and Qiang Kou and Nathan Russell and Douglas Bates and John Chambers},
    	year = {2018},
    	note = {R package version 0.12.18},
    	url = {https://CRAN.R-project.org/package=Rcpp},
  }  

 @Article{edelbuettel:2011,
    	title = {{Rcpp}: Seamless {R} and {C++} Integration},
    	author = {Dirk Eddelbuettel and Romain Fran\c{c}ois},
    	journal = {Journal of Statistical Software},
    	year = {2011},
    	volume = {40},
    	number = {8},
    	pages = {1--18},
    	url = {http://www.jstatsoft.org/v40/i08/},
    	doi = {10.18637/jss.v040.i08},
  }

 @Manual{kamila,
    	title = {kamila: Methods for Clustering Mixed-Type Data},
    	author = {Alexander Foss and Marianthi Markatou},
    	year = {2018},
    	note = {R package version 0.1.1.2},
    	url = {https://CRAN.R-project.org/package=kamila},
  }

@article{foss:2016,
  Author = {Alexander Foss and Marianthi Markatou and Bonnie Ray and Aliza Heching},
	Journal = {Machine Learning},
	Pages = {419--458},
	Title = {A Semiparametric Method for Clustering Mixed Data},
	Volume = 105,
	number = 3,
	Year = 2016,
	doi = {10.1007/s10994-016-5575-7}
}

@article{gower:1971,
  Author = {Gower, John},
	Journal = {Biometrics},
	Pages = {857--874},
	Title = {A general coefficient of similarity and some of its properties},
	Volume = 27,
	Year = 1971,
	doi = {10.2307/2528823 }
}

 @Manual{gower,
    	title = {gower: Gower's Distance},
    	author = {Mark {van der Loo}},
    	year = {2017},
    	note = {R package version 0.1.2},
    	url = {https://CRAN.R-project.org/package=gower},
  }  

@inproceedings{hajkacem:2016,
  Author = {Mohamed Aymen Ben HajKacem and Chiheb-Eddine Ben N’cir and Nadia Essoussi},
	Booktitle = {Software Technologies: Applications and Foundations 2016, Springer LNCS 9946},
	Pages = {13--25},
	Title = {An Accelerated MapReduce-Based K-prototypes for Big Data},
	editor = {Paolo Milazzo and Daniel Varro and Manuel Wimmer},
	Year = 2016,
	doi = {10.1007/978-3-319-50230-4_2}
}

@article{he:2005,
	author = {He, Zengyou and Xu, Xiaofei and Deng, Shengchun},
	year = {2005},
	title = {A cluster ensemble method for clustering categorical data},
	volume = {6},
	journal = {Information Fusion},
	doi = {10.1016/j.inffus.2004.03.001}
}

@inproceedings{huang:1997a,
	author = {Huang, Zhexue},
	year = {1997},
	Pages = {1 -- 8},
	title = {A Fast Clustering Algorithm to Cluster Very Large Categorical Data Sets in Data Mining},
	booktitle = {Proceedings of the SIGMOD Workshop on Research Issues on Data Mining and Knowledge Discovery}
}

@inproceedings{huang:1997b,
	author = {Huang, Zhexue},
	year = {1997},
	Pages = {21 -- 34},
	title = {Clustering large data sets with mixed numeric and categorical values},
	booktitle = {Proceedings of the First Pacific Asia Knowledge Discovery and Data Mining Conference, Singapore}
}

@article{huang:1998,
  Author = {Huang, Zheqxue},
	Journal = {Data Mining and Knowledge Discovery},
	Pages = {283--304},
	Title = {Extensions to the k-Means Algorithm for Clustering Large Data Sets with Categorical Variables},
	Volume = 2,
	Year = 1998,
	doi = {10.1023/A:1009769707641}
}

@article{hennig:2007,
  Author = {Christian Hennig},
	Journal = {Computational Statistics and Data Analysis},
	Pages = {258--271},
	Title = {Cluster-wise assessment of cluster stability},
	Volume = 52,
	Year =2007,
	doi = {10.1016/j.csda.2006.11.025}
}

  @Manual{fpc,
    title = {fpc: Flexible Procedures for Clustering},
    author = {Christian Hennig},
    year = {2018},
    note = {R package version 2.1-11.1},
    url = {https://CRAN.R-project.org/package=fpc}
  }

@article{hennig:liao:2013,
  Author = {Christian Hennig and Tim Liao},
	Journal = {Journal of the Royal Statistical Society C},
	Number = 2,
	Pages = {309--369},
	Title = {How to find an appropriate clustering for mixed-type variables with application to socio-economic stratification},
	Volume = 62,
	Number = 3,
	Year = 2013,
	doi = {10.1111/j.1467-9876.2012.01066.x}
}

  @Manual{CluMix,
    title = {CluMix: Clustering and Visualization of Mixed-Type Data},
    author = {M. Hummel and D. Edelmann and A. Kopp-Schneider},
    year = {2017},
    note = {R package version 2.1},
    url = {https://CRAN.R-project.org/package=CluMix},
  }

@article{ji:2012,
author = {Ji, Jinchao and Pang, Wei and Zhou, Chunguang and Han, Xiao and Wang, Zhe},
	year = {2012},
	pages = {129–135},
	title = {A fuzzy k-prototype clustering algorithm for mixed numeric and categorical data},
	volume = {30},
	Journal = {Knowledge-Based Systems},
	doi = {10.1016/j.knosys.2012.01.006}
}

@article{ji:2013,
	author = {Jinchao Ji and Tian Bai and Chunguang Zhou and Chao Maa and Zhe Wang},
	Journal = {Neurocomputing},
	year = {2013},
	pages = {590--596},
	title = {An improved k-prototypes clustering algorithm for mixed numeric and categorical data},
	volume = {120},
	doi = {10.1016/j.neucom.2013.04.011}
}

@article{ji:2015,
	author = {Ji, Jinchao and Pang, Wei and Zheng, Y and Wang, Z and Ma, Z and Zhang, L},
	year = {2015},
	pages = {2933-2942},
	title = {A novel cluster center initialization method for the k-prototypes algorithms using centrality and distance},
	volume = {9},
	journal = {Applied Mathematics and Information Sciences},
	doi = {10.12785/amis/090621}
}


@article{flexclust,
  Author = {Friedrich Leisch},
	Journal = {Computational Statistics and Data Analysis},
	Pages = {526-544},
	Title = {A Toolbox for K-Centroids Cluster Analysis},
	Volume = 51,
	number = 2,
	Year = 2006,
	doi = {10.1016/j.csda.2005.10.006}
}

@inproceedings{lim:2012,
  	Author = {Jongwoo Lim and Jongeun Jun and Seon Ho Kim and Dennis McLeod},
  	Booktitle = {Proceeding of the fourth International Conference on Emerging Databases (EDB)},
  	Title = {A Framework for Clustering Mixed Attribute Type Datasets},
  	Year = 2012
}

@article{liu:2017,
	author = {Liu, Shi-Hua and Zhou, Bingzhong and Huang, Decai and Shen, Liangzhong},
	year = {2017},
	pages = {1-7},
	title = {Clustering Mixed Data by Fast Search and Find of Density Peaks},
	volume = {2017},
	journal = {Mathematical Problems in Engineering},
	doi = {10.1155/2017/5060842}
}

 @Manual{cluster,
    	title = {cluster: Cluster Analysis Basics and Extensions},
    	author = {Martin Maechler and Peter Rousseeuw and Anja Struyf and Mia Hubert and Kurt Hornik},
    	year = {2018},
    	note = {R package version 2.0.7-1},
     	url = {https://CRAN.R-project.org/package=cluster},
  }

@article{modhaspangler:2003,
  Author = {Dharmendra Modha and  Scott Spangler},
	Journal = {Machine Learning},
	Pages = {217–237},
	Title = {Feature Weighting in k-Means Clustering},
	Volume = 52,
	Number = 3,
	Year = 2003,
	doi = {10.1023/A:1024016609528}
}

@Manual{clustMD,
     title = {clustMD: Model Based Clustering for Mixed Data},
     author = {Damien McParland},
     year = {2017},
     note = {R package version 1.2.1},
     url = {https://CRAN.R-project.org/package=clustMD},
  }

@article{mcparland:2016,
  Author = {McParland, Damien and Gormley, Isobel},
	Journal = {Advances in Data Analysis and Classification},
	Number = 2,
	Pages = {155--170},
	Title = {Model Based Clustering for Mixed Data: clustMD},
	Volume = 10,
	Year = 2016,
	doi = {10.1007/s11634-016-0238-x}
}

@inproceedings{macqueen:1967,
  	author = {MacQueen, J},
  	title =  {Some methods for classification and analysis of multivariate observations},
  	pages = {281 -- 297},
	editor = {Le Cam, L and Neyman, J},
	booktitle = {Proc. 5th Berkeley Symp. Math Stat and Prob},
	Year = 1967
}

@article{pham:2011,
 	author = {Pham, D and Suarez-Alvarez, Maria and I. Prostov, Yuriy},
	year = {2011},
	pages = {2387-2403},
	title = {Random search with k-prototypes algorithm for clustering mixed datasets},
	volume = {467},
	journal = {Proceedings of The Royal Society A: Mathematical, Physical and Engineering Sciences},
	doi = {10.1098/rspa.2010.0594}
}

@Manual{wesanderson,
    	title = {wesanderson: A Wes Anderson Palette Generator},
    	author = {Karthik Ram and Hadley Wickham},
    	year = {2018},
    	note = {R package version 0.3.6},
    	url = {https://CRAN.R-project.org/package=wesanderson},
  }

@Manual{clusteval,
    	title = {clusteval: Evaluation of Clustering Algorithms},
    	author = {John A. Ramey},
    	year = {2012},
    	note = {R package version 0.1},
    	url = {https://CRAN.R-project.org/package=clusteval},
 }

@article{rand:1971,
  Author = {Rand, W},
	Journal = {Journal of the American Statistical Association},
	Pages = {846--850},
	Title = {Objective criteria for the evaluation of clustering methods},
	Volume = 66,
	Year = 1971,
	doi = {10.2307/2284239}
}

 @Manual{klaR,
    	title = {klaR: Classification and visualization},
    	author = {Christian Roever and Nils Raabe and Karsten Luebke and Uwe Ligges and Gero Szepannek and Marc Zentgraf},
    	year = {2018},
    	note = {R package version 0.6-14},
    	url = {https://CRAN.R-project.org/package=klaR},
  }

@article{szepannek:2017,
  	Author = {Szepannek, Gero},
	Journal = {WIAS Report Series},
	Pages = {88--96},
	Title = {On the practical relevance of modern Machine Learning Algorithms for Credit Scoring Applications},
	Volume = 29,
	Year = 2017,
	doi = {10.20347/wias.report.29}
}

 @Manual{clustMixType,
    	title = {clustMixType: k-Prototypes Clustering for Mixed Variable-Type Data},
    	author = {Gero Szepannek},
    	year = {2018},
    	note = {R package version 0.1-36},
    	url = {https://CRAN.R-project.org/package=clustMixType}
  }

  @InProceedings{weihs:2005,
    	title = {klaR Analyzing German Business Cycles},
    	author = {Claus Weihs and Uwe Ligges and Karsten Luebke and Nils
      Raabe},
    	booktitle = {Data Analysis and Decision Support},
    	editor = {D. Baier and R. Decker and L. Schmidt-Thieme},
    	publisher = {Springer-Verlag},
    	address = {Berlin},
    	year = {2005},
    	pages = {335-343},
	doi = {10.1007/3-540-28397-8_36}
  } 




