\let\proglang=\textsf
@Manual{R,
  title = {R: A Language and Environment for Statistical Computing},
  author = {{R Core Team}},
  organization = {R Foundation for Statistical Computing},
  address = {Vienna, Austria},
  year = {2016},
  note = {{ISBN} 3-900051-07-0},
  url = {https://www.R-project.org/},
}

@article{ihaka96,
  Author = {Ihaka, Ross and Gentleman, Robert},
	Journal = {Journal of Computational and Graphical Statistics},
	Number = 3,
	Pages = {299--314},
	Title = {R: A Language for Data Analysis and Graphics},
	Volume = 5,
	Year = 1996,
        url = {https://doi.org/10.1080/10618600.1996.10474713}
}

@book{ramsay2005,
	Author = {Ramsay, J. O. and Silverman, B. W.},
	Isbn = {038740080X},
	Publisher = {New York, NY},
	Series = {Springer series in statistics},
	Title = {{Functional Data Analysis.}},
	Url = {http://0-search.ebscohost.com.libus.csd.mu.edu/login.aspx?direct=true&db=cat06952a&AN=mul.b2395232&site=eds-live},
	Year = {2005},
	Bdsk-Url-1 = {http://0-search.ebscohost.com.libus.csd.mu.edu/login.aspx?direct=true&db=cat06952a&AN=mul.b2395232&site=eds-live}}

@manual{fdapackage,
	Author = {J. O. Ramsay and Hadley Wickham and Spencer Graves and Giles Hooker},
	Note = {R package version 6.1.4},
	Title = {{fda: Functional Data Analysis}},
	Url = {https://CRAN.R-project.org/package=fda},
	Year = {2023},
	Bdsk-Url-1 = {https://CRAN.R-project.org/package=fda}}

@manual{fdapacepackage,
    Author = {Alvaro Gajardo and Satarupa Bhattacharjee and Cody Carroll and Yaqing Chen and Xiongtao Dai and Jianing Fan and Pantelis Z. Hadjipantelis and Kyunghee Han and Hao Ji and Changbo Zhu and Hans-Georg Müller and Jane-Ling Wang},
    Note = {R package version 0.5.9},
    Title = {fdapace: Functional Data Analysis and Empirical Dynamics},
    Url = {https://CRAN.R-project.org/package=fdapace},
    Year = {2022},
    Bdsk-Url-1 = {https://CRAN.R-project.org/package=fdapace}}
  }

@article{happ2018,
	Author = {Happ, Clara and Greven, Sonja},
	Issn = {01621459},
	Journal = {Journal of the American Statistical Association},
	Keywords = {MULTIVARIATE analysis, PRINCIPAL components analysis, UNIVARIATE analysis, BRAIN imaging, NEUROPSYCHOLOGICAL tests, Dimension reduction, Functional data analysis, Image analysis, Multivariate functional data},
	Number = {522},
	Pages = {649 - 659},
	Title = {Multivariate functional principal component analysis for data observed on different (dimensional) domains.},
	Url = {http://0-search.ebscohost.com.libus.csd.mu.edu/login.aspx?direct=true&db=buh&AN=130934803&site=eds-live},
	Volume = {113},
	Year = {2018},
	Bdsk-Url-1 = {http://0-search.ebscohost.com.libus.csd.mu.edu/login.aspx?direct=true&db=buh&AN=130934803&site=eds-live}}

@Article{funDatapackage,
    title = {Object-Oriented Software for Functional Data},
    author = {Clara Happ-Kurz},
    journal = {Journal of Statistical Software},
    year = {2020},
    volume = {93},
    number = {5},
    pages = {1--38},
    doi = {10.18637/jss.v093.i05},
  }


@manual{MFPCApackage,
    Author = {Clara Happ-Kurz},
    Note = {R package version 1.3-10},
    Title = {MFPCA: Multivariate Functional Principal Component Analysis for Data Observed on Different Dimensional Domains},
    Url = {https://CRAN.R-project.org/package=MFPCA},
    Year = {2022},
    Bdsk-Url-1 = {https://CRAN.R-project.org/package=MFPCA}}
  }

@manual{rainbowpackage,
	Author = {Han Lin Shang  and Rob Hyndman},
	Note = {R package version 3.7},
	Title = {rainbow: Rainbow Plots, Bagplots and Boxplots for
	Functional Data},
	Url = {https://CRAN.R-project.org/package=rainbow},
	Year = {2022},
	Bdsk-Url-1 = {https://CRAN.R-project.org/package=rainbow}}
}


@Manual{funFEMpackage,
    title = {funFEM: Clustering in the Discriminative Functional Subspace},
    author = {Charles Bouveyron},
    year = {2021},
    note = {R package version 1.2},
    url = {https://CRAN.R-project.org/package=funFEM},
    Bdsk-Url-1 = {https://CRAN.R-project.org/package=MFPCA}}
  }


@Manual{refundpackage,
	title = {refund: Regression with Functional Data},
	author = {Jeff Goldsmith and Fabian Scheipl and Lei Huang and Julia Wrobel and Chongzhi Di and Jonathan Gellar and Jaroslaw Harezlak and Mathew W. McLean and Bruce Swihart and Luo Xiao and Ciprian Crainiceanu and Philip T. Reiss and Yakuan Chen and Sonja Greven and Lan Huo and Madan Gopal Kundu and So Young Park and David L. Miller and Ana-Maria Staicu and Erjia Cui and Ruonan Li},
	year = {2023},
	note = {R package version 0.1.32},
	url = {https://CRAN.R-project.org/package=refund},
	Bdsk-Url-1 = {https://CRAN.R-project.org/package=refund}}
}

@Article{fdauscpackage,
    title = {Statistical Computing in Functional Data Analysis: The \textsf{R} Package \pkg{fda.usc}},
    author = {Manuel Febrero-Bandle and Manuel Oviedo de la Fuente},
    journal = {Journal of Statistical Software},
    year = {2012},
    volume = {51},
    number = {4},
    pages = {1--28},
    doi = {10.18637/jss.v051.i04},
  }

@Article{roahdpackage,
  author = {Francesca Ieva and Anna Maria Paganoni and Juan Romo and
          Nicholas Tarabelloni},
  title = {{roahd Package: Robust Analysis of High Dimensional Data}},
  year = {2019},
  journal = {{The R Journal}},
  doi = {10.32614/RJ-2019-032},
  url = {https://doi.org/10.32614/RJ-2019-032},
  pages = {291--307},
  volume = {11},
  number = {2}
}

@Manual{fdaoutlierpackage,
    title = {fdaoutlier: Outlier Detection Tools for Functional Data Analysis},
    author = {Oluwasegun Taiwo Ojo and Rosa Elvira Lillo and Antonio {Fernandez Anta}},
    year = {2023},
    note = {R package version 0.2.1},
    url = {https://CRAN.R-project.org/package=fdaoutlier},
  }

@Article{cfdapackage,
    title = {Categorical Functional Data Analysis. The cfda R Package},
    author = {Cristian Preda and Quentin Grimonprez and Vincent Vandewalle},
    journal = {Mathematics},
    year = {2021},
    volume = {9},
    number = {23},
    url = {https://www.mdpi.com/2227-7390/9/23/3074},
    doi = {10.3390/math9233074},
  }

@article{ANH15,
	Author = {A. Aue and D. D. Norinho and S. H\"{o}rmann},
	Journal = {Journal of the American Statistical Association: Theory and Methods},
	Number = {509},
	Pages = {378-392},
	Title = {On the prediction of stationary functional time series},
	Volume = {110},
	Year = {2015}}

@article{HS2010,
author = {Rob J. Hyndman and Han Lin Shang},
title = {Rainbow Plots, Bagplots, and Boxplots for Functional Data},
journal = {Journal of Computational and Graphical Statistics},
volume = {19},
number = {1},
pages = {29-45},
year  = {2010},
publisher = {Taylor & Francis},
doi = {10.1198/jcgs.2009.08158},

URL = { 
        https://doi.org/10.1198/jcgs.2009.08158
    
},
eprint = { 
        https://doi.org/10.1198/jcgs.2009.08158
    
}

}

@manual{ftsapackage,
	Author = {Hyndman, Rob and Shang, Han Lin},
	Note = {R package version 6.3.0},
	Title = {{ftsa: Functional Time Series Analysis}},
	Url = {https://CRAN.R-project.org/package=ftsa},
	Year = {2023},
	Bdsk-Url-1 = {https://CRAN.R-project.org/package=ftsa}}

@manual{ftsspecpackage,
	Author = {Shahin Tavakoli},
	Note = {R package version 1.0.0},
	Title = {{ftsspec:Spectral Density Estimation and Comparison for Functional Time Series}},
	Url = {https://CRAN.R-project.org/package=ftsspec},
	Year = {2015},
	Bdsk-Url-1 = {https://CRAN.R-project.org/package=ftsspec}}

@article{Di2009,
author = {Chong-Zhi Di and Ciprian M. Crainiceanu and Brian S. Caffo and Naresh M. Punjabi},
title = {{Multilevel functional principal component analysis}},
volume = {3},
journal = {The Annals of Applied Statistics},
number = {1},
publisher = {Institute of Mathematical Statistics},
pages = {458 -- 488},
keywords = {Functional Principal Component Analysis (FPCA), multilevel models},
year = {2009},
doi = {10.1214/08-AOAS206},
URL = {https://doi.org/10.1214/08-AOAS206}
}

@article{Shang2016,
author = {Han Lin Shang},
title = {{Mortality and life expectancy forecasting for a group of populations in developed countries: A multilevel functional data method}},
volume = {10},
journal = {The Annals of Applied Statistics},
number = {3},
publisher = {Institute of Mathematical Statistics},
pages = {1639 -- 1672},
keywords = {Augmented common factor method, coherent forecasts, functional time series, life expectancy forecasting, mortality forecasting, product-ratio method},
year = {2016},
doi = {10.1214/16-AOAS953},
URL = {https://doi.org/10.1214/16-AOAS953}
}

@article{Shang2018,
author = {Han Lin Shang},
title={{Bootstrap methods for stationary functional time series}},
volume = {28},
journal = {Statistics and Computing},
year = {2018},
pages = {1 -- 10},
doi = {https://doi.org/10.1007/s11222-016-9712-8}
}

@article{HRW2016,
title = {Adaptive bandwidth selection in the long run covariance estimator of functional time series},
journal = {Computational Statistics \& Data Analysis},
volume = {100},
pages = {676-693},
year = {2016},
issn = {0167-9473},
doi = {https://doi.org/10.1016/j.csda.2014.06.008},
url = {https://www.sciencedirect.com/science/article/pii/S0167947314001790},
author = {Lajos Horváth and Gregory Rice and Stephen Whipple},
}

@article{HU07,
	Author = {R. J. Hyndman and M. S. Ullah},
	Journal = {Computational Statistics \& Data Analysis},
	Number = {10},
	Owner = {Han},
	Pages = {4942-4956},
	Timestamp = {2007.05.13},
	Title = {{Robust forecasting of mortality and fertility rates: A functional data approach}},
	Volume = {51},
	Year = {2007}}


@article{GSY2019,
title = {High-dimensional functional time series forecasting: An application to age-specific mortality rates},
journal = {Journal of Multivariate Analysis},
volume = {170},
pages = {232-243},
year = {2019},
note = {Special Issue on Functional Data Analysis and Related Topics},
issn = {0047-259X},
doi = {https://doi.org/10.1016/j.jmva.2018.10.003},
url = {https://www.sciencedirect.com/science/article/pii/S0047259X1730739X},
author = {Yuan Gao and Han Lin Shang and Yanrong Yang},
}

@article{HS09,
	Author = {R. J. Hyndman and H. L. Shang},
	Journal = {Journal of the Korean Statistical Society},
	Number = {3},
	Pages = {199-221},
	Title = {Forecasting functional time series (with discussions)},
	Volume = {38},
	Year = {2009}}


@book{Bosq00,
	Address = {New York, NY},
	Author = {D. Bosq},
	Keywords = {ARH, ARB, ARC, ARL},
	Owner = {Han},
	Publisher = {Lecture notes in Statistics},
	Timestamp = {2007.12.13},
	Title = {{Linear Processes in Function Spaces}},
	Year = {2000}}

@article{HHK10,
title = {Testing the stability of the functional autoregressive process},
journal = {Journal of Multivariate Analysis},
volume = {101},
number = {2},
pages = {352-367},
year = {2010},
note = {Statistical Methods and Problems in Infinite-dimensional Spaces},
issn = {0047-259X},
doi = {https://doi.org/10.1016/j.jmva.2008.12.008},
url = {https://www.sciencedirect.com/science/article/pii/S0047259X08002789},
author = {Lajos Horváth and Marie Hušková and Piotr Kokoszka},
}

@article{HHR13, 
title={A FUNCTIONAL VERSION OF THE ARCH MODEL}, 
volume={29}, DOI={10.1017/S0266466612000345}, 
number={2}, 
journal={Econometric Theory}, 
publisher={Cambridge University Press}, 
author={Hörmann, Siegfried and Horváth, Lajos and Reeder, Ron},
 year={2013}, 
pages={267–288}}

@article{liu2016,
	Author = {Xialu Liu and Han Xiao and Rong Chen},
	Doi = {https://doi.org/10.1016/j.jeconom.2016.05.006},
	Issn = {0304-4076},
	Journal = {Journal of Econometrics},
	Note = {Financial Statistics and Risk Management},
	Number = {2},
	Pages = {263-282},
	Title = {Convolutional autoregressive models for functional time series},
	Url = {https://www.sciencedirect.com/science/article/pii/S0304407616300963},
	Volume = {194},
	Year = {2016},
	Bdsk-Url-1 = {https://www.sciencedirect.com/science/article/pii/S0304407616300963},
	Bdsk-Url-2 = {https://doi.org/10.1016/j.jeconom.2016.05.006}}

@Manual{ntspackage,
    title = {NTS: Nonlinear Time Series Analysis},
    author = {Ruey Tsay and Rong Chen and Xialu Liu},
    year = {2023},
    note = {R package version 1.1.3},
    url = {https://CRAN.R-project.org/package=NTS},
  }
@article{HKR14,
title = {Testing stationarity of functional time series},
journal = {Journal of Econometrics},
volume = {179},
number = {1},
pages = {66-82},
year = {2014},
issn = {0304-4076},
doi = {https://doi.org/10.1016/j.jeconom.2013.11.002},
url = {https://www.sciencedirect.com/science/article/pii/S0304407613002327},
author = {Lajos Horváth and Piotr Kokoszka and Gregory Rice},
}


@book{golyandina2001,
	Author = {Golyandina, Nina and Nekrutkin, Vladimir and Zhigljavsky, Anatoly A},
	Publisher = {Chapman and Hall/CRC, Boca Raton, FL},
	Title = {{Analysis of Time Series Structure: SSA and Related Techniques}},
	Year = {2001}}


@book{golyandina2013,
	Author = {Golyandina, Nina and Zhigljavsky, Anatoly},
	Publisher = {Springer Science \& Business Media, Berlin, Heidelberg},
	Title = {{Singular Spectrum Analysis for Time Series}},
	Year = {2013}}
	
@book{golyandina2018singular,
	title={Singular Spectrum Analysis with R},
	author={Golyandina, Nina and Korobeynikov, Anton and Zhigljavsky, Anatoly},
	year={2018},
	publisher={Springer Berlin Heidelberg}
}

@article{hassani2013predicting,
	title={Predicting inflation dynamics with singular spectrum analysis},
	author={Hassani, Hossein and Soofi, Abdol S and Zhigljavsky, Anatoly},
	journal={Journal of the Royal Statistical Society Series A: Statistics in Society},
	volume={176},
	number={3},
	pages={743-760},
	year={2013},
	publisher={Wiley Online Library}
}

@Manual{ASSApackage,
	title = {ASSA: Applied Singular Spectrum Analysis},
	author = {de Carvalho, Miguel and Martos, Gabriel},
	year = {2020},
	note = {R package version 2.0},
	Url = {https://CRAN.R-project.org/package=ASSA}
}

@article{deCarvalho2017realtime,
	title={Real-time nowcasting the US output gap: Singular spectrum analysis at work},
	author={de Carvalho, Miguel and Rua, Ant{\'o}nio},
	journal={International Journal of Forecasting},
	volume={33},
	number={1},
	pages={185-198},
	year={2017},
	publisher={Elsevier}
}

@article{golyandina2015,
	Author = {Nina Golyandina and Anton Korobeynikov and Alex Shlemov and Konstantin Usevich},
	Doi = {10.18637/jss.v067.i02},
	Issn = {1548-7660},
	Journal = {Journal of Statistical Software, Articles},
	Number = {2},
	Pages = {1--78},
	Title = {Multivariate and {2-D} extensions of singular spectrum analysis with the {R}ssa package},
	Url = {https://www.jstatsoft.org/v067/i02},
	Volume = {67},
	Year = {2015},
	Bdsk-Url-1 = {https://www.jstatsoft.org/v067/i02},
	Bdsk-Url-2 = {http://dx.doi.org/10.18637/jss.v067.i02}}

@article{rssapackage,
	Author = {Nina Golyandina and Anton Korobeynikov and Alex Shlemov and Konstantin Usevich},
	Doi = {10.18637/jss.v067.i02},
	Journal = {Journal of Statistical Software},
	Number = {2},
	Pages = {1--78},
	Title = {{Multivariate and 2D extensions of  the {Rssa} package}},
	Volume = {67},
	Year = {2015},
	Bdsk-Url-1 = {http://dx.doi.org/10.18637/jss.v067.i02}}

@article{hassani2019,
	Author = {Hassani, Hossein and Rua, Ant{\'o}nio and Silva, Emmanuel Sirimal and Thomakos, Dimitrios},
	Issn = {01692070},
	Journal = {International Journal of Forecasting},
	Keywords = {OVERPRODUCTION, FORECASTING, SPECTRUM analysis, DEVELOPED countries, INTERPOLATION, Forecasting, GDP, Industrial production, Mixed-frequency, Multivariate SSA},
	Number = {4},
	Pages = {1263 - 1272},
	Title = {Monthly forecasting of GDP with mixed-frequency multivariate singular spectrum analysis.},
	Url = {http://0-search.ebscohost.com.libus.csd.mu.edu/login.aspx?direct=true&db=buh&AN=138794641&site=eds-live},
	Volume = {35},
	Year = {2019},
	Bdsk-Url-1 = {http://0-search.ebscohost.com.libus.csd.mu.edu/login.aspx?direct=true&db=buh&AN=138794641&site=eds-live}}

@article{trinka2023functional,
	author = {Trinka, J. and Haghbin, H. and Shang, H. L. and Maadooliat, M.},
	title = {Functional time series forecasting: Functional singular spectrum analysis approaches},
	journal = {Stat},
	volume = {12},
	number = {1},
	year = {2023},
	pages = {e621},
	doi = {10.1002/sta4.621},
	url = {https://doi.org/10.1002/sta4.621}
}


@article{hassani2013,
	Author = {Hassani, Hossein and Mahmoudvand, Rahim},
	Doi = {10.1142/S2335680413500051},
	Journal = {International Journal of Energy and Statistics},
	Number = {01},
	Pages = {55-83},
	Title = {Multivariate singular spectrum analysis: A general view and new vector forecasting approach},
	Url = {https://doi.org/10.1142/S2335680413500051},
	Volume = {01},
	Year = {2013},
	Bdsk-Url-1 = {https://doi.org/10.1142/S2335680413500051},
	Bdsk-Url-2 = {http://dx.doi.org/10.1142/S2335680413500051}}

@Article{GS17,
AUTHOR = {Gao, Yuan and Shang, Han Lin},
TITLE = {Multivariate Functional Time Series Forecasting: Application to Age-Specific Mortality Rates},
JOURNAL = {Risks},
VOLUME = {5},
YEAR = {2017},
NUMBER = {2},
ARTICLE-NUMBER = {21},
URL = {https://www.mdpi.com/2227-9091/5/2/21},
ISSN = {2227-9091},
DOI = {10.3390/risks5020021}
}

@InProceedings{SY17,
author="Shang, Han Lin
and Yang, Yang",
editor="Aneiros, Germ{\'a}n
and G. Bongiorno, Enea
and Cao, Ricardo
and Vieu, Philippe",
title="Grouped multivariate functional time series method: An application to mortality forecasting",
booktitle="Functional Statistics and Related Fields",
year="2017",
publisher="Springer International Publishing",
address="Cham",
pages="233--241",
}

@article{CYC16,
title = {Multivariate functional linear regression and prediction},
journal = {Journal of Multivariate Analysis},
volume = {146},
pages = {301-312},
year = {2016},
note = {Special Issue on Statistical Models and Methods for High or Infinite Dimensional Spaces},
issn = {0047-259X},
doi = {https://doi.org/10.1016/j.jmva.2015.10.003},
url = {https://www.sciencedirect.com/science/article/pii/S0047259X15002535},
author = {Jeng-Min Chiou and Ya-Fang Yang and Yu-Ting Chen},
}

@article{KMR17,
author = {Daniel R. Kowal and David S. Matteson and David Ruppert},
title = {A Bayesian Multivariate Functional Dynamic Linear Model},
journal = {Journal of the American Statistical Association},
volume = {112},
number = {518},
pages = {733-744},
year  = {2017},
publisher = {Taylor & Francis},
doi = {10.1080/01621459.2016.1165104},

URL = { 
        https://doi.org/10.1080/01621459.2016.1165104
    
},
eprint = { 
        https://doi.org/10.1080/01621459.2016.1165104
    
}

}

@article{silva2018,
	Author = {Silva, Emmanuel Sirimal and Hassani, Hossein and Heravi, Saeed},
	Issn = {02776693},
	Journal = {Journal of Forecasting},
	Keywords = {INDUSTRIAL productivity, ECONOMIC forecasting, MULTIVARIATE analysis, ALGORITHMS, SPECTRUM analysis, forecasting, industrial production, leading indicators, multivariate SSA, singular spectrum analysis},
	Number = {3},
	Pages = {371 - 384},
	Title = {Modeling European industrial production with multivariate singular spectrum analysis: A cross‐industry analysis.},
	Url = {http://0-search.ebscohost.com.libus.csd.mu.edu/login.aspx?direct=true&db=buh&AN=128709779&site=eds-live},
	Volume = {37},
	Year = {2018},
	Bdsk-Url-1 = {http://0-search.ebscohost.com.libus.csd.mu.edu/login.aspx?direct=true&db=buh&AN=128709779&site=eds-live}}



@book{hassani2018,
	Author = {Hassani, Hossein and Mahmoudvand, Rahim},
	Isbn = {1137409509},
	Publisher = {Palgrave Macmillan},
	Series = {Palgrave advanced texts in econometrics},
	Title = {Singular spectrum analysis : using R.},
	Url = {http://0-search.ebscohost.com.libus.csd.mu.edu/login.aspx?direct=true&db=cat06952a&AN=mul.b3605570&site=eds-live},
	Year = {2018},
	Bdsk-Url-1 = {http://0-search.ebscohost.com.libus.csd.mu.edu/login.aspx?direct=true&db=cat06952a&AN=mul.b3605570&site=eds-live}}

@article{groth2011,
	Author = {Groth, Andreas and Ghil, Michael},
	Issn = {15393755},
	Journal = {Physical Review E: Statistical, Nonlinear \& Soft Matter Physics},
	Keywords = {SPECTRUM analysis, MULTIVARIATE analysis, AUDIO-frequency oscillators, EIGENVECTORS, CLUSTER theory (Nuclear physics)},
	Number = {3-2},
	Pages = {036206-1 - 036206-10},
	Title = {Multivariate singular spectrum analysis and the road to phase synchronization.},
	Url = {http://0-search.ebscohost.com.libus.csd.mu.edu/login.aspx?direct=true&db=a9h&AN=70259106&site=eds-live},
	Volume = {84},
	Year = {2011},
	Bdsk-Url-1 = {http://0-search.ebscohost.com.libus.csd.mu.edu/login.aspx?direct=true&db=a9h&AN=70259106&site=eds-live}}

@article{GK14,
title = {Basic Singular Spectrum Analysis and forecasting with R},
journal = {Computational Statistics \& Data Analysis},
volume = {71},
pages = {934-954},
year = {2014},
issn = {0167-9473},
doi = {https://doi.org/10.1016/j.csda.2013.04.009},
url = {https://www.sciencedirect.com/science/article/pii/S0167947313001394},
author = {Nina Golyandina and Anton Korobeynikov},
}


@article{haghbin2021,
	Author = {{Haghbin}, Hossein and {Morteza Najibi}, Seyed and {Mahmoudvand}, Rahim and {Trinka}, Jordan and {Maadooliat}, Mehdi},
	Doi = {https://doi.org/10.1002/sta4.330},
	Journal = {Stat},
	Note = {e330 STAT-20-0240.R1},
	Pages = {e330},
	Title = {Functional singular spectrum analysis},
	Year = {2021},
	Bdsk-Url-1 = {https://doi.org/10.1002/sta4.330}}


@Manual{rfssapackage,
    title = {Rfssa: Functional Singular Spectrum Analysis},
    author = {Hossein Haghbin and Jordan Trinka and Seyed Morteza Najibi and Mehdi Maadooliat},
    year = {2023},
    note = {R package version 3.0.2},
    url = {https://CRAN.R-project.org/package=Rfssa},
  }

@book{horn2012matrix,
	Title={Matrix Analysis},
	Author={Horn, Roger A. and Johnson, Charles R.},
	year={2012},
	publisher={Cambridge University Press}
}

@book{weidmann1980,
  title={{Linear operators in Hilbert spaces}},
  author={Weidmann, J.},
  isbn={9780387904276},
  lccn={lc79012649},
  series={Graduate texts in mathematics},
  url={https://books.google.co.uk/books?id=\_SDvAAAAMAAJ},
  year={1980},
  publisher={Springer-Verlag}
}

@article{maadooliat2015integrating,
  title={Integrating data transformation in principal components analysis},
  author={Maadooliat, Mehdi and Huang, Jianhua Z and Hu, Jianhua},
  journal={Journal of Computational and Graphical Statistics},
  volume={24},
  number={1},
  pages={84--103},
  year={2015},
  publisher={Taylor \& Francis}
}

@Article{shen2005analysis,
  author    = {Shen, Haipeng and Huang, Jianhua Z},
  title     = {{Analysis of call centre arrival data using singular value decomposition}},
  journal   = {Applied Stochastic Models in Business and Industry},
  year      = {2005},
  volume    = {21},
  number    = {3},
  pages     = {251--263},
  publisher = {Wiley Online Library}
}

@Article{huang2008functional,
  author    = {Huang, Jianhua Z and Shen, Haipeng and Buja, Andreas and others},
  title     = {Functional principal components analysis via penalized rank one approximation},
  journal   = {Electronic Journal of Statistics},
  year      = {2008},
  volume    = {2},
  pages     = {678--695},
  publisher = {The Institute of Mathematical Statistics and the Bernoulli Society}
}

@Book{plotlypackage,
    author = {Carson Sievert},
    title = {Interactive Web-Based Data Visualization with R, plotly, and shiny},
    publisher = {Chapman and Hall/CRC},
    year = {2020},
    isbn = {9781138331457},
    url = {https://plotly-r.com},
  }

@Book{ggplot2package,
    author = {Hadley Wickham},
    title = {ggplot2: Elegant Graphics for Data Analysis},
    publisher = {Springer-Verlag New York},
    year = {2016},
    isbn = {978-3-319-24277-4},
    url = {https://ggplot2.tidyverse.org},
  }

@Article{Tuck2014,
  author   = {Tuck, Sean L. and Phillips, Helen R.P. and Hintzen, Rogier E. and Scharlemann, Jörn P.W. and Purvis, Andy and Hudson, Lawrence N.},
  title    = {{MODISTools -- downloading and processing MODIS remotely sensed data in R}},
  journal  = {Ecology and Evolution},
  year     = {2014},
  volume   = {4},
  number   = {24},
  pages    = {4658-4668},
  doi      = {10.1002/ece3.1273},
  eprint   = {https://onlinelibrary.wiley.com/doi/pdf/10.1002/ece3.1273},
  keywords = {Conservation biology, earth observation, global change, land processes, macroecology, PREDICTS, remote-sensing, satellite imagery},
  url      = {https://onlinelibrary.wiley.com/doi/abs/10.1002/ece3.1273},
}

@Article{Lambin1999,
  author    = {Lambin, Eric F},
  title     = {{Monitoring forest degradation in tropical regions by remote sensing: Some methodological issues}},
  journal   = {Global Ecology and Biogeography},
  year      = {1999},
  volume    = {8},
  number    = {3-4},
  pages     = {191--198},
  publisher = {Wiley Online Library},
}


@misc{ornl2018,
 author = {{ORNL DAAC}},
 year = {{2018}},
 title = {{Fixed Sites Subsetting and Visualization Tool}},
 publisher = {{ORNL DAAC, Oak Ridge, Tennessee, USA}},
 note = {{Accessed December 12, 2021. Subset obtained for MOD13Q1 product at site id 'id\_jambi\_jambi'}}},
 doi = {{https://doi.org/10.3334/ORNLDAAC/1567}},
}

 @misc{didan2015,
 author = {{K. Didan}},
 year = {{2015}},
 title = {{MOD13Q1 MODIS/Terra Vegation Indices 16-Day L3 Global 250m SIN Grid V006}},
 publisher ={{NASA EOSDIS Land Processes DAAC}},
 doi = {{https://doi.org/10.5067/MODIS/MOD13Q1.006}},
}
 

@incollection{trinka2022multivariate,
	title={Multivariate Functional Singular Spectrum Analysis: A Nonparametric Approach for Analyzing Multivariate Functional Time Series},
	author={Trinka, Jordan and Haghbin, Hossein and Maadooliat, Mehdi},
	booktitle={Innovations in Multivariate Statistical Modeling: Navigating Theoretical and Multidisciplinary Domains},
	pages={187--221},
	year={2022},
	publisher={Springer}
}


@article{trinka2020functional,
	title={Functional time series forecasting: Functional singular spectrum analysis 
	approaches},
	author={Trinka, Jordan and Haghbin, Hossein and Maadooliat, Mehdi},
	journal={arXiv preprint arXiv:2011.13077},
	year={2020}
}
