@Manual{2016-76-R,
  title = {{R}: A Language and Environment for Statistical Computing},
  author = {{R Core Team}},
  organization = {R Foundation for Statistical Computing},
  address = {Vienna, Austria},
  year = {2012},
  note = {{ISBN} 3-900051-07-0},
  url = {http://www.R-project.org/},
}

@Book{garcia2015,
  title = {Data Preprocessing in Data Mining},
  author = {Salvador Garc{\'\i}a and Juli{\'a}n Luengo and Francisco Herrera},
  year = {2015},
  publisher = {Springer-Verlag},
  url = {https://doi.org/10.1007/978-3-319-10247-4}
}

@Article{KEEL,
  title = {Keel Data-Mining Software Tool: Data Set Repository, Integration of Algorithms and Experimental Analysis Framework},
  author = {J Alcal{\'a} and A Fern{\'a}ndez and J Luengo and J Derrac and S Garc{\'\i}a and L S{\'a}nchez and F Herrera},
  journal = {Journal of Multiple-Valued Logic and Soft Computing},
  volume = {17},
  number = {2-3},
  pages = {255--287},
  year = {2010}
}

@Article{MICE,
  title = {{mice}: Multivariate Imputation by Chained Equations in R},
  author = {Stef {van Buuren} and Karin Groothuis-Oudshoorn},
  journal = {Journal of Statistical Software},
  year = {2011},
  volume = {45},
  number = {3},
  pages = {1--67},
  url = {https://doi.org/10.18637/jss.v045.i03}
}

@Article{Amelia,
  title = {{Amelia II}: A Program for Missing Data},
  author = {James Honaker and Gary King and Matthew Blackwell},
  journal = {Journal of Statistical Software},
  year = {2011},
  volume = {45},
  number = {7},
  pages = {1--47},
  url = {https://doi.org/10.18637/jss.v045.i07}
}

@Article{caret,
  title = {Building Predictive Models in {R} Using the caret Package},
  author = {Max Kuhn},
  journal = {Journal of Statistical Software},
  volume = {28},
  number = {5},
  year = {2008},
  url = {https://doi.org/10.18637/jss.v028.i05}  
}

@Manual{FSelector,
  title = {{FSelector}: Selecting Attributes},
  author = {Piotr Romanski and Lars Kotthoff},
  year = {2014},
  note = {R package version 0.20},
  url = {https://CRAN.R-project.org/package=FSelector},
}

@Manual{mvoutlier,
  title = {Mvoutlier: Multivariate Outlier Detection Based on Robust Methods},
  author = {Peter Filzmoser and Moritz Gschwandtner},
  year = {2015},
  note = {R package version 2.0.6},
  url = {https://CRAN.R-project.org/package=mvoutlier},
}

@Manual{unbalanced,
  title = {Unbalanced: Racing for Unbalanced Methods Selection},
  author = {Andrea Dal Pozzolo and Olivier Caelen and Gianluca Bontempi},
  year = {2015},
  note = {R package version 2.0},
  url = {https://CRAN.R-project.org/package=unbalanced},
}

@Article{ENN,
  title = {Asymptotic Properties of Nearest Neighbor Rules Using Edited Data},
  author = {Dennis L Wilson},
  journal = {IEEE Transactions on Systems, Man, and Cybernetics},
  volume = {2},
  number = {3},
  pages = {408--421},
  year = {1972},
  url = {https://doi.org/10.1109/TSMC.1972.4309137}
}

@Article{tomekLinks,
  title = {Two Modifications of {CNN}},
  author = {Ivan Tomek},
  journal = {IEEE Trans. Systems, Man and Cybernetics},
  volume = {6},
  pages = {769--772},
  year = {1976},
  url = {https://doi.org/10.1109/TSMC.1976.4309452}  
}

@Article{frenay,
  title = {Classification in the Presence of Label Noise: a Survey},
  author = {Beno{\^\i}t Fr{\'e}nay and Michel Verleysen},
  journal = {IEEE transactions on neural networks and learning systems},
  volume = {25},
  number = {5},
  pages = {845--869},
  year = {2014},
  url = {https://doi.org/10.1109/TNNLS.2013.2292894}  
}

@Article{wuNoise,
  title = {Mining with Noise Knowledge: Error-Aware Data Mining},
  author = {Xindong Wu and Xingquan Zhu},
  journal = {IEEE Transactions on Systems, Man, and Cybernetics-Part A: Systems and Humans},
  volume = {38},
  number = {4},
  pages = {917--932},
  year = {2008},
  url = {https://doi.org/10.1109/TSMCA.2008.923034}
}

@Article{attrVSlabel,
  title = {Class Noise vs. Attribute Noise: A Quantitative Study},
  author = {Xingquan Zhu and Xindong Wu},
  journal = {Artificial Intelligence Review},
  volume = {22},
  number = {3},
  pages = {177--210},
  year = {2004},
  publisher = {Springer-Verlag},
  url = {https://doi.org/10.1007/s10462-004-0751-8}
}

@Book{quinlanC45,
  title = {{C4.5}: Programs for Machine Learning},
  author = {J Ross Quinlan},
  year = {1993},
  publisher = {Morgan Kaufmann}
}

@Article{IPF,
  title = {Improving Software Quality Prediction by Noise Filtering Techniques},
  author = {Taghi M Khoshgoftaar and Pierre Rebours},
  journal = {Journal of Computer Science and Technology},
  volume = {22},
  number = {3},
  pages = {387--396},
  year = {2007},
  publisher = {Springer-Verlag},
  url = {https://doi.org/10.1007/s11390-007-9054-2}  
}

@Article{RWeka,
  title = {Open-Source Machine Learning: {R} Meets {Weka}},
  author = {Kurt Hornik and Christian Buchta and Achim Zeileis},
  journal = {Computational Statistics},
  volume = {24},
  number = {2},
  pages = {225--232},
  year = {2009},
  url = {https://doi.org/10.1007/s00180-008-0119-7}  
}

@Book{Weka,
  title = {Data Mining: Practical Machine Learning Tools and Techniques},
  author = {Ian H Witten and Eibe Frank},
  year = {2005},
  publisher = {Morgan Kaufmann},
}

@InProceedings{bettRem,
  title = {Use of Classification Algorithms in Noise Detection and Elimination},
  author = {Andr{\'e} LB Miranda and Lu{\'\i}s Paulo F Garcia and Andr{\'e} CPLF Carvalho and Ana C Lorena},
  booktitle = {International Conference on Hybrid Artificial Intelligence Systems},
  pages = {417--424},
  year = {2009},
  organization = {Springer},
  url = {https://doi.org/10.1007/978-3-642-02319-4_50}  
}

@InProceedings{bettRep,
  title = {Dealing with Data Corruption in Remote Sensing},
  author = {Choh Man Teng},
  booktitle = {International Symposium on Intelligent Data Analysis},
  pages = {452--463},
  year = {2005},
  organization = {Springer},
  url = {https://doi.org/10.1007/11552253_41}  
}

@Article{garcia2016,
  title = {Tutorial on Practical Tips of the Most Influential Data Preprocessing Algorithms in Data Mining},
  author = {Salvador Garc{\'\i}a and Juli{\'a}n Luengo and Francisco Herrera},
  journal = {Knowledge-Based Systems},
  volume = {98},
  pages = {1--29},
  year = {2016},
  publisher = {Elsevier},
  url = {https://doi.org/10.1016/j.knosys.2015.12.006}    
}

@Article{INFFC,
  title = {{INFFC}: An Iterative Class Noise Filter Based on the Fusion of Classifiers with Noise Sensitivity Control},
  author = {Jos{\'e} A S{\'a}ez and Mikel Galar and Juli{\'a}n Luengo and Francisco Herrera},
  journal = {Information Fusion},
  volume = {27},
  pages = {19--32},
  year = {2016},
  publisher = {Elsevier},
  url = {https://doi.org/10.1016/j.inffus.2015.04.002}    
}

@Article{OVO,
  title = {Using the {One-vs-One} Decomposition to Improve the Performance of Class Noise Filters via an Aggregation Strategy in Multi-Class Classification Problems},
  author = {Lu{\'\i}s PF Garcia and Jos{\'e} A S{\'a}ez and Juli{\'a}n Luengo and Ana C Lorena and Andr{\'e} CPLF {de Carvalho} and Francisco Herrera},
  journal = {Knowledge-Based Systems},
  volume = {90},
  pages = {153--164},
  year = {2015},
  publisher = {Elsevier},
  url = {https://doi.org/10.1016/j.knosys.2015.09.023}    
}

@Article{Zhong04AnalyzingSoftware,
  author = {Shi Zhong and Taghi M. Khoshgoftaar and Naeem Seliya},
  title = {{Analyzing Software Measurement Data with Clustering Techniques}},
  journal = {IEEE Intelligent Systems},
  volume = {19},
  number = {2},
  year = {2004},
  pages = {20--27},
  url = {https://doi.org/10.1109/MIS.2004.1274907}      
}

@Book{Wu96KnowledgeAcquisition,
  author = {Xindong Wu},
  title = {Knowledge Acquisition from Databases},
  year = {1996},
  publisher = {Ablex Publishing Corp.},
  address = {Norwood, NJ, USA},
}

@Article{Hernandez98RealWorld,
  author = {Mauricio A. Hern\'{a}ndez and Salvatore J. Stolfo},
  title = {{Real-World Data Is Dirty: Data Cleansing and The Merge/Purge Problem}},
  journal = {Data Mining and Knowledge Discovery},
  year = {1998},
  volume = {2},
  pages = {9--37},
  url = {https://doi.org/10.1023/A:1009761603038}      
}

@InProceedings{Teng99CorrectingNoisy,
  author = {Choh-Man Teng},
  title = {{Correcting Noisy Data}},
  booktitle = {Proceedings of the Sixteenth International Conference on Machine Learning},
  year = {1999},
  pages = {239--248},
  publisher = {Morgan Kaufmann Publishers},
  address = {San Francisco, CA, USA}
}

@Article{2014-KAIS-Saez,
  author = {J. A. S\'{a}ez and M. Galar and J. Luengo and F. Herrera},
  title = {{Analyzing the Presence of Noise in Multi-Class Problems: Alleviating Its Influence with the {One-vs-One} Decomposition}},
  journal = {Knowledge and Information Systems},
  volume = {38},
  number = {1},
  pages = {179--206},
  year = {2014},
  url = {https://doi.org/10.1007/s10115-012-0570-1}        
}

@Article{Wang95AFramework,
  author = {Richard Y. Wang and Veda C. Storey and Christopher P. Firth},
  title = {{A Framework for Analysis of Data Quality Research}},
  journal = {IEEE Transactions on Knowledge and Data Engineering},
  volume = {7},
  number = {4},
  year = {1995},
  pages = {623--640},
  url = {https://doi.org/10.1109/69.404034}          
}

@InProceedings{lawrence2001,
  title = {Estimating a Kernel {F}isher Discriminant in the Presence of Label Noise},
  author = {Neil D Lawrence and Bernhard Sch{\"o}lkopf},
  booktitle = {Proceedings of the Eighteenth International Conference on Machine Learning},
  series = {ICML '01},
  pages = {306--313},
  year = {2001} 
}

@Article{Bouveyron2009,
  author = {Charles Bouveyron and St√©phane Girard},
  title = {Robust Supervised Classification with Mixture Models: Learning from Data with Uncertain Labels},
  journal = {Pattern Recognition},
  volume = {42},
  number = {11},
  pages = {2649--2658},
  year = {2009},
  url = {https://doi.org/10.1016/j.patcog.2009.03.027}       
}

@Article{Li2007,
  author = {Yunlei Li and Lodewyk F. A. Wessels and Dick {de Ridder} and Marcel J. T. Reinders},
  title = {Classification in the Presence of Class Noise Using a Probabilistic Kernel {F}isher Method},
  journal = {Pattern Recognition},
  volume = {40},
  number = {12},
  pages = {3349--3357},
  year = {2007},
  url = {https://doi.org/10.1016/j.patcog.2007.05.006}  
}

@Article{Miao2016,
  author = {Q. Miao and Y. Cao and G. Xia and M. Gong and J. Liu and J. Song},
  journal = {IEEE Transactions on Neural Networks and Learning Systems},
  title = {{RBoost}: Label Noise-Robust Boosting Algorithm Based on a Nonconvex Loss Function and the Numerically Stable Base Learners},
  year = {2016},
  volume = {27},
  number = {11},
  pages = {2216--2228},
  url = {https://doi.org/10.1109/TNNLS.2015.2475750}  
}

@Article{brodley1999identifying,
  title = {Identifying Mislabeled Training Data},
  author = {Carla E. Brodley and Mark A. Friedl},
  journal = {Journal of Artificial Intelligence Research},
  volume = {11},
  pages = {131--167},
  year = {1999},
  url = {https://doi.org/10.1613/jair.606}
}

@Article{KNIME,
  author = {Michael R. Berthold and Nicolas Cebron and Fabian Dill and Thomas R. Gabriel and Tobias K\"{o}tter and Thorsten Meinl and Peter Ohl and Kilian Thiel and Bernd Wiswedel},
  title = {{KNIME} - The {K}onstanz Information Miner: Version 2.0 and Beyond},
  journal = {SIGKDD Explorations Newsletter},
  volume = {11},
  number = {1},
  year = {2009},
  pages = {26--31},
  url = {https://doi.org/10.1145/1656274.1656280}
}

@Book{RapidMiner,
  author = {Markus Hofmann and Ralf Klinkenberg},
  title = {{RapidMiner}: Data Mining Use Cases and Business Analytics Applications},
  year = {2013},
  isbn = {1482205491, 9781482205497},
  publisher = {Chapman \& Hall/CRC}
}
