@inproceedings{rekkas2008,
    author = {Christos Rekkas and Melvyn Rees},
    title = {{Towards ADS-B implementation in Europe}},
    booktitle={2008 Tyrrhenian International Workshop on Digital Communications - Enhanced Surveillance of Aircraft and Vehicles}, 
    year = {2008},
    pages = {1-4},
    url = {https://doi.org/10.1109/TIWDC.2008.4649019}
}

@inproceedings{kaune2012,
  author={Regina Kaune and Christian Steffes and Sven Rau and Wolfgang Konle and Jürgen Pagel},
  title = {{Wide area multilateration using ADS-B transponder signals}}, 
  booktitle = {2012 15th International Conference on Information Fusion}, 
  year = {2012},
  pages = {727-734},
  url = {https://ieeexplore.ieee.org/document/6289874}
}

@inproceedings{schafer2014,
  author={Matthias Schäfer and Martin Strohmeier and Vincent Lenders and Ivan Martinovic and Matthias Wilhelm},
  title = {{Bringing up OpenSky: A large-scale ADS-B sensor network for research}}, 
  booktitle = {IPSN-14 Proceedings of the 13th International Symposium on Information Processing in Sensor Networks}, 
  year = {2014},
  pages = {83-94},
  url = {https://doi.org/10.1109/IPSN.2014.6846743}
}

@manual{impala2020,
  author = {{Apache Software Foundation}},
  title = {{Apache Impala Guide}}, 
  year = {2020},
  url = {http://impala.apache.org/docs/build/impala-3.4.pdf}
}

@manual{dbscan2019,
  author = {Michael Hahsler and Matthew Piekenbrock},
  title = {{dbscan: Density Based Clustering of Applications with Noise (DBSCAN) and Related Algorithms}},
  year = {2019},
  note = {R package version 1.1-5},
  url = {https://CRAN.R-project.org/package=dbscan},
}

@manual{cluster2019,
  author = {Martin Maechler and Peter Rousseeuw and Anja Struyf and Mia Hubert},
  title = {{cluster: "Finding Groups in Data": Cluster Analysis Extended}},
  year = {2019},
  note = {R package version 2.1.0},
  url = {https://CRAN.R-project.org/package=cluster},
}

@manual{ggmap2019,
  author = {David Kahle and Hadley Wickham and Scott Jackson},
  title = {{ggmap: Spatial Visualization with ggplot2}},
  year = {2019},
  note = {R package version 3.0.0},
  url = {https://CRAN.R-project.org/package=ggmap},
}

@inproceedings{traffic2019,
  author    = {Xavier Olive and Luis Basora},
  title     = {{A Python Toolbox for Processing Air Traffic Data: A Use Case with Trajectory Clustering}},
  booktitle = {Proceedings of the 7th OpenSky Workshop 2019},
  pages     = {73--84},
  year      = {2019},
  url       = {https://doi.org/10.29007/sf1f},
}
@misc{schafer2020,
    author = {Matthias Schäfer and Martin Strohmeier and Mauro Leonardi and Vincent Lenders},
    title = {{LocaRDS: A Localization Reference Data Set}},
    year = {2020},
    note = {\emph{arXiv} preprint arXiv:2012.00116},
    url = {https://arxiv.org/abs/2012.00116}
}
