@Article{Kolditz2012,
  author = {O. Kolditz and S. Bauer and L. Bilke and N. B{\"{o}}ttcher and J. O. Delfs and T. Fischer and U. J. G{\"{o}}rke and T. Kalbacher and G. Kosakowski and C. I. McDermott and C. H. Park and F. Radu and K. Rink and H. Shao and H. B. Shao and F. Sun and Y. Y. Sun and A. K. Singh and J. Taron and M. Walther and W. Wang and N. Watanabe and Y. Wu and M. Xie and W. Xu and B. Zehner},
  file = {:Users/heathersavoy/Documents/Mendeley Desktop/Kolditz et al. - 2012.pdf:pdf},
  issn = {1866-6280},
  journal = {Environmental Earth Sciences},
  mendeley-tags = {software},
  number = {2},
  pages = {589--599},
  title = {{OpenGeoSys}: An Open-Source Initiative for Numerical Simulation of {T}hermo-{H}ydro-{M}echanical/{}Chemical ({THM/C}) Processes in Porous Media},
  volume = {67},
  year = {2012},
  url = {https://doi.org/10.1007/s12665-012-1546-x},
}

@TechReport{Harbaugh1996,
  author = {W Harbaugh and Michael G Mcdonald},
  file = {:Users/heathersavoy/Documents/Mendeley Desktop/Harbaugh, Mcdonald - 1996.pdf:pdf},
  institution = {U.S. Geological Survey},
  title = {User's Documentation for {MODFLOW}-96 , an Update to the {U}.{S}. {G}eological {S}urvey Modular Finite-Difference Ground-Water Flow Model, {O}pen {F}ile {R}eport 96-485},
  year = {1996},
}

@Article{Carrera2005,
  author = {Jes??s Carrera and Andr??s Alcolea and Agust??n Medina and Juan Hidalgo and Luit J. Slooten},
  file = {:Users/heathersavoy/Documents/Mendeley Desktop/Carrera et al. - 2005.pdf:pdf},
  isbn = {1431-2174},
  issn = {14312174},
  journal = {Hydrogeology Journal},
  number = {1},
  pages = {206--222},
  title = {Inverse Problem in Hydrogeology},
  volume = {13},
  year = {2005},
  url = {https://doi.org/10.1007/s10040-004-0404-7},
}

@Article{Chen2012,
  author = {Xingyuan Chen and Haruko Murakami and Melanie S. Hahn and Glenn E. Hammond and Mark L. Rockhold and John M. Zachara and Yoram Rubin},
  file = {:Users/heathersavoy/Documents/Mendeley Desktop/Chen et al. - 2012.pdf:pdf},
  issn = {0043-1397},
  journal = {Water Resources Research},
  mendeley-tags = {MAD},
  number = {6},
  pages = {W06501},
  title = {Three-Dimensional {B}ayesian Geostatistical Aquifer Characterization at the {H}anford 300 {A}rea Using Tracer Test Data},
  volume = {48},
  year = {2012},
  url = {https://doi.org/10.1029/2011wr010675},
}

@Article{Hesse2015,
  author = {Falk He{\ss}e and Heather Savoy and Carlos A. Osorio-Murillo and Jon Sege and Sabine Attinger and Yoram Rubin},
  file = {:Users/heathersavoy/Documents/Mendeley Desktop/He{\ss}e et al. - 2015.pdf:pdf},
  issn = {00221694},
  journal = {Journal of Hydrology},
  pages = {73--87},
  title = {Characterizing the Impact of Roughness and Connectivity Features of Aquifer Conductivity Using {B}ayesian Inversion},
  volume = {531},
  year = {2015},
  url = {https://doi.org/10.1016/j.jhydrol.2015.09.067},
}

@Book{Hohn1999,
  title = {Geostatistics and Petroleum Geology (2nd Ed.)},
  author = {M. Hohn},
  year = {1962},
  publisher = {Kluwer},
}

@Article{Murakami2010,
  author = {H Murakami and X Chen and M S Hahn and Y Liu and M L Rockhold and V R Vermeul and J M Zachara and Y Rubin},
  isbn = {1419892010},
  issn = {1607-7938},
  journal = {Hydrology and Earth System Sciences},
  mendeley-tags = {MAD},
  number = {10},
  pages = {1989--2001},
  title = {{B}ayesian Approach for Three-Dimensional Aquifer Characterization at the {H}anford 300 {A}rea},
  volume = {14},
  year = {2010},
  url = {https://doi.org/10.5194/hess-14-1989-2010},
}

@Article{osorio-murillo2015,
  author = {Carlos a. Osorio-Murillo and Matthew W. Over and Heather Savoy and Daniel P. Ames and Yoram Rubin},
  file = {:Users/heathersavoy/Documents/Mendeley Desktop/Osorio-Murillo et al. - 2015.pdf:pdf},
  issn = {13648152},
  journal = {Environmental Modelling {\&} Software},
  mendeley-groups = {MAD},
  mendeley-tags = {MAD{\#}},
  pages = {98--109},
  publisher = {Elsevier Ltd},
  title = {Software Framework for Inverse Modeling and Uncertainty Characterization},
  volume = {66},
  year = {2015},
  url = {https://doi.org/10.1016/j.envsoft.2015.01.002},
}

@Article{Over2015,
  author = {Matthew William Over and Ute Wollschlaeger and Carlos a. Osorio-Murillo and {Rubin}},
  file = {:Users/heathersavoy/Documents/Mendeley Desktop/Over et al. - 2015.pdf:pdf},
  journal = {Water Resources Research},
  number = {2},
  pages = {861--884},
  title = {Bayesian Inversion of {M}ualem-{V}an {G}enuchten Parameters in a Multilayer Soil Profile: A Data-Driven Assumption-Free Likelihood Function},
  volume = {51},
  year = {2015},
  url = {https://doi.org/10.1002/2013wr014956.received},
}

@Article{rubin2010,
  author = {Yoram Rubin and Xingyuan Chen and Haruko Murakami and Melanie Hahn},
  file = {:Users/heathersavoy/Documents/Mendeley Desktop/Rubin et al. - 2010.pdf:pdf},
  isbn = {0043-1397},
  issn = {00431397},
  journal = {Water Resources Research},
  mendeley-groups = {Herten},
  mendeley-tags = {MAD},
  number = {October 2009},
  pages = {1--23},
  title = {A {B}ayesian Approach for Inverse Modeling, Data Assimilation, and Conditional Simulation of Spatial Random Fields},
  volume = {46},
  year = {2010},
  url = {https://doi.org/10.1029/2009wr008799},
}

@Article{Yang2012,
  author = {Yarong Yang and Matthew Over and Yoram Rubin},
  issn = {00431397},
  journal = {Water Resources Research},
  mendeley-tags = {MAD},
  number = {8},
  pages = {W08519},
  title = {Strategic Placement of Localization Devices (Such as Pilot Points and Anchors) in Inverse Modeling Schemes},
  volume = {48},
  year = {2012},
  url = {https://doi.org/10.1029/2012wr011864},
}

@Manual{devtools,
  title = {{devtools}: Tools to Make Developing R Packages Easier},
  author = {Hadley Wickham and Winston Chang},
  year = {2016},
  note = {R package version 1.11.1},
  url = {https://CRAN.R-project.org/package=devtools},
}

@Manual{dplyr,
  title = {{dplyr}: A Grammar of Data Manipulation},
  author = {Hadley Wickham and Romain Francois},
  year = {2016},
  note = {R package version 0.5.0},
  url = {https://CRAN.R-project.org/package=dplyr},
}

@Book{ggplot2,
  author = {Hadley Wickham},
  title = {{ggplot2}: Elegant Graphics for Data Analysis},
  publisher = {Springer-Verlag},
  year = {2009},
  isbn = {978-0-387-98140-6},
  url = {http://ggplot2.org},
}

@Article{gstat,
  title = {Multivariable Geostatistics in {S}: The {gstat} Package},
  author = {Edzer J. Pebesma},
  journal = {Computers {\&} Geosciences},
  year = {2004},
  volume = {30},
  pages = {683-691},
}

@Article{np,
  title = {Nonparametric Econometrics: The {np} Package},
  author = {Tristen Hayfield and Jeffrey S. Racine},
  journal = {Journal of Statistical Software},
  year = {2008},
  volume = {27},
  number = {5},
  url = {http://www.jstatsoft.org/v27/i05/},
}

@Article{plyr,
  title = {The Split-Apply-Combine Strategy for Data Analysis},
  author = {Hadley Wickham},
  journal = {Journal of Statistical Software},
  year = {2011},
  volume = {40},
  number = {1},
  pages = {1--29},
  url = {http://www.jstatsoft.org/v40/i01/},
}

@Manual{RSQlite,
  title = {{RSQLite}: {SQL}ite Interface for {R}},
  author = {Hadley Wickham and David A. James and Seth Falcon},
  year = {2014},
  note = {R package version 1.0.0},
  url = {https://CRAN.R-project.org/package=RSQLite},
}

@Manual{stats,
  title = {{R}: A Language and Environment for Statistical Computing},
  author = {{R Core Team}},
  organization = {R Foundation for Statistical Computing},
  address = {Vienna, Austria},
  year = {2016},
  url = {https://www.R-project.org/},
}

@Article{Krige1951,
  title = {A Statistical Approach to Some Basic Mine Valuation Problems on the {W}itwatersrand},
  author = {Daniel G. Krige},
  journal = {Journal of the Chemical, Metallurgical and Mining Society of South Africa},
  year = {1951},
  number = {6},
  pages = {119--139},
  volume = {52},
  citeulike-article-id = {3070804},
  citeulike-linkout-0 = {http://dx.doi.org/10.2307/3006914},
  citeulike-linkout-1 = {http://www.jstor.org/stable/3006914},
  posted-at = {2008-08-01 10:34:43},
  publisher = {Operational Research Society},
  url = {https://doi.org/10.2307/3006914},
}

@Book{Matheron1962,
  title = {{Trait{\'e} De G{\'e}ostatistique Appliqu{\'e}e}},
  author = {G. Matheron},
  publisher = {Editions Technip},
  year = {1962},
  address = {Paris},
  volume = {14},
  organization = {Editions Technip},
  pages = {NA},
}

@Book{Kitanidis2008,
  title = {Introduction to Geostatistics: Applications in Hydrogeology},
  author = {Peter Kitanidis},
  publisher = {Cambridge University Press},
  year = {2008},
  file = {:Books/Introduction to Geostatistics/Kitanidis_1997.pdf:PDF},
}

@Article{Goovaerts1999,
  title = {Geostatistics in Soil Science: State-of-the-Art and Perspectives},
  author = {P. Goovaerts},
  journal = {Geoderma},
  year = {1999},
  number = {1â€“2},
  pages = {1 - 45},
  volume = {89},
  issn = {0016-7061},
  url = {https://doi.org/10.1016/s0016-7061(98)00078-0},
}

@Article{spBayes,
  archiveprefix = {arXiv},
  arxivid = {arXiv:1310.8192v1},
  author = {Andrew O. Finley and Sudipto Banerjee and Alan E. Gelfand},
  eprint = {arXiv:1310.8192v1},
  file = {:Users/heathersavoy/Documents/Mendeley Desktop/Finley, Banerjee, Gelfand - 2015.pdf:pdf},
  isbn = {9781420065213},
  issn = {1548-7660},
  journal = {Journal of Statistical Software},
  number = {13},
  pages = {1--28},
  title = {{spBayes} for Large Univariate and Multivariate Point-Referenced Spatio-Temporal Data Models},
  url = {http://www.jstatsoft.org/v63/i13},
  volume = {63},
  year = {2015},
}

@Article{spTimer,
  author = {Khandoker Shuvo Bakar and Sujit K Sahu},
  file = {:Users/heathersavoy/Documents/Mendeley Desktop/Bakar, Sahu - 2015.pdf:pdf},
  isbn = {9781420065213},
  issn = {1548-7660},
  journal = {Journal of Statistical Software},
  number = {15},
  pages = {32},
  title = {{spTimer}: Spatio-Temporal {B}ayesian Modeling Using {R}},
  volume = {63},
  year = {2015},
}

@Article{r-inla,
  archiveprefix = {arXiv},
  arxivid = {arXiv:1501.0228},
  author = {Finn Lindgren and H\aa Rue},
  eprint = {arXiv:1501.0228},
  file = {:Users/heathersavoy/Documents/Mendeley Desktop/Lindgren, Rue - 2015.pdf:pdf},
  isbn = {9781439811870},
  issn = {1548-7660},
  journal = {Journal of Statistical Software},
  number = {19},
  pages = {1--25},
  pmid = {18291371},
  title = {{B}ayesian Spatial Modelling with {R-INLA}},
  volume = {63},
  year = {2015},
  url = {https://doi.org/10.18637/jss.v063.i19},
}
