@Article{news:Murdoch+Urbanek:2009,
  author       = {Duncan Murdoch and Simon Urbanek},
  title	       = {The New {R} Help System},
  journal      = {The R Journal},
  year	       = 2009,
  volume       = 1,
  number       = 2,
  pages	       = {60--65},
}
@Article{Rnews:Zeileis:2005,
  author       = {Achim Zeileis},
  title        = {{CRAN} Task Views},
  journal      = {R News},
  year         = 2005,
  volume       = 5,
  number       = 1,
  pages        = {39--40},
  month        = {May},
  url          = http,
  pdf          = Rnews2005-1
}







