@Article{Gastwirth1971,
  title = {{A General Definition of the Lorenz Curve}},
  author = {Joseph L Gastwirth},
  year = {1971},
  journal = {Econometrica},
  volume = {39},
  number = {6},
  pages = {1037--1039},
  url = {https://EconPapers.repec.org/RePEc:ecm:emetrp:v:39:y:1971:i:6:p:1037-39},
}

@Book{duclos2006poverty,
  title = {Poverty and Equity: Measurement, Policy and Estimation with DAD},
  author = {J. Y. Duclos and A. Araar},
  isbn = {9780387258935},
  lccn = {2006923024},
  series = {Economic Inequality and Poverty Series},
  url = {https://books.google.es/books?id=KOwnYw4qvW4C},
  year = {2006},
  publisher = {Springer-Verlag},
}

@Article{Bishop1989,
  title = {{Asymptotically Distribution-Free Statistical Inference for Generalized Lorenz Curves}},
  author = {John A Bishop and S Chakraborty and Paul D Thistle},
  journal = {The Review of Economics and Statistics},
  volume = {71},
  number = {4},
  pages = {725--727},
  year = {1989},
  url = {https://www.jstor.org/stable/1928121},
}

@Article{barrett2016consistent,
  title = {{Consistent Tests for Poverty Dominance Relations}},
  author = {Garry F Barrett and Stephen G Donald and Yu-Chin Hsu},
  journal = {Journal of Econometrics},
  volume = {191},
  number = {2},
  pages = {360--373},
  year = {2016},
  publisher = {Elsevier},
}

@Article{Alfons2013,
  title = {{Estimation of Social Exclusion Indicators from Complex Surveys: The R Package \pkg{laeken}}},
  author = {Andreas Alfons and Matthias Templ},
  journal = {Journal of Statistical Software},
  year = {2013},
  volume = {54},
  number = {15},
  pages = {1--25},
  url = {http://doi.org/10.2139/ssrn.2244876},
}

@Manual{Araar2005,
  author = {Abdelkrim Araar},
  title = {Clorenz: Stata Module to Estimate Lorenz and Concentration Curves},
  year = {2005},
  howpublished = {Statistical Software Components, Boston College Department of Economics},
  url = {https://ideas.repec.org/c/boc/bocode/s456515.html},
}

@Book{Arnold1987,
  title = {{Majorization and the Lorenz Order: A Brief Introduction}},
  author = {Barry Arnold},
  year = {1987},
  publisher = {Springer-Verlag},
}

@Article{Atkinson1970,
  title = {{On the Measurement of Inequality}},
  author = {Anthony Atkinson},
  year = {1970},
  journal = {Journal of Economic Theory},
  volume = {2},
  number = {3},
  pages = {244-263},
  url = {https://doi.org/10.1016/0022-0531(70)90039-6},
}

@Manual{Azevedo2006,
  author = {Joao Pedro Azevedo and Samuel Franco},
  title = {\pkg{alorenz}: Stata Module to Produce Pen's Parade, Lorenz and Generalised Lorenz Curve},
  year = {2006},
  howpublished = {Statistical Software Components, Boston College Department of Economics},
  url = {https://ideas.repec.org/c/boc/bocode/s456749.html},
}

@Article{Beach1983,
  author = {Charles M. Beach and Russell Davidson},
  journal = {The Review of Economic Studies},
  volume = {50},
  number = {4},
  pages = {723--735},
  title = {{Distribution-Free Statistical Inference with Lorenz Curves and Income Shares}},
  year = {1983},
  url = {https://doi.org/10.2307/2297772},
}

@Article{Beach1986,
  author = {Charles M. Beach and S. F. Kaliski},
  journal = {Journal of the Royal Statistical Society. Series C (Applied Statistics)},
  volume = {35},
  number = {1},
  pages = {38--45},
  title = {{Lorenz Curve Inference with Sample Weights: An Application to the Distribution of Unemployment Experience}},
  year = {1986},
}

@Manual{boot2016,
  title = {\pkg{boot}: Bootstrap R (S-Plus) Functions},
  author = {Angelo Canty and B. D. Ripley},
  year = {2016},
  note = {R package version 1.3-18},
}

@Article{Buhmann1988,
  title = {{Equivalence Scales, Well-Being, Inequality and Poverty: Sensitivity Estimates across Ten Countries Using the Luxembourg Income Study (LIS) Database}},
  author = {Brigitte Buhmann and Lee Rainwater and Guenther Schmaus and Timothy M. Smeeding},
  journal = {Review of Income and Wealth},
  volume = {34},
  number = {2},
  pages = {115--142},
  year = {1988},
  url = {https://doi.org/10.1111/j.1475-4991.1988.tb00564.x},
}

@Article{DeVos1997,
  title = {{Equivalence Scale Sensitivity of Poverty Statistics for the Member States of the European Community}},
  author = {Klaas {De Vos} and M Asghar Zaidi},
  year = {1997},
  journal = {Review of Income and Wealth},
  volume = {43},
  number = {3},
  pages = {319--33},
  url = {https://doi.org/10.1111/j.1475-4991.1997.tb00222.x},
}

@Manual{Eurostat2007,
  title = {Description of SILC User Database Variables: Cross-Sectional and Longitudinal},
  author = {{Eurostat}},
  organization = {{Unit F-3}: Living conditions and social protection statistics, {Directorate F}: Social Statistics and Information Society},
  address = {Eurostat, Luxembourg},
  year = {2007},
}

@Manual{Eurostat2010,
  title = {Algorithms to Compute Social Inclusion Indicators Based on EU-SILC and Adopted Under the Open Method of Coordination (OMC)},
  author = {{Eurostat}},
  organization = {Doc. LC-ILC\/39\/09\/EN-rev.1, {Unit F-3}: Living conditions and social protection, Directorate F: Social and Information Society Statistics},
  address = {Eurostat, Luxembourg},
  year = {2010},
}

@Article{FGT1984,
  author = {James Foster and Joel Greer and Erik Thorbecke},
  journal = {Econometrica},
  volume = {52},
  number = {3},
  pages = {761--766},
  title = {{A Class of Decomposable Poverty Measures}},
  year = {1984},
}

@Manual{Jann2016,
  author = {Ben Jann},
  title = {\pkg{lorenz}: Stata Module to Estimate and Display Lorenz Curves and Concentration Curves},
  year = {2016},
  howpublished = {Statistical Software Components, Boston College Department of Economics},
  url = {https://ideas.repec.org/c/boc/bocode/s458133.html},
}

@Article{Jenkins1994,
  title = {{Parametric Equivalence Scales and Scale Relativities}},
  author = {Stephen P Jenkins and Frank A Cowell},
  journal = {The Economic Journal},
  pages = {891--900},
  year = {1994},
  publisher = {JSTOR},
  url = {https://doi.org/10.2307/2234983},
}

@Article{Jenkins1997,
  title = {Three 'I's of Poverty Curves, with an Analysis of UK Poverty Trends},
  author = {Stephen P Jenkins and Peter J Lambert},
  year = {1997},
  journal = {Oxford Economic Papers},
  volume = {49},
  number = {3},
  pages = {317--27},
  url = {https://doi.org/10.1093/oxfordjournals.oep.a028611},
}

@Article{Jenkins1998a,
  title = {{Ranking Poverty Gap Distributions: Further TIPs for Poverty Analysis}},
  journal = {{Research on Economic Inequality: A Research Annual}},
  volume = {8},
  pages = {31--38},
  author = {Stephen P Jenkins and Peter J Lambert},
  publisher = {Emerald JAI},
  year = {1998},
}

@Article{Jenkins1998b,
  title = {{Three 'I's of Poverty Curves and Poverty Dominance: Tips for Poverty Analysis}},
  journal = {Research on Economic Inequality: A Research Annual},
  volume = {8},
  pages = {39--56},
  author = {Stephen P Jenkins and Peter J Lambert},
  year = {1998},
  url = {https://doi.org/10.1093/oxfordjournals.oep.a028611},
}

@Manual{Jenkins1999,
  author = {Stephen P. Jenkins},
  title = {\pkg{povdeco}: Stata Module to Calculate Poverty Indices with Decomposition by Subgroup},
  year = {1999},
  howpublished = {Statistical Software Components, Boston College Department of Economics},
  url = {https://ideas.repec.org/c/boc/bocode/s366004.html},
}

@Manual{Jenkins2004,
  author = {Stephen P. Jenkins and Philippe {Van Kerm}},
  title = {\pkg{glcurve}: Stata Module to Derive Generalised Lorenz Curve Ordinates},
  year = {2004},
  howpublished = {Statistical Software Components, Boston College Department of Economics},
  url = {https://ideas.repec.org/c/boc/bocode/s366302.html},
}

@Manual{Jenkins2006,
  author = {Stephen P. Jenkins},
  title = {\pkg{svylorenz}: Stata Module to Derive Distribution-Free Variance Estimates from Complex Survey Data},
  year = {2006},
  howpublished = {Statistical Software Components, Boston College Department of Economics},
  url = {https://ideas.repec.org/c/boc/bocode/s456602.html},
}

@TechReport{SPJ2006,
  author = {Stephen P. Jenkins},
  title = {Estimation and Interpretation of Measures of Inequality, Poverty, and Social Welfare Using Stata},
  year = {2006},
  institution = {Stata Users Group},
  type = {North American Stata Users' Group Meetings 2006},
  url = {https://ideas.repec.org/p/boc/asug06/16.html},
  number = {16},
}

@Article{Kerm2001,
  title = {{Generalized Lorenz Curves and Related Graphs: An Update for Stata 7}},
  author = {Philippe {Van Kerm} and Stephen P Jenkins},
  year = {2001},
  journal = {Stata Journal},
  volume = {1},
  number = {1},
  pages = {107--112},
  url = {http://EconPapers.repec.org/RePEc:tsj:stataj:v:1:y:2001:i:1:p:107-112},
}

@Article{Kodde_Palm1986,
  author = {David A Kodde and Franz Palm},
  journal = {Econometrica},
  volume = {54},
  number = {5},
  pages = {1243--48},
  title = {{Wald Criteria for Jointly Testing Equality and Inequality Restrictions}},
  year = {1986},
}

@Book{Longford2015,
  author = {Nicholas T. Longford},
  title = {Statistical Studies of Income, Poverty and Inequality in Europe Computing and Graphics in R Using EU-SILC},
  publisher = {Chapman \& Hall/CRC Press},
  year = {2015},
  series = {Statistics in the Social and Behavioral Sciences},
  isbn = {978-1-4665-6832-7},
}

@Article{ramos2000sufficient,
  title = {{A Sufficient Condition for Generalized Lorenz Order}},
  author = {Hector M Ramos and Jorge Ollero and Miguel A Sordo},
  journal = {Journal of Economic Theory},
  volume = {90},
  number = {2},
  pages = {286--292},
  year = {2000},
  publisher = {Elsevier},
  url = {https://doi.org/10.1006/jeth.1999.2606},
}

@Article{Shorrocks1983,
  author = {Anthony F. Shorrocks},
  journal = {Economica},
  volume = {50},
  pages = {3--17},
  title = {{Ranking Income Distributions}},
  year = {1983},
  url = {https://doi.org/10.2307/2554117},
}

@Article{Shorrocks1995,
  author = {Anthony F. Shorrocks},
  journal = {Econometrica},
  volume = {63},
  number = {5},
  pages = {1225--1230},
  title = {{Revisiting the Sen Poverty Index}},
  year = {1995},
  url = {https://doi.org/10.2307/2171728},
}

@InCollection{Shorrocks1998,
  author = {Anthony F. Shorrocks},
  title = {Deprivation Profiles and Deprivation Indices},
  booktitle = {{The Distribution of Welfare and Household Production: International Perspectives}},
  publisher = {Cambridge University Press},
  year = {1998},
  editor = {Stephen P. Jenkins and Arie Kapteyn and Bernard M. S. {van Praag}},
  chapter = {11},
  pages = {250--267},
  address = {Cambridge},
}

@Article{sordo2007poverty,
  title = {{Poverty Measures and Poverty Orderings}},
  author = {Miguel A Sordo and Héctor M Ramos and Carmen D Ramos},
  journal = {SORT-Statistics and Operations Research Transactions},
  volume = {31},
  number = {2},
  pages = {169--180},
  year = {2007},
  publisher = {Institut d'Estad{\'\i}stica de Catalunya},
}

@Article{SordoRamos2011,
  author = {Miguel Angel Sordo and Carmen Dolores Ramos},
  journal = {SORT-Statistics and Operations Research Transactions},
  volume = {35},
  pages = {65--80},
  title = {{Poverty Comparisons When TIP Curves Intersect}},
  year = {2011},
}

@Article{SordoRamos2014,
  author = {Miguel Angel Sordo and Carmen Dolores Ramos and Angel Berihuete},
  journal = {Statistics: Colecci\'on Actualidad},
  volume = {71},
  title = {{Bienestar, Desigualdad y Pobreza En Andaluc\'i{}a: Un Estudio Comparativo Con El Resto De Espa\~na a Partir De Las Encuestas De Condiciones De Vida 2006 y 2012}},
  year = {2014},
  issn = {1699-8294},
  publisher = {Ed. Fundación P\'ublica Andaluza Centro de Estudios Andaluces},
}

@Article{sordo2017,
  title = {{On a Property of Lorenz Curves with Monotone Elasticity and Its Application to the Study of Inequality by Using Tax Data}},
  author = {Miguel Angel Sordo and Angel Berihuete and Carmen Dolores Ramos and Hector Ramos},
  journal = {SORT-Statistics and Operations Research Transactions},
  volume = {41},
  year = {2017},
  publisher = {Institut d'Estad{\'\i}stica de Catalunya},
  url = {https://doi.org/10.2436/20.8080.02.50},
}

@Article{Templ2014,
  title = {{Development and Current Practice in Using R at Statistics Austria}},
  author = {Matthias Templ and Alexander Kowaric and Bernhard Meindl},
  journal = {Romanian Statistical Review},
  year = {2014},
  volume = {2},
  pages = {173--184},
}

@Article{Wolak1989,
  author = {Frank A. Wolak},
  journal = {Journal of Econometrics},
  volume = {41},
  number = {2},
  pages = {205--235},
  title = {{Testing Inequality Constraints in Linear Econometric Models}},
  year = {1989},
  url = {https://doi.org/10.1016/0304-4076(89)90094-8},
}

@Article{Xu1997,
  author = {Kuan Xu},
  journal = {Journal of Income Distribution},
  volume = {7},
  number = {1},
  pages = {45--62},
  title = {{Asymptotically Distribution-Free Statistical Test for Generalized Lorenz Curves: An Alternative Approach}},
  year = {1997},
  url = {https://doi.org/10.1016/S0926-6437(97)80004-2},
}

@Article{XuOsberg1998,
  author = {Kuan Xu and L. Osberg},
  journal = {Econometric Reviews},
  volume = {17},
  number = {4},
  pages = {415--429},
  title = {{A Distribution-Free Test for Deprivation Dominance}},
  year = {1998},
  url = {http://doi.org/10.1080/07474939808800425},
}

@Article{Zheng1997,
  author = {Buhong Zheng},
  journal = {Journal of Economic Surveys},
  volume = {11},
  number = {2},
  pages = {123--162},
  title = {{Aggregate Poverty Measures}},
  year = {1997},
  url = {https://doi.org/10.1111/1467-6419.00028},
}

@Manual{rtip,
  title = {\pkg{rtip}: Inequality, Welfare and Poverty Indices and Curves Using the EU-SILC Data},
  author = {Angel Berihuete and Carmen Dolores Ramos and Miguel Angel Sordo},
  year = {2016},
  note = {R package version 1.0.0},
  url = {https://CRAN.R-project.org/package=rtip},
}

@Manual{ic2,
  title = {\pkg{IC2}: Inequality and Concentration Indices and Curves},
  author = {Didier Plat},
  year = {2012},
  note = {R package version 1.0-1},
  url = {https://CRAN.R-project.org/package=IC2},
}

@Manual{ineq,
  title = {\pkg{ineq}: Measuring Inequality Concentration and Poverty},
  author = {Achim Zeileis},
  year = {2014},
  note = {R package version 0.2-13},
  url = {https://CRAN.R-project.org/package=ineq},
}
