  @Article{mldr2015Charte,
  	author = {Francisco Charte and David Charte},
  	title = {Working with Multilabel Datasets in {R}: The mldr
  	Package},
  	journal = {The R Journal},
  	year = {2015},
  	volume = {7},
  	number = {2},
  	pages = {149--162},
  	month = {dec},
  	url =
  	{http://journal.r-project.org/archive/2015-2/charte-charte.pdf},
  }
  
  @misc{ventura2016pattern,
  	title={Pattern Mining with Evolutionary Algorithms},
  	author={Ventura, Sebasti{\'a}n and Luna, Jos{\'e} Mar{\'\i}a},
  	year={2016},
  	publisher={Springer}
  }
  
  
 @article{Luengo2016Soco,
 	title={The Influence of Noise on the Evolutionary Fuzzy Systems for Subgroup Discovery},
 	author={Luengo, J. and Garc??a-Vico, A.M. and P??rez-Godoy, M. D. and Carmona, C.J. },
 	journal={Soft Computing},
 	pages={1--25},
 	year={(In Press)}
 }
 
 @inproceedings{kralj2005subgroup,
 	title={Subgroup visualization},
 	author={Kralj, Petra and Lavrac, Nada and Zupan, Blaz},
 	booktitle={8th International Multiconference Information Society (IS-05)},
 	pages={228--231},
 	year={2005}
 }

@article{hullermeier2005fuzzy,
	title={Fuzzy methods in machine learning and data mining: Status and prospects},
	author={H{\"u}llermeier, Eyke},
	journal={Fuzzy sets and Systems},
	volume={156},
	number={3},
	pages={387--406},
	year={2005},
	publisher={Elsevier}
}

@misc{eiben2003introduction,
	title={Introduction to evolutionary algorithms},
	author={Eiben, AE and Smith, JE},
	year={2003},
	publisher={Springer, Berlin}
}

@inproceedings{atzmueller2006sd,
	title={SD-Map--A fast algorithm for exhaustive subgroup discovery},
	author={Atzmueller, Martin and Puppe, Frank},
	booktitle={European Conference on Principles of Data Mining and Knowledge Discovery},
	pages={6--17},
	year={2006},
	organization={Springer}
}

@PHDTHESIS{beamSearch,
	author = {{Lowerre}, B.~T.},
	title = "{The Harpy speech recognition system}",
	keywords = {Knowledge, Speech Recognition, Dictionaries, Grammars, Heuristic Methods, Performance Tests},
	school = {Carnegie-Mellon Univ., Pittsburgh, PA.},
	year = 1976
}

@ARTICLE{Gamberger200327,
	author={Gamberger, D. and Lavra??, N. and Krsta??i??, G.},
	title={Active subgroup mining: A case study in coronary heart disease risk group detection},
	journal={Artificial Intelligence in Medicine},
	year={2003},
	volume={28},
	number={1},
	pages={27-57}
}

@ARTICLE{Stiglic2012348,
	author={Stiglic, G. and Kokol, P.},
	title={Discovering subgroups using descriptive models of adverse outcomes in medical care},
	journal={Methods of Information in Medicine},
	year={2012},
	volume={51},
	number={4},
	pages={348-352}
}

@CONFERENCE{Lemmerich2011129,
	author={Lemmerich, F. and Ifland, M. and Puppe, F.},
	title={Identifying and presenting influence factors on student drop-outs by subgroup discovery},
	booktitle={LWA 2011 - Technical Report of the Symposium "Lernen, Wissen, Adaptivitat - Learning, Knowledge, and Adaptivity 2011" of the GI Special Interest Groups KDML, IR and WM},
	year={2011},
	pages={129-132}
}

@ARTICLE{Poitras2016204,
	author={Poitras, E.G. and Lajoie, S.P. and Doleck, T. and Jarrell, A.},
	title={Subgroup discovery with user interaction data: An empirically guided approach to improving intelligent tutoring systems},
	journal={Educational Technology and Society},
	year={2016},
	volume={19},
	number={2},
	pages={204-214}
}


@Article{Gamberger2007,
	author="Gamberger, Dragan
	and Lavra{\v{c}}, Nada
	and Krsta{\v{c}}i{\'{c}}, Antonija
	and Krsta{\v{c}}i{\'{c}}, Goran",
	title="Clinical data analysis based on iterative subgroup discovery: experiments in brain ischaemia data analysis",
	journal="Applied Intelligence",
	year="2007",
	volume="27",
	number="3",
	pages="205--217",
}

@book{holland1975adaptation,
	title={Adaptation in natural and artificial systems: an introductory analysis with applications to biology, control, and artificial intelligence.},
	author={Holland, John H},
	year={1975},
	publisher={U Michigan Press}
}

@article{zadeh1975concept,
	title={The concept of a linguistic variable and its application to approximate reasoning???I},
	author={Zadeh, Lotfi A},
	journal={Information sciences},
	volume={8},
	number={3},
	pages={199--249},
	year={1975},
	publisher={Elsevier}
}

@article{herrera2008genetic,
	title={Genetic fuzzy systems: taxonomy, current research trends and prospects},
	author={Herrera, Francisco},
	journal={Evolutionary Intelligence},
	volume={1},
	number={1},
	pages={27--46},
	year={2008},
	publisher={Springer}
}

@article{atzmueller2015subgroup,
	title={Subgroup discovery},
	author={Atzmueller, Martin},
	journal={Wiley Interdisciplinary Reviews: Data Mining and Knowledge Discovery},
	volume={5},
	number={1},
	pages={35--49},
	year={2015},
	publisher={Wiley Online Library}
}

@article{geng2006interestingness,
	title={Interestingness measures for data mining: A survey},
	author={Geng, Liqiang and Hamilton, Howard J},
	journal={ACM Computing Surveys (CSUR)},
	volume={38},
	number={3},
	pages={9},
	year={2006},
	publisher={ACM}
}

@inproceedings{meeng2011flexible,
	title={Flexible enrichment with Cortana--software demo},
	author={Meeng, Marvin and Knobbe, Arno},
	booktitle={Proceedings of BeneLearn},
	pages={117--119},
	year={2011}
}

@Manual{rjava,
	title = {rJava: Low-Level R to Java Interface},
	author = {Simon Urbanek},
	year = {2015},
	note = {R package version 0.9-7},
	url = {http://CRAN.R-project.org/package=rJava},
}

@Manual{rsubgroup,
	title = {rsubgroup: Subgroup Discovery and Analytics},
	author = {Martin Atzmueller},
	year = {2014},
	note = {R package version 0.6},
	url = {http://CRAN.R-project.org/package=rsubgroup},
}

@Manual{shiny,
	title = {shiny: Web Application Framework for R},
	author = {Winston Chang and Joe Cheng and JJ Allaire and Yihui Xie and Jonathan McPherson},
	year = {2015},
	note = {R package version 0.12.1},
	url = {http://CRAN.R-project.org/package=shiny},
}

@Manual{foreign,
	title = {foreign: Read Data Stored by Minitab, S, SAS, SPSS, Stata, Systat, Weka,
	dBase, ...},
	author = {{R Core Team}},
	year = {2015},
	note = {R package version 0.8-65},
	url = {http://CRAN.R-project.org/package=foreign},
}

@article{vikamine,
	title={VIKAMINE--Open-source subgroup discovery, pattern mining, and analytics},
	author={Atzmueller, Martin and Lemmerich, Florian},
	booktitle={Machine Learning and Knowledge Discovery in Databases},
	pages={842--845},
	year={2012},
	publisher={Springer}
}

@article{nmeef,
	title={NMEEF-SD: non-dominated multiobjective evolutionary algorithm for extracting fuzzy rules in subgroup discovery},
	author={Carmona, Crist{\'o}bal Jos{\'e} and Gonz{\'a}lez, Pedro and del Jesus, Maria J and Herrera, Francisco},
	journal={IEEE Transactions on Fuzzy Systems},
	volume={18},
	number={5},
	pages={958--970},
	year={2010},
	publisher={IEEE}
}

@article{mesdif,
	title={Multiobjective evolutionary induction of subgroup discovery fuzzy rules: a case study in marketing},
	author={Berlanga, Francisco and Del Jesus, Mar{\'\i}a Jos{\'e} and Gonz{\'a}lez, Pedro and Herrera, Francisco and Mesonero, Mikel},
	journal={Advances in Data Mining. Applications in Medicine, Web Mining, Marketing, Image and Signal Mining},
	pages={337--349},
	year={2006},
	publisher={Springer Berlin Heidelberg}
}

@article{carmona2011evolutionary,
	title={Evolutionary fuzzy rule extraction for subgroup discovery in a psychiatric emergency department},
	author={Carmona, Crist{\'o}bal J and Gonz{\'a}lez, Pedro and Del Jesus, MJ and Nav{\'\i}o-Acosta, Mercedes and Jim{\'e}nez-Trevino, Luis},
	journal={Soft Computing},
	volume={15},
	number={12},
	pages={2435--2448},
	year={2011},
	publisher={Springer}
}

@article{carmona2013mefes,
	title={MEFES: an evolutionary proposal for the detection of exceptions in subgroup discovery. An application to concentrating photovoltaic technology},
	author={Carmona, Crist{\'o}bal J and Gonz{\'a}lez, Pedro and Garc{\'\i}a-Domingo, B and Del Jesus, MJ and Aguilera, J},
	journal={Knowledge-Based Systems},
	volume={54},
	pages={73--85},
	year={2013},
	publisher={Elsevier}
}

@article{Hul11,
	title = {{Fuzzy sets in machine learning and data mining}},
	author = {E. H\"ullermeier},
	journal = {{Applied Soft Computing}},
	volume = {11},
	number = {2},
	pages = {1493-1505},
	year = {2011},
}

@article{keel,
	author = {Alcal\'{a}-Fdez, J and S\'{a}nchez, L and Garc\'{\i}a, S and del Jesus, Mar\'{\i}a Jos\'{e} and Ventura, S and Garrel, J M and Otero, J and Romero, C and Bacardit, J and Rivas, Victor Manuel and Fernandez, J C and Herrera, Francisco },
	title = {KEEL: A Software Tool to Assess Evolutionary Algorithms to Data Mining Problems},
	journal = {Soft Computing},
	year = {2009},
	pages = {307--318},
	volume={13},
	number={3},
}

@article{keelDatasets,
	author = {Alcal\'{a}-Fdez, J. and Fernandez, A and Luengo, J. and Derrac, J. and Garc\'{i}a, S. and S\'{a}nchez, L. and Herrera, F.},
	title = {KEEL Data-Mining Software Tool: Data Set Repository, Integration of Algorithms and Experimental Analysis Framework},
	journal = {Journal of Multiple-Valued Logic and Soft Computing},
	number = {17},
	volume={2-3},
	pages = {255--287},
	year = {2011}
}

@incollection{definicionSD,
	title={Inductive logic programming for knowledge discovery in databases},
	author={Wrobel, Stefan},
	booktitle={Relational data mining},
	pages={74--101},
	year={2001},
	publisher={Springer}
}

@article{kais,
	title={An overview on subgroup discovery: foundations and applications},
	author={Herrera, Franciso and Carmona, Crist{\'o}bal Jos{\'e} and Gonz{\'a}lez, Pedro and del Jesus, Mar{\'\i}a Jos{\'e}},
	journal={Knowledge and information systems},
	volume={29},
	number={3},
	pages={495--525},
	year={2011},
	publisher={Springer}
}



@article{nsga,
	title={A fast elitist non-dominated sorting genetic algorithm for multi-objective optimization: NSGA-II},
	author={Deb, Kalyanmoy and Agrawal, Samir and Pratap, Amrit and Meyarivan, Tanaka},
	journal={Lecture notes in computer science},
	volume={1917},
	pages={849--858},
	year={2000},
	publisher={Springer}
}

@inproceedings{spea,
	title={SPEA2: Improving the strength Pareto evolutionary algorithm for multiobjective optimization},
	author={Zitzler, Eckart and Laumanns, Marco and Thiele, Lothar},
	year={2002},
	pages={95--100},
	booktitle={International Congress on Evolutionary Methods for Design Optimization and Control with Applications to Industrial Problems}
}

@inproceedings{carmona2009analysis,
	title={An analysis of evolutionary algorithms with different types of fuzzy rules in subgroup discovery},
	author={Carmona, Crist{\'o}bal Jos{\'e} and Gonz{\'a}lez, Pedro and del Jesus, Maria Jose and Herrera, Francisco},
	booktitle={Fuzzy Systems, 2009. FUZZ-IEEE 2009. IEEE International Conference on},
	pages={1706--1711},
	year={2009},
	organization={IEEE}
}

@article{OrOlive,
	title={Web usage mining to improve the design of an e-commerce
	website: OrOliveSur.com},
	author={Carmona, C. J. and Ramirez-Gallego, S. and  Torres, F. and  Bernal, E. and del Jesus, M. J. and Garcia, S.},
	journal={Expert Systems with Applications},
	pages={11243--11249},
	year={2012}
}



@article{carmona2015fuzzy,
	title={A fuzzy genetic programming-based algorithm for subgroup discovery and the application to one problem of pathogenesis of acute sore throat conditions in humans},
	author={Carmona, Cristobal Jose and Ruiz-Rodado, V and del Jesus, Maria Jose and Weber, A and Grootveld, M and Gonz{\'a}lez, P and Elizondo, D},
	journal={Information Sciences},
	volume={298},
	pages={180--197},
	year={2015},
	publisher={Elsevier}
}

@book{back1997handbook,
	title={Handbook of evolutionary computation},
	author={Back, Thomas and Fogel, David B and Michalewicz, Zbigniew},
	year={1997},
	publisher={IOP Publishing Ltd.}
}


@book{deb2001multi,
	title={Multi-objective optimization using evolutionary algorithms},
	author={Deb, Kalyanmoy},
	volume={16},
	year={2001},
	publisher={John Wiley \& Sons}
}


@book{koza1992genetic,
	title={Genetic programming: on the programming of computers by means of natural selection},
	author={Koza, John R},
	volume={1},
	year={1992},
	publisher={MIT press}
}


@article{mamdani1975experiment,
	title={An experiment in linguistic synthesis with a fuzzy logic controller},
	author={Mamdani, Ebrahim H and Assilian, Sedrak},
	journal={International journal of man-machine studies},
	volume={7},
	number={1},
	pages={1--13},
	year={1975},
	publisher={Elsevier}
}

@article{Scrucca2013GAPackage,
	title = {{GA}: A Package for Genetic Algorithms in {R}},
	author = {Luca Scrucca},
	journal = {Journal of Statistical Software},
	year = {2013},
	volume = {53},
	number = {4},
	pages = {1--37},
	url = {http://www.jstatsoft.org/v53/i04/},
}


@Manual{hadley2015devtools,
	title = {devtools: Tools to Make Developing R Packages Easier},
	author = {Hadley Wickham and Winston Chang},
	year = {2015},
	note = {R package version 1.8.0},
	url = {http://CRAN.R-project.org/package=devtools},
}





@article{gamberger2003active,
	title={{A}ctive subgroup mining: a case study in coronary heart disease risk group detection.},
	author={D.~Gamberger and N.~Lavrac},
	journal={Artificial Intelligence in Medicine},
	volume={28},
	number={1},
	pages={27--57},
	year={2003}
}

@article{romero2009evolutionary,
	title={Evolutionary algorithms for subgroup discovery in e-learning: A practical application using Moodle data},
	author={Romero, Crist{\'o}bal and Gonz{\'a}lez, Pedro and Ventura, Sebasti{\'a}n and del Jes{\'u}s, Mar{\'\i}a Jos{\'e} and Herrera, Francisco},
	journal={Expert Systems with Applications},
	volume={36},
	number={2},
	pages={1632--1644},
	year={2009},
	publisher={Elsevier}
}


@article {deljesus2007evolutionary,
	title = {Evolutionary fuzzy rule induction process for subgroup discovery: a case study in marketing},
	journal = {IEEE Transactions on Fuzzy Systems},
	volume = {15},
	number = {4},
	year = {2007},
	pages = {578--592},
	author = {M. J. del Jesus and P. Gonz{\'a}lez and F. Herrera and M. Mesonero}
}





@article {carmona2015fuzzyGenetic,
	title = {A fuzzy genetic programming-based algorithm for subgroup discovery and the application to one problem of pathogenesis of acute sore throat conditions in humans},
	journal = {Information Sciences},
	volume = {298},
	year = {2015},
	pages = {180--197},
	author = {C. J. Carmona and V. Ruiz-Rodado and M. J. del Jesus and A. Weber and M. Grootveld and P. Gonz{\'a}lez and D. Elizondo}
}

@article{Jin2014SmartElectricity,
	author={Jin,N. and Flach,P. and Wilcox,T. and Sellman,R. and Thumim,J. and Knobbe,A.},
	year={2014},
	title={Subgroup discovery in smart electricity meter data},
	journal={IEEE Transactions on Industrial Informatics},
	volume={10},
	number={2},
	pages={1327--1336},
}

@article{Rodriguez20131810,
	title = "A study of subgroup discovery approaches for defect prediction ",
	journal = "Information and Software Technology ",
	volume = "55",
	number = "10",
	pages = "1810 -- 1822",
	year = "2013",
	author = "Daniel Rodriguez and Roberto Ruiz and Jose C. Riquelme and Rachel Harrison"
}

@ARTICLE{Atzmueller2016965,
	author={Atzmueller, M. and Doerfel, S. and Mitzlaff, F.},
	title={Description-oriented community detection using exhaustive subgroup discovery},
	journal={Information Sciences},
	year={2016},
	volume={329},
	pages={965--984}
}



@misc{john1992holland,
	title={Adaptation in natural and artificial systems},
	author={John, Holland},
	year={1992},
	publisher={MIT Press, Cambridge, MA}
}

@article{goldberg1989genetic,
	title={Genetic Algorithm in Search, Optimization and Machine learing},
	author={Goldberg, DE},
	journal={MA: Addison-Wesley Longman Publishing Co., Inc},
	year={1989}
	
}

@misc{schwefel1995evolution,
	title={Sixth-Generation Computer Technology Series},
	journal={Evolution and Optimum Seeking.},
	author={Schwefel, Hans-Paul},
	year={1995},
	publisher={Wiley, New York}
}

@book{fogel2006evolutionary,
	title={Evolutionary computation: toward a new philosophy of machine intelligence},
	author={Fogel, David B},
	volume={1},
	year={2006},
	publisher={John Wiley \& Sons}
}

@incollection{freitas2003survey,
	title={A survey of evolutionary algorithms for data mining and knowledge discovery},
	author={Freitas, Alex A},
	booktitle={Advances in evolutionary computing},
	pages={819--845},
	year={2003},
	publisher={Springer}
}


@article{fernandez2010genetics,
	title={Genetics-based machine learning for rule induction: state of the art, taxonomy, and comparative study},
	author={Fern{\'a}ndez, Alberto and Garc{\'\i}a, Salvador and Luengo, Juli{\'a}n and Bernad{\'o}-Mansilla, Ester and Herrera, Francisco},
	journal={Evolutionary Computation, IEEE Transactions on},
	volume={14},
	number={6},
	pages={913--941},
	year={2010},
	publisher={IEEE}
}

@book{berthold2008knime,
	title={KNIME: The Konstanz information miner},
	author={Berthold, Michael R and Cebron, Nicolas and Dill, Fabian and Gabriel, Thomas R and K{\"o}tter, Tobias and Meinl, Thorsten and Ohl, Peter and Sieb, Christoph and Thiel, Kilian and Wiswedel, Bernd},
	year={2008},
	publisher={Springer}
}

@article{demvsar2013orange,
	title={Orange: data mining toolbox in Python},
	author={Dem{\v{s}}ar, Janez and Curk, Toma{\v{z}} and Erjavec, Ale{\v{s}} and Gorup, {\v{C}}rt and Ho{\v{c}}evar, Toma{\v{z}} and Milutinovi{\v{c}}, Mitar and Mo{\v{z}}ina, Martin and Polajnar, Matija and Toplak, Marko and Stari{\v{c}}, An{\v{z}}e and others},
	journal={The Journal of Machine Learning Research},
	volume={14},
	number={1},
	pages={2349--2353},
	year={2013},
	publisher={JMLR. org}
}

@incollection{atzmueller2012vikamine,
	title={VIKAMINE--Open-source subgroup discovery, pattern mining, and analytics},
	author={Atzmueller, Martin and Lemmerich, Florian},
	booktitle={Machine Learning and Knowledge Discovery in Databases},
	pages={842--845},
	year={2012},
	publisher={Springer}
}

@article{hall2009weka,
	title={The WEKA data mining software: an update},
	author={Hall, Mark and Frank, Eibe and Holmes, Geoffrey and Pfahringer, Bernhard and Reutemann, Peter and Witten, Ian H},
	journal={ACM SIGKDD explorations newsletter},
	volume={11},
	number={1},
	pages={10--18},
	year={2009},
	publisher={ACM}
}

@Manual{caret,
	title = {caret: Classification and Regression Training},
	author = {Max Kuhn. Contributions from Jed Wing and Steve Weston and Andre Williams and Chris Keefer and Allan Engelhardt and Tony Cooper and Zachary Mayer and Brenton Kenkel and the R Core Team and Michael Benesty and Reynald Lescarbeau and Andrew Ziem and Luca Scrucca and Yuan Tang and Can Candan.},
	year = {2016},
	note = {R package version 6.0-64},
	url = {https://CRAN.R-project.org/package=caret},
}



@article {Carmona2014overview,
	title = {Overview on evolutionary subgroup discovery: analysis of the suitability and potential of the search performed by evolutionary algorithms},
	journal = {WIREs Data Mining and Knowledge Discovery},
	volume = {4},
	number = {2},
	year = {2014},
	pages = {87--103},
	author = {C. J. Carmona and P. Gonz{\'a}lez and M. J. del Jesus and F. Herrera}
}

@inproceedings{leung1992rule,
	title={Rule learning in expert systems using genetic algorithm: 1, concepts},
	author={Leung, Kwong Sak and Leung, Yee and So, Leo and Yam, Kim Fai},
	booktitle={Proceedings of the 2nd International Conference on Fuzzy Logic and Neural Networks (IIZUKA???92)},
	volume={1},
	pages={201--204},
	year={1992}
}

@ARTICLE{Carmona2015387,
	author={Carmona, C. J. and Luengo, J.},
	title={A first approach in the class noise filtering approaches for fuzzy subgroup discovery},
	journal={Advances in Intelligent Systems and Computing},
	year={2015},
	volume={368},
	pages={387--399}
}

@article{carmona2013fuzzy,
	title={Fuzzy rules for describing subgroups from Influenza A virus using a multi-objective evolutionary algorithm},
	author={Carmona, Crist{\'o}bal J and Chrysostomou, Charalambos and Seker, Huseyin and del Jesus, M. J.},
	journal={Applied Soft Computing},
	volume={13},
	number={8},
	pages={3439--3448},
	year={2013},
	publisher={Elsevier}
}

@inproceedings{carmona2010evolutionary,
	title={Evolutionary algorithms for subgroup discovery applied to e-learning data},
	author={Carmona, C. J. and Gonz{\'a}lez, P and del Jesus, M Jos{\'e} and Romero, C and Ventura, S},
	booktitle={Proceedings of Education Engineering Conference (EDUCON)},
	pages={983--990},
	year={2010},
	organization={IEEE}
}

@article{lavravc2004subgroup,
	title={Subgroup discovery with CN2-SD},
	author={Lavra{\v{c}}, Nada and Kav{\v{s}}ek, Branko and Flach, Peter and Todorovski, Ljup{\v{c}}o},
	journal={The Journal of Machine Learning Research},
	volume={5},
	pages={153--188},
	year={2004},
	publisher={JMLR. org}
}

@article{kavvsek2006apriori,
	title={APRIORI-SD: Adapting association rule learning to subgroup discovery},
	author={Kav{\v{s}}ek, Branko and Lavra{\v{c}}, Nada},
	journal={Applied Artificial Intelligence},
	volume={20},
	number={7},
	pages={543--583},
	year={2006},
	publisher={Taylor \& Francis}
}



@inproceedings{atzmueller2004towards,
	title={Towards Knowledge-Intensive Subgroup Discovery.},
	author={Atzmueller, Martin and Puppe, Frank and Buscher, Hans-Peter},
	booktitle={Proceedings of the Lernen - Wissensentdeckung - Adaptivit??t - Fachgruppe Maschinelles Lernen},
	pages={111--117},
	year={2004}
}

@article{gamberger2002expert,
	title={Expert-guided subgroup discovery: Methodology and application},
	author={Gamberger, Dragan and Lavrac, Nada},
	journal={Journal of Artificial Intelligence Research},
	pages={501--527},
	year={2002}
}

@article{lavravc2004decision,
	title={Decision support through subgroup discovery: three case studies and the lessons learned},
	author={Lavra{\v{c}}, Nada and Cestnik, Bojan and Gamberger, Dragan and Flach, Peter},
	journal={Machine Learning},
	volume={57},
	number={1-2},
	pages={115--143},
	year={2004},
	publisher={Springer}
}
@book{mldr2015Charte,
author = {F.~{Charte and D.~Charte}},
title = {{Working with multilabel datasets in R: The mldr package}},
publisher = {The R Journal 7 (2):  dec},
pages = {149--162},
year = {2015},
url = {http://journal.r-project.org/archive/2015-2/charte-charte.pdf}
}
@book{kralj2005subgroup,
author = {P.~{Kralj, N.~Lavrac, and B.~Zupan}},
title = {{Subgroup visualization}},
publisher = {In 8th International Multiconference Information Society(IS-05) pages},
pages = {228--231},
year = {2005}
}
@book{Luengo2016Soco,
author = {J.~{Luengo, A.~Garc??a-Vico, M.~D. P??rez-Godoy, and C.~Carmona}},
title = {{The influence of noise on the evolutionary fuzzy systems for subgroup discovery}},
publisher = {Soft Computing pages  (In Press)},
}
@book{ventura2016pattern,
author = {S.~{Ventura and J.~M. Luna}},
title = {{}},
publisher = {Pattern mining with evolutionary algorithms},
year = {2016}
}



