@article{agostinelli2011local,
  author    = {Agostinelli, Claudio and Romanazzi, Mario},
  journal   = {Journal of Statistical Planning and Inference},
  number    = {2},
  pages     = {817--830},
  publisher = {Elsevier},
  title     = {Local depth},
  volume    = {141},
  year      = {2011}
}
@inproceedings{ana2003robust,
  author       = {Ana, LN Fred and Jain, Anil K},
  booktitle    = {2003 {IEEE} Computer Society Conference on Computer Vision and Pattern Recognition, 2003. Proceedings.},
  organization = {{IEEE}},
  pages        = {II--II},
  title        = {Robust data clustering},
  volume       = {2},
  year         = {2003}
}
@article{baron2021partitioned,
  author  = {Baron, Jacob D and Darling, RWR and Davis, J Laylon and Pettit, R},
  journal = {arXiv preprint arXiv:2108.08864},
  title   = {Partitioned k-nearest neighbor local depth for scalable comparison-based learning},
  year    = {2021}
}
@article{bell2009culture,
  author    = {Bell, Adrian V and Richerson, Peter J and McElreath, Richard},
  journal   = {Proceedings of the National Academy of Sciences},
  number    = {42},
  pages     = {17671--17674},
  publisher = {National Acad Sciences},
  title     = {Culture rather than genes provides greater scope for the evolution of large-scale human prosociality},
  volume    = {106},
  year      = {2009}
}
@article{berenhaut2022SIAM,
  author  = {Berenhaut, Kenneth S and Moore, Katherine E},
  journal = {SIAM News Blog},
  title   = {Communities in Data},
  year    = {2022}
}
@article{berenhaut2022social,
  author    = {Berenhaut, Kenneth S and Moore, Katherine E and Melvin, Ryan L},
  journal   = {Proceedings of the National Academy of Sciences},
  number    = {4},
  publisher = {National Acad Sciences},
  title     = {A social perspective on perceived distances reveals deep community structure},
  volume    = {119},
  year      = {2022}
}
@article{berenhaut2024generalized,
  author    = {Berenhaut, Kenneth S and Foley, John D and Lyu, Liangdongsheng},
  journal   = {Journal of Statistical Theory and Practice},
  number    = {1},
  pages     = {10},
  publisher = {Springer},
  title     = {Generalized partitioned local depth},
  volume    = {18},
  year      = {2024}
}
@article{campello2020density,
  author    = {Campello, Ricardo JGB and Kr{\"o}ger, Peer and Sander, J{\"o}rg and Zimek, Arthur},
  journal   = {Wiley Interdisciplinary Reviews: Data Mining and Knowledge Discovery},
  number    = {2},
  pages     = {e1343},
  publisher = {Wiley Online Library},
  title     = {Density-based clustering},
  volume    = {10},
  year      = {2020}
}
@book{cavalli1994history,
  author    = {Cavalli-Sforza, Luigi Luca and Cavalli-Sforza, Luca and Menozzi, Paolo and Piazza, Alberto},
  publisher = {Princeton university press},
  title     = {The history and geography of human genes},
  year      = {1994}
}
@manual{cholera,
  author = {{Peter Li}},
  note   = {{R} package version 0.7.0},
  title  = {cholera: Amend, Augment and Aid Analysis of John Snow's Cholera Map},
  url    = {https://CRAN.R-project.org/package=cholera},
  year   = {2019}
}
@inproceedings{DB24,
  author    = {Aditya Devarakonda and Grey Ballard},
  booktitle = {Proceedings of the 2024 {SIAM} Conference on Parallel Processing for Scientific Computing},
  pages     = {53--64},
  title     = {Sequential and Shared-Memory Parallel Algorithms for Partitioned Local Depths},
  url       = {https://epubs.siam.org/doi/abs/10.1137/1.9781611977967.5},
  year      = {2024}
}
@article{dyen92,
  author  = {Dyen, Isidore and Kruskal, Joseph B. and Black, Paul},
  doi     = {10.2307/1006517},
  journal = {Transactions of the American Philosophical Society},
  number  = {5},
  pages   = {iii},
  title   = {An {Indoeuropean} classification: A lexicostatistical experiment},
  volume  = {82},
  year    = {1992}
}
@article{feld1981focused,
  author    = {Feld, Scott L},
  journal   = {American Journal of Sociology},
  number    = {5},
  pages     = {1015--1035},
  publisher = {University of Chicago Press},
  title     = {The focused organization of social ties},
  volume    = {86},
  year      = {1981}
}
@article{gionis1clustering,
  author  = {Gionis, A and Mannila, H and Tsaparas, P},
  journal = {ACM Transactions on Knowledge Discovery from Data},
  pages   = {1--30},
  title   = {Clustering aggregation},
  volume  = {1}
}
@article{granovetter1973strength,
  author    = {Granovetter, Mark S},
  journal   = {American Journal of Sociology},
  number    = {6},
  pages     = {1360--1380},
  publisher = {University of Chicago Press},
  title     = {The strength of weak ties},
  volume    = {78},
  year      = {1973}
}
@article{hahsler2019dbscan,
  author  = {Hahsler, Michael and Piekenbrock, Matthew and Doran, Derek},
  journal = {Journal of Statistical Software},
  pages   = {1--30},
  title   = {dbscan: Fast density-based clustering with {R}},
  volume  = {91},
  year    = {2019}
}
@article{ihaka:1996,
  author  = {Ihaka, Ross and Gentleman, Robert},
  journal = {Journal of Computational and Graphical Statistics},
  number  = {3},
  pages   = {299--314},
  title   = {{R}: A Language for Data Analysis and Graphics},
  volume  = {5},
  year    = {1996}
}
@article{inglehart2014world,
  address   = {Madrid},
  author    = {Inglehart, Ronald and Haerpfer, Christian and Moreno, Alejandro and Welzel, Christian and Kizilova, Kseniya and D{\'\i}ez-Medrano, Jaime and Lagos, Marta and Norris, Pippa and Ponarin, Eduard and Puranen, Bi and others},
  publisher = {JD Systems Institute},
  title     = {World Values Survey: All Rounds--Country-Pooled Datafile 1981-2014},
  year      = {2014}
}
@manual{magrittr,
  author = {Stefan Milton Bache and Hadley Wickham},
  note   = {{R} package version 1.5},
  title  = {magrittr: A Forward-Pipe Operator for {R}},
  url    = {https://CRAN.R-project.org/package=magrittr},
  year   = {2014}
}
@article{mccall2011gene,
  author    = {McCall, Matthew N and Uppal, Karan and Jaffee, Harris A and Zilliox, Michael J and Irizarry, Rafael A},
  journal   = {Nucleic Acids Research},
  number    = {suppl\_1},
  pages     = {D1011--D1015},
  publisher = {Oxford University Press},
  title     = {The Gene Expression Barcode: leveraging public data repositories to begin cataloging the human and murine transcriptomes},
  volume    = {39},
  year      = {2011}
}
@article{mccall2014gene,
  author    = {McCall, Matthew N and Jaffee, Harris A and Zelisko, Susan J and Sinha, Neeraj and Hooiveld, Guido and Irizarry, Rafael A and Zilliox, Michael J},
  journal   = {Nucleic Acids Research},
  number    = {D1},
  pages     = {D938--D943},
  publisher = {Oxford University Press},
  title     = {The Gene Expression Barcode 3.0: improved data processing and mining tools},
  volume    = {42},
  year      = {2014}
}
@article{muthukrishna2020beyond,
  author    = {Muthukrishna, Michael and Bell, Adrian V and Henrich, Joseph and Curtin, Cameron M and Gedranovich, Alexander and McInerney, Jason and Thue, Braden},
  journal   = {Psychological Science},
  number    = {6},
  pages     = {678--701},
  publisher = {Sage Publications Sage CA: Los Angeles, CA},
  title     = {Beyond {Western}, {Educated}, {Industrial}, {Rich}, and {Democratic} ({WEIRD}) psychology: Measuring and mapping scales of cultural and psychological distance},
  volume    = {31},
  year      = {2020}
}
@article{paindaveine2013depth,
  author    = {Paindaveine, Davy and Van Bever, Germain},
  journal   = {Journal of the American Statistical Association},
  number    = {503},
  pages     = {1105--1119},
  publisher = {Taylor \& Francis},
  title     = {From depth to local depth: a focus on centrality},
  volume    = {108},
  year      = {2013}
}
@article{pedregosa2011scikit,
  author  = {Pedregosa, Fabian and Varoquaux, Ga{\"e}l and Gramfort, Alexandre and Michel, Vincent and Thirion, Bertrand and Grisel, Olivier and Blondel, Mathieu and Prettenhofer, Peter and Weiss, Ron and Dubourg, Vincent and others},
  journal = {Journal of Machine Learning Research},
  number  = {Oct},
  pages   = {2825--2830},
  title   = {Scikit-learn: Machine learning in {Python}},
  volume  = {12},
  year    = {2011}
}
@manual{R,
  address      = {Vienna, Austria},
  author       = {{R Core Team}},
  note         = {{ISBN} 3-900051-07-0},
  organization = {{R} Foundation for Statistical Computing},
  title        = {{R}: A Language and Environment for Statistical Computing},
  url          = {http://www.R-project.org/},
  year         = {2012}
}
@manual{tissue,
  author = {Michael Love and Rafael Irizarry},
  title  = {tissuesGeneExpression. Subset of gene expression data},
  url    = {https://github.com/genomicsclass/tissuesGeneExpression},
  year   = {2015}
}
@article{zilliox2007gene,
  author    = {Zilliox, Michael J and Irizarry, Rafael A},
  journal   = {Nature Methods},
  number    = {11},
  pages     = {911--913},
  publisher = {Nature Publishing Group},
  title     = {A gene expression bar code for microarray data},
  volume    = {4},
  year      = {2007}
}

