@book{Agresti2002,
author = {A.~{Agresti}},
title = {{Categorical Data Analysis}},
publisher = {John Wiley & Sons 3rd edition},
year = {2013}
}
@book{AmatyaDemirtas2015,
author = {A.~{Amatya and H.~Demirtas}},
title = {{Multiord: An R package for generating correlated ordinal data}},
publisher = {Communications in Statistics-Simulation and Computation,44:},
pages = {1683--1691},
year = {2015}
}
@book{Amatya2014,
author = {A.~{Amatya and H.~Demirtas}},
title = {{MultiOrd: Generation of multivariate ordinal variates, }},
publisher = {R package version 2.2},
year = {2016},
url = {http://CRAN.R-project.org/package=MultiOrd}
}
@book{BalakrishnanN.1992,
author = {N.~{Balakrishnan}},
title = {{Handbook of the Logistic Distribution}},
publisher = {CRC Press},
year = {1992}
}
@book{Barbiero2015,
author = {A.~{Barbiero and P.~A. Ferrari}},
title = {{GenOrd: Simulation of ordinal and discrete variables with given correlation matrix and marginal distributions, }},
publisher = {R package version 1.4.0},
year = {2015},
url = {http://CRAN.R-project.org/package=GenOrd}
}
@book{BarbieroFerrari2016,
author = {A.~{Barbiero and P.~A. Ferrari}},
title = {{An R package for the simulation of correlated discrete variables}},
publisher = {Communications in Statistics-Simulation and Computation inpress doi10.1080/03610918..1146758},
year = {2016}
}
@book{Bergsma2002,
author = {W.~{Bergsma and T.~Rudas}},
title = {{Marginal models for categorical data}},
publisher = {The Annals of Statistics 30:},
pages = {140--159},
year = {2002}
}
@book{Birch1963,
author = {M.~W. {Birch}},
title = {{Maximum likelihood in three-way contingency tables}},
publisher = {Journal of the Royal Statistical Society B 25:},
pages = {220--233},
year = {1963}
}
@book{ByQaqish2011,
author = {K.~{By and B.~Qaqish}},
title = {{mvtBinaryEP: Generates correlated binary data, }},
publisher = {R package version 1.0.1},
year = {2011},
url = {https://CRAN.R-project.org/package=mvtBinaryEP}
}
@book{CarioM.C.andNelsonB.L.1997,
author = {M.~C. {Cario and B.~L. Nelson}},
title = {{Modeling and generating random vectors with arbitrary marginal distributions and correlation matrix}},
publisher = {Technical report Northwestern University IEMS Technical Report},
year = {1997}
}
@book{Chaganty2004,
author = {N.~R. {Chaganty and H.~Joe}},
title = {{Efficiency of generalized estimating equations for binary responses}},
publisher = {Journal of the Royal Statistical Society B 66:},
pages = {851--860},
year = {2004}
}
@book{Chaganty2006,
author = {N.~R. {Chaganty and H.~Joe}},
title = {{Range of correlation matrices for dependent Bernoulli random variables}},
publisher = {Biometrika 93:},
pages = {197--206},
year = {2006}
}
@book{Demirtas2006,
author = {H.~{Demirtas}},
title = {{A method for multivariate ordinal data generation given marginal distributions and correlations}},
publisher = {Journal of Statistical Computation and Simulation,76:},
pages = {1017--1025},
year = {2006}
}
@book{DemirtasHedeker2011,
author = {H.~{Demirtas and D.~Hedeker}},
title = {{A practical way for computing approximate lower and upper correlation bounds}},
publisher = {The American Statistician 65:},
pages = {104--109},
year = {2011}
}
@book{Diggle2002,
author = {P.~{Diggle, K.~Y. Liang, and S.~L. Zeger}},
title = {{Longitudinal Data Analysis}},
publisher = {Oxford Statistical Science Series London},
year = {2002}
}
@book{Emrich1991,
author = {L.~J. {Emrich and M.~R. Piedmonte}},
title = {{A method for generating high-dimensional multivariate binary variables}},
publisher = {American Statistician 49:},
pages = {302--304},
year = {1991}
}
@book{FerrariBarbiero2012,
author = {P.~A. {Ferrari and A.~Barbiero}},
title = {{Simulating ordinal data}},
publisher = {Multivariate Behavioral Research 47:},
pages = {566--589},
year = {2012}
}
@book{Fitzmaurice1993,
author = {G.~M. {Fitzmaurice and N.~M. Laird}},
title = {{A likelihood-based method for analysing longitudinal binary responses}},
publisher = {Biometrika 80:},
pages = {141--151},
year = {1993}
}
@book{Glonek1995,
author = {G.~F.~V. {Glonek and P.~McCullagh}},
title = {{Multivariate logistic models}},
publisher = {Journal of the Royal Statistical Society B 57:},
pages = {533--546},
year = {1995}
}
@book{Goodman1979,
author = {L.~A. {Goodman}},
title = {{Simple models for the analysis of association in cross-classifications having ordered categories}},
publisher = {Journal of the American Statistical Association 74:},
pages = {537--552},
year = {1979}
}
@book{LiS.T.andHammondJ.L.1975,
author = {S.~T. {Li and J.~L. Hammond}},
title = {{Generation of pseudorandom numbers with specified univariate distributions and correlation coefficients}},
publisher = {IEEE Transactions on Systems Man and Cybernetics,5:},
pages = {557--561},
year = {1975}
}
@book{Lipsitz1991,
author = {S.~R. {Lipsitz, N.~M. Laird, and D.~P. Harrington}},
title = {{Generalized estimating equations for correlated binary data: Using the odds ratio as a measure of association}},
publisher = {Biometrika 78:},
pages = {153--160},
year = {1991}
}
@book{Masarotto2012,
author = {G.~{Masarotto and C.~Varin}},
title = {{Gaussian copula marginal regression}},
publisher = {Electronic Journal of Statistics 6:},
pages = {1517--1549},
year = {2012}
}
@book{McCullagh1980,
author = {P.~{McCullagh}},
title = {{Regression models for ordinal data}},
publisher = {Journal of the Royal Statistical Society B 42:},
pages = {109--142},
year = {1980}
}
@book{McFadden1974a,
author = {D.~{McFadden}},
title = {{Conditional logit analysis of qualitative choice behaviour}},
publisher = {In P.~Zarembka editor Frontiers in Econometrics pages Academic Press New York},
pages = {105--142},
year = {1974}
}
@book{Shults1998,
author = {J.~{Shults and N.~R. Chaganty}},
title = {{Analysis of serially correlated data using quasi-least squares}},
publisher = {Biometrics 54:},
pages = {1622--1630},
year = {1998}
}
@book{Sutradhar2003,
author = {B.~C. {Sutradhar}},
title = {{An overview on regression models for discrete longitudinal responses}},
publisher = {Statistical Science 18:},
pages = {377--393},
year = {2003}
}
@book{Sutradhar1999,
author = {B.~C. {Sutradhar and K.~Das}},
title = {{On the accuracy of efficiency of estimating equation approach}},
publisher = {Biometrika 86:},
pages = {459--465},
year = {1999}
}
@book{Touloumis2015,
author = {A.~{Touloumis}},
title = {{R package multgee: A generalized estimating equations solver for multinomial responses}},
publisher = {Journal of Statistical Software 64:},
pages = {1--14},
year = {2015}
}
@book{Touloumis2015a,
author = {A.~{Touloumis}},
title = {{SimCorMultRes: Simulates correlated multinomial responses, }},
publisher = {R package version 1.4.1},
year = {2016},
url = {http://CRAN.R-project.org/package=SimCorMultRes}
}
@book{Touloumis2012,
author = {A.~{Touloumis, A.~Agresti, and M.~Kateri}},
title = {{Generalized estimating equations for multinomial responses using a local odds ratios parameterization}},
publisher = {Biometrics 69:},
pages = {633--640},
year = {2013}
}
@book{Tutz1991,
author = {G.~{Tutz}},
title = {{Sequential models in categorical regression}},
publisher = {Computational Statistics & Data Analysis 11:},
pages = {275--295},
year = {1991}
}

