
@inproceedings{ADMS09,
  author    = {Jean-Philippe Aumasson and
               Itai Dinur and
               Willi Meier and
               Adi Shamir},
  title     = {Cube Testers and Key Recovery Attacks on Reduced-Round {MD6}
               and {T}rivium},
  booktitle = {FSE},
  year      = {2009},
  pages     = {1-22},
  ee        = {http://dx.doi.org/10.1007/978-3-642-03317-9_1},
  crossref  = {DBLP:conf/fse/2009},
  bibsource = {DBLP, http://dblp.uni-trier.de}
}
@conference{Roo,
  title={{The R.oo Package - Object-Oriented Programming with References Using Standard R Code}},
  author={Bengtsson, H.},
  booktitle={Proceedings of the 3rd International Workshop on Distributed Statistical Computing, Vienna, Austria},
  year={2003},
}

@article{meier1989fast,
  title={{Fast correlation attacks on certain stream ciphers}},
  author={Meier, W. and Staffelbach, O.},
  journal={Journal of Cryptology},
  volume={1},
  number={3},
  pages={159--176},
  issn={0933-2790},
  year={1989},
  publisher={Springer}
}

@inproceedings{EJT07,
  author    = {H{\aa}kan Englund and
               Thomas Johansson and
               Meltem S{\"o}nmez Turan},
  title     = {A Framework for Chosen IV Statistical Analysis of Stream
               Ciphers},
  booktitle = {INDOCRYPT},
  year      = {2007},
  pages     = {268-281},
  ee        = {http://dx.doi.org/10.1007/978-3-540-77026-8_20},
  crossref  = {DBLP:conf/indocrypt/2007},
  bibsource = {DBLP, http://dblp.uni-trier.de}
}

@inproceedings{filiol02,
  author    = {Eric Filiol},
  title     = {A New Statistical Testing for Symmetric Ciphers and Hash
               Functions},
  booktitle = {ICICS},
  year      = {2002},
  pages     = {342-353},
  ee        = {http://link.springer.de/link/service/series/0558/bibs/2513/25130342.htm},
  crossref  = {DBLP:conf/icics/2002},
  bibsource = {DBLP, http://dblp.uni-trier.de}
}

@inproceedings{MPC04,
  author    = {Willi Meier and
               Enes Pasalic and
               Claude Carlet},
  title     = {Algebraic Attacks and Decomposition of Boolean Functions},
  booktitle = {EUROCRYPT},
  year      = {2004},
  pages     = {474-491},
  ee        = {http://springerlink.metapress.com/openurl.asp?genre=article{\&}issn=0302-9743{\&}volume=3027{\&}spage=474},
  crossref  = {DBLP:conf/eurocrypt/2004},
  bibsource = {DBLP, http://dblp.uni-trier.de}
}

@conference{Saarinen06,
  title={{Chosen-IV statistical attacks on estream ciphers}},
  author={Saarinen, M.J.O.},
  booktitle={Proceeding of SECRYPT 2006},
  year={2006},
  organization={Citeseer}
}

@article{Knuth,
  title={A draft of section 7.1.1: Boolean basics},
  journal={The Art of Computer Programming, {volume 4 pre-fascicle 0B}},
  author={Knuth, D.E.},
  year={2006},
}


@article{Hankin,
  title={{Programmers' Niche: Multivariate polynomials in R}},
  author={Hankin, R.K.S.},
  journal={R News},
  volume={8(1)},
  pages={41--45},
  year={2008}
}



@book{Filiol02,
author = {E.~{Filiol}},
title = {{A new statistical testing for symmetric ciphers and hash functions}},
publisher = {In ICICS pages},
pages = {342--353},
year = {2002}
}



