@Article{Boettiger2015,
  archiveprefix = {arXiv},
  arxivid = {arXiv:1410.0846v1},
  author = {Carl Boettiger},
  eprint = {arXiv:1410.0846v1},
  file = {:home/cboettig/Documents/Mendeley/Boettiger - 2015 -
                  An introduction to Docker for reproducible research,
                  with examples from the R environment.pdf:pdf},
  journal = {ACM SIGOPS Operating Systems Review},
  number = {1},
  pages = {71--79},
  title = {{An Introduction to Docker for Reproducible Research, with Examples from the R Environment}},
  volume = {49},
  year = {2015},
  url = {https://doi.org/10.1145/2723872.2723882},
}

@Article{Clark2014,
  author = {Dav Clark and Aaron Culich and Brian Hamlin and Ryan Lovett},
  file = {:Users/cboettig/Library/Application Support/Mendeley
                  Desktop/Downloaded/Clark et al. - 2014 - BCE
                  Berkeley's Common Scientific Compute Environment for
                  Research and Education.pdf:pdf},
  journal = {Proceedings of the 13th Python in Science Conference (SciPy 2014)},
  mendeley-groups = {Future of Science},
  pages = {1--8},
  title = {{BCE: Berkeley's Common Scientific Compute Environment for Research and Education}},
  year = {2014},
}

@InProceedings{jetstream,
  address = {New York, New York, USA},
  author = {Craig A Stewart and George Turner and Matthew Vaughn and Niall I. Gaffney and Timothy M Cockerill and Ian Foster and David Hancock and Nirav Merchant and Edwin Skidmore and Daniel Stanzione and James Taylor and Steven Tuecke},
  booktitle = {Proceedings of the 2015 XSEDE Conference on Scientific Advancements Enabled by Enhanced Cyberinfrastructure - XSEDE '15},
  file = {:home/cboettig/Downloads/a29-stewart.pdf:pdf},
  isbn = {9781450337205},
  mendeley-groups = {Math Methods and Model Inference},
  pages = {1--8},
  publisher = {ACM Press},
  title = {{Jetstream: A Self-Provisioned, Scalable Science and Engineering Cloud Environment}},
  year = {2015},
  url = {https://doi.org/10.1145/2792745.2792774},
}

@Article{Mine,
  title = {Infrastructure and Tools for Teaching Computing throughout the Statistical Curriculum},
  author = {Mine Cetinkaya-Rundel and Colin W Rundel},
  year = {2017},
  volume = {5},
  pages = {e3181v1},
  journal = {PeerJ Preprints},
  issn = {2167-9843},
  url = {https://doi.org/10.7287/peerj.preprints.3181v1},
}


@Misc{apt_pinning,
  url = {https://wiki.debian.org/AptPreferences},
  title = {APT-Preferences Overview},
  year = {2017},
  author = {{Debian Project}},
}

@Misc{best_practices,
  url = {https://docs.docker.com/engine/userguide/eng-image/dockerfile_best-practices/},
  title = {Best Practices for Writing {Dockerfiles}},
  author = {{Docker}},
  year = {2017},
}

@Misc{data8,
  author = {{UC Berkeley}},
  url = {http://data.berkeley.edu/education/curriculum-overview},
  canonicaluri = {\url{http://data.berkeley.edu/education/curriculum-overview}},
  title = {{Curriculum Overview} | {Division of Data Sciences}},
  year = {2017},
  archived = {http://greycite.knowledgeblog.org/?uri=http%3A%2F%2Fdata.berkeley.edu%2Feducation%2Fcurriculum-overview},
}

@Misc{debian_security,
  url = {https://www.debian.org/releases/testing/},
  title = {Debian Release Information for {"}testing{"}},
  author = {{Debian Project}},
  year = {2017},
}

@Misc{edd2014,
  url = {https://ropensci.org/blog/blog/2014/10/23/introducing-rocker},
  author = {Carl Boettiger and Dirk Eddelbuettel},
  title = {{Introducing Rocker}: {Docker for R}},
  year = {2014},
  archived = {http://greycite.knowledgeblog.org/?uri=https%3A%2F%2Fropensci.org%2Fblog%2Fblog%2F2014%2F10%2F23%2Fintroducing-rocker},
}

@Misc{edd_sanitizers,
  url = {http://dirk.eddelbuettel.com/code/sanitizers.html},
  title = {Sanitizers},
  year = {2014},
  author = {Dirk Eddelbuettel},
  archived = {http://greycite.knowledgeblog.org/?uri=http%3A%2F%2Fdirk.eddelbuettel.com%2Fcode%2Fsanitizers.html},
}


@Misc{jags,
  author = {Martyn Plummer},
  title = {{JAGS}: {A} Program for Analysis of {Bayesian} Graphical Models Using {Gibbs} Sampling},
  note = {Version 4.3.0},
  url = {http://mcmc-jags.sourceforge.net/},
  year = {2017},
}

@Manual{littler,
  title = {Littler: R at the Command-Line via 'r'},
  author = {Dirk Eddelbuettel and Jeff Horner},
  year = {2017},
  note = {R package version 0.3.2},
  url = {https://CRAN.R-project.org/package=littler},
}

@Misc{MRAN,
  author = {{Revolution Analytics}},
  url = {https://mran.microsoft.com},
  title = {{Microsoft R Application Network}},
  year = {2017},
}

@Misc{oci,
  url = {https://www.opencontainers.org/},
  title = {{The Open Container Initiative}},
  author = {{The Linux Foundation: Projects}},
  year = {2017},
}

@Manual{packrat,
  title = {Packrat: A Dependency Management System for Projects and Their R Package Dependencies},
  author = {Kevin Ushey and Jonathan McPherson and Joe Cheng and Aron Atkins and JJ Allaire},
  year = {2016},
  note = {R package version 0.4.8-1},
  url = {https://CRAN.R-project.org/package=packrat},
}

@Manual{rhub,
  year = {2017},
  title = {Rhub: Connect to 'R-Hub', from 'R'},
  author = {Gábor Csárdi},
  note = {R package version 1.0.1},
  url = {https://github.com/r-hub/rhub},
}

@Manual{s6,
  title = {S6: Skarnet.org's Small and Secure Supervision Software Suite},
  author = {Laurent Bercot},
  year = {2017},
  url = {https://skarnet.org/software/s6/},
}

@Misc{shifter,
  author = {{Lawrence Berkeley National Laboratories}},
  url = {https://github.com/NERSC/shifter},
  title = {Shifter},
  year = {2017},
}

@Misc{singularity,
  author = {{Lawrence Berkeley National Laboratories}},
  url = {http://singularity.lbl.gov/},
  title = {Singularity},
  year = {2017},
}

@Manual{tidyverse-2017-125,
  title = {Tidyverse: Easily Install and Load 'Tidyverse' Packages},
  author = {Hadley Wickham},
  year = {2017},
  note = {R package version 1.1.1},
  url = {https://CRAN.R-project.org/package=tidyverse},
}

@Misc{what-docker,
  url = {https://www.docker.com/what-docker},
  title = {What Is {Docker}?},
  journal = {Docker},
  year = {2015},
  archived = {http://greycite.knowledgeblog.org/?uri=https%3A%2F%2Fwww.docker.com%2Fwhat-docker},
  author = {{Docker}},
}

@Misc{wholetale,
  url = {https://wholetale.org/},
  title = {{The Whole Tale}: Merging Science and Cyberinfrastructure Pathways},
  author = {Bertram Ludaescher and Kyle Chard and Matthew Turk and Victoria Stodden and Niall Gaffney},
  year = {2017},
}
