@string{AOAS="Annals of Applied Statistics"}
@string{AOAP="Annals of Applied Probability"}
@string{AOS="Annals of Statistics"}
@string{AICEJ="American Institute of Chemical Engineers Journal"}
@string{BWHO="Bulletin of the World Health Organization"}
@string{JRSSB="Journal of the Royal Statistical Society, Series B (Statistical Methodology)"}
@string{JRSSC="Journal of the Royal Statistical Society: Series C (Applied Statistics)"}
@string{JAMA="Journal of the American Medical Association"}
@string{JASA="Journal of the American Statistical Association"}
@string{JAP="Journal of Applied Probability"}
@string{JCGS="Journal of Computational and Graphical Statistics"}
@string{JN="Journal of Neuroscience"}
@string{AJTMH="American Journal of Tropical Medicine and Hygiene"}
@string{JNE="Journal of Neural Engineering"}
@string{CH="Chapman and Hall"}
@string{OUP="Oxford University Press"}
@string{PUP="Princeton University Press"}
@string{CUP="Cambridge University Press"}
@string{CMB="Clinical Microbiology Reviews"}
@string{IJE="International Journal of Epidemiology"}
@string{JBES="Journal of Business and Economic Statistics"}
@string{JRSI="Journal of the Royal Society Interface"}
@string{TSP="IEEE Transactions on Signal Processing"}
@string{MBE="Molecular Biology and Evolution"}
@string{MWR="Monthly Weather Review"}
@string{PLoS-Med="PLoS Medicine"}
@string{PLoS-Bio="PLoS Biology"}
@string{PLoS-CompBio="PLoS Computational Biology"}
@string{PLoS-Path="PLoS Pathogens"}
@string{PLMS="Proceedings of the London Mathematical Society"}
@string{PRSLA="Proceedings of the Royal Society of London, Series A"}
@string{PRSLB="Proceedings of the Royal Society of London, Series B"}
@string{PRSB="Proceedings of the Royal Society of London, Series B"}
@string{AJE="American Journal of Epidemiology"}
@string{AmNat="American Naturalist"}
@string{PNAS="Proceedings of the National Academy of Sciences of the USA"}
@string{AnnStat="Annals of Statistics"}
@string{AppStat="Applied Statistics"}
@string{JMB="Journal of Mathematical Biology"}
@string{SC="Statistics and Computing"}
@string{SM="Statistics in Medicine"}
@string{SPL="Statistics and Probability Letters"}
@string{SS="Statistica Sinica"}
@string{StatSci="Statistical Science"}
@string{AnnMathStat="Annals of Mathematical Statistics"}
@string{JC="Journal of Climate"}
@string{AIChEJ="American Institute of Chemical Engineers Journal"}
@string{TRSTMH="Transactions of the Royal Society of Tropical Medicine and Hygiene"}
@article{andrieu10,
  author   = {Andrieu, Christophe and Doucet, Arnaud and Holenstein, Roman},
  title    = {Particle {Markov} chain {Monte Carlo} methods},
  journal  = JRSSB,
  fjournal = {Journal of the Royal Statistical Society. Series B. Statistical Methodology},
  volume   = {72},
  year     = {2010},
  number   = {3},
  pages    = {269--342},
  issn     = {1369-7412},
  doi      = {10.1111/j.1467-9868.2009.00736.x}
}
@article{arulampalam02,
  author  = {Arulampalam, M. S. and Maskell, S. and Gordon, N. and Clapp, T.},
  doi     = {10.1109/78.978374},
  year    = {2002},
  title   = {A tutorial on particle filters for online nonlinear, non-{Gaussian} {Bayesian} tracking},
  journal = TSP,
  volume  = {50},
  pages   = {174--188}
}
@article{asfaw24,
  doi       = {10.21105/joss.07008},
  url       = {https://doi.org/10.21105/joss.07008},
  year      = {2024},
  publisher = {The Open Journal},
  volume    = {9},
  number    = {104},
  pages     = {7008},
  author    = {Kidus Asfaw and Joonha Park and Aaron A. King and Edward L. Ionides},
  title     = {spatPomp: An {R} package for spatiotemporal partially observed {Markov} process models},
  journal   = {Journal of Open Source Software}
}
@article{auger21,
  title     = {A guide to state--space modeling of ecological time series},
  author    = {Auger-M{\'e}th{\'e}, Marie and Newman, Ken and Cole, Diana and Empacher, Fanny and Gryba, Rowenna and King, Aaron A. and Leos-Barajas, Vianey and Mills Flemming, Joanna and Nielsen, Anders and Petris, Giovanni and others},
  journal   = {Ecological Monographs},
  volume    = {91},
  number    = {4},
  pages     = {e01470},
  year      = {2021},
  publisher = {Wiley Online Library},
  doi       = {https://doi.org/10.1002/ecm.1470}
}
@article{barton07,
  doi     = {10.1093/toxsci/kfm100},
  author  = {Barton, Hugh A. and Chiu, Weihsueh A. and Woodrow Setzer, R. and Andersen, Melvin E. and Bailer, A. John and Bois, Fr{\'e}d{\'e}ric Y. and DeWoskin, Robert S. and Hays, Sean and Johanson, Gunnar and Jones, Nancy and Loizou, George and MacPhail, Robert C. and Portier, Christopher J. and Spendiff, Martin and Tan, Yu-Mei},
  title   = {Characterizing uncertainty and variability in physiologically based pharmacokinetic models: State of the science and needs for research and implementation},
  volume  = {99},
  number  = {2},
  pages   = {395--402},
  year    = {2007},
  journal = {Toxicological Sciences}
}
@incollection{bengtsson08,
  doi       = {10.1007/978-3-642-01094-1},
  author    = {Bengtsson, T. and Bickel, P. and Li, B.},
  year      = {2008},
  title     = {Curse-of-dimensionality revisited: Collapse of the particle filter in very large scale systems},
  booktitle = {Probability and Statistics: Essays in Honor of {David A. Freedman}},
  editor    = {Speed, T. and Nolan, D.},
  pages     = {316--334},
  publisher = {Institute of Mathematical Statistics},
  address   = {Beachwood, OH}
}
@article{bjornstad01,
  doi     = {10.1126/science.1062226},
  author  = {Bj{\o}rnstad, O. N. and Grenfell, B. T.},
  year    = {2001},
  title   = {Noisy Clockwork: Time series analysis of population fluctuations in animals},
  journal = {Science},
  volume  = {293},
  pages   = {638--643}
}
@article{blower95,
  url     = {http://www.jstor.org/stable/3702385},
  title   = {An analysis of the process of human immunodeficiency virus sexual risk behavior change},
  author  = {Blower, Sally M. and Griensven, Gotfried J. P. van and Kaplan, Edward H.},
  journal = {Epidemiology},
  volume  = {6},
  number  = {3},
  pages   = {238--242},
  year    = {1995}
}
@article{breto09,
  doi     = {10.1214/08-AOAS201},
  author  = {Bret{\'o}, C. and He, D. and Ionides, E. L. and King, A. A.},
  year    = {2009},
  title   = {Time series analysis via mechanistic models},
  journal = {Annals of Applied Statistics},
  volume  = {3},
  pages   = {319--348}
}
@article{breto11,
  doi     = {10.1016/j.spa.2011.07.005},
  author  = {Bret{\'o}, C. and Ionides, E. L.},
  year    = {2011},
  title   = {Compound {Markov} counting processes and their applications to modeling infinitesimally over-dispersed systems},
  journal = {Stochastic Processes and their Applications},
  volume  = {121},
  pages   = {2571--2591}
}
@article{breto14,
  doi     = {10.1016/j.spl.2014.04.003},
  title   = {On idiosyncratic stochasticity of financial leverage effects},
  journal = {Statistics \& Probability Letters},
  volume  = {91},
  pages   = {20--26},
  year    = {2014},
  issn    = {0167-7152},
  author  = {Bret{\'o}, C.}
}
@article{breto18,
  year     = {2018},
  doi      = {10.1214/17-STS636},
  title    = {Modeling and inference for infectious disease dynamics: A likelihood-based approach},
  author   = {Bret{\'o}, C.},
  journal  = StatSci,
  number   = {1},
  pages    = {57--69},
  volume   = {33}
}
@article{breto20,
  author    = {Bret{\'o}, C. and Ionides, E. L. and King, A. A.},
  title     = {Panel data analysis via mechanistic models},
  journal   = {Journal of the American Statistical Association},
  volume    = {115},
  number    = {531},
  pages     = {1178--1188},
  year      = {2020},
  publisher = {ASA Website},
  doi       = {10.1080/01621459.2019.1604367},
  eprint    = {https://doi.org/10.1080/01621459.2019.1604367}
}
@article{breto24,
  title   = {A tutorial on panel data analysis using partially observed {Markov} processes via the {R} package panelPomp},
  author  = {Breto, C. and Wheeler, J. and King, A. A. and Ionides, E. L.},
  journal = {arXiv},
  volume  = {2409.03876},
  year    = {2024},
  doi     = {https://doi.org/10.48550/arXiv.2409.03876}
}
@article{cauchemez04,
  doi     = {10.1002/sim.1912},
  author  = {Cauchemez, S. and Carrat, F. and Viboud, C. and Valleron, A. J. and Boelle, P. Y.},
  year    = {2004},
  title   = {A {Bayesian} {MCMC} approach to study transmission of influenza: Application to household longitudinal data},
  journal = SM,
  volume  = {23},
  pages   = {3469--3487}
}
@article{cauchemez07-jasa,
  doi     = {10.1198/016214506000000230},
  author  = {Cauchemez, Simon and Temime, Laura and Guillemot, Didier and Varon, Emmanuelle and Valleron, Alain-Jacques and Thomas, Guy and Boelle, Pierre-Yves},
  title   = {Investigating heterogeneity in pneumococcal transmission: A {Bayesian} {MCMC} approach applied to a follow-up of schools},
  journal = JASA,
  volume  = {101},
  year    = {2006},
  pages   = {946--958}
}
@article{croissant08,
  title   = {Panel data econometrics in {R}: The plm package},
  author  = {Croissant, Y. and Millo, G.},
  journal = {Journal of Statistical Software},
  doi     = {10.18637/jss.v027.i02},
  volume  = {27},
  number  = {2},
  pages   = {1--43},
  year    = {2008}
}
@article{delmoral01,
  title   = {On the stability of interacting processes with applications to filtering and genetic algorithms},
  journal = {Annales de l'Institut Henri Poincar{\'e} (B) Probability and Statistics},
  volume  = {37},
  number  = {2},
  pages   = {155--194},
  year    = {2001},
  issn    = {0246-0203},
  doi     = {https://doi.org/10.1016/S0246-0203(00)01064-5},
  author  = {Del Moral, Pierre and Guionnet, Alice}
}
@manual{dopar22,
  title  = {doParallel: Foreach parallel adaptor for the 'parallel' package},
  author = {{Microsoft} and Steve Weston},
  year   = {2022},
  note   = {R package version 1.0.17},
  url    = {https://CRAN.R-project.org/package=doParallel},
  doi    = {10.32614/CRAN.package.doParallel}
}
@book{doucet01,
  title     = {Sequential {Monte Carlo} methods in practice},
  author    = {Doucet, Arnaud and De Freitas, Nando and Gordon, Neil James and others},
  volume    = {1},
  number    = {2},
  year      = {2001},
  publisher = {Springer},
  doi       = {10.1007/978-1-4757-3437-9}
}
@article{doucet15pmcmc,
  doi       = {10.1093/biomet/asu075},
  title     = {Efficient implementation of {Markov} chain {Monte Carlo} when using an unbiased likelihood estimator},
  author    = {Doucet, Arnaud and Pitt, M. K. and Deligiannidis, George and Kohn, Robert},
  journal   = {Biometrika},
  volume    = {102},
  pages     = {295--313},
  year      = {2015},
  publisher = {Biometrika Trust}
}
@article{domeyer22,
  author   = {Domeyer, J. E. and Lee, J. D. and Toyoda, H. and Mehler, B. and Reimer, B.},
  journal  = {IEEE Transactions on Human-Machine Systems},
  title    = {Driver-pedestrian perceptual models demonstrate coupling: Implications for vehicle automation},
  year     = {2022},
  volume   = {52},
  number   = {4},
  pages    = {557--566},
  keywords = {Vehicles; Roads; Automation; Legged locomotion; Visualization; Safety; Predictive models; Dynamic modeling; joint activity; perception; vehicle automation},
  doi      = {10.1109/THMS.2022.3158201}
}
@article{dunson07-smmr,
  doi     = {10.1177/0962280206075309},
  author  = {Dunson, David B.},
  title   = {{Bayesian} methods for latent trait modelling of longitudinal data},
  volume  = {16},
  number  = {5},
  pages   = {399--415},
  year    = {2007},
  journal = {Statistical Methods in Medical Research}
}
@book{durbin12,
  title     = {Time series analysis by state space methods},
  author    = {Durbin, James and Koopman, Siem Jan},
  year      = {2012},
  publisher = {Oxford University Press (UK)},
  isbn      = {9780199641178},
  doi       = {10.1093/acprof:oso/9780199641178.001.0001}
}
@article{eddy04,
  title     = {What is a hidden {Markov} model?},
  author    = {Eddy, Sean R.},
  journal   = {Nature Biotechnology},
  volume    = {22},
  number    = {10},
  pages     = {1315--1316},
  year      = {2004},
  publisher = {Nature Publishing Group UK London},
  doi       = {10.1038/nbt1004-1315}
}
@article{fasiolo16,
  author    = {Fasiolo, Matteo and Pya, Natalya and Wood, Simon N.},
  doi       = {10.1214/15-STS534},
  fjournal  = {Statistical Science},
  journal   = StatSci,
  month     = {02},
  number    = {1},
  pages     = {96--118},
  publisher = {The Institute of Mathematical Statistics},
  title     = {A comparison of inferential methods for highly nonlinear state space models in ecology and epidemiology},
  volume    = {31},
  year      = {2016}
}
@misc{genolini08,
  title        = {A (Not so) short introduction to S4},
  author       = {Genolini, Christophe},
  howpublished = {R Foundation for Statistical Computing},
  year         = {2008},
  url          = {https://CRAN.R-project.org/doc/contrib/Genolini-S4tutorialV0-5en.pdf}
}
@article{glennie23,
  title     = {Hidden {Markov} models: Pitfalls and opportunities in ecology},
  author    = {Glennie, Richard and Adam, Timo and Leos-Barajas, Vianey and Michelot, Th{\'e}o and Photopoulou, Theoni and McClintock, Brett T.},
  journal   = {Methods in Ecology and Evolution},
  volume    = {14},
  number    = {1},
  pages     = {43--56},
  year      = {2023},
  publisher = {Wiley Online Library},
  doi       = {10.1111/2041-210X.13801}
}
@article{halekoh06,
  title   = {The {R} package geepack for generalized estimating equations},
  author  = {Halekoh, U. and H{\o}jsgaard, S. and Yan, J.},
  journal = {Journal of Statistical Software},
  doi     = {10.18637/jss.v015.i02},
  volume  = {15},
  number  = {2},
  pages   = {1--11},
  year    = {2006}
}
@article{he10,
  doi      = {10.1098/rsif.2009.0151},
  author   = {He, D. and Ionides, E. L. and King, A. A.},
  year     = {2010},
  title    = {Plug-and-play inference for disease dynamics: Measles in large and small towns as a case study},
  journal  = JRSI,
  volume   = {7},
  pages    = {271--283}
}
@article{ionides06,
  doi      = {10.1073/pnas.0603181103},
  author   = {Ionides, E. L. and Bret{\'o}, C. and King, A. A.},
  year     = {2006},
  title    = {Inference for nonlinear dynamical systems},
  journal  = PNAS,
  volume   = {103},
  pages    = {18438--18443}
}
@article{ionides11,
  doi      = {10.1214/11-AOS886},
  author  = {Ionides, E. L. and Bhadra, A. and Atchad{\'e}, Y. and King, A. A.},
  title   = {Iterated filtering},
  year    = {2011},
  journal = {Annals of Statistics},
  volume  = {39},
  pages   = {1776--1802}
}
@article{ionides11-statSci,
  doi     = {10.1214/11-STS345C},
  author  = {Ionides, E. L.},
  year    = {2011},
  title   = {Discussion on ``Feature matching in time series modeling'' by Y. Xia and H. Tong},
  journal = {Statistical Science},
  volume  = {26},
  pages   = {49--52}
}
@article{ionides15,
  author   = {Ionides, E. L. and Nguyen, D. and Atchad{\'e}, Y. and Stoev, S. and King, A. A.},
  title    = {Inference for dynamic and latent variable models via iterated, perturbed {Bayes} maps},
  year     = {2015},
  doi      = {10.1073/pnas.1410597112},
  journal  = PNAS,
  volume   = {112},
  number   = {3},
  pages    = {719--724}
}
@article{ionides17-tas,
  author  = {Ionides, E. L. and Giessing, A. and Ritov, Y. and Page, S. E.},
  title   = {Response to the {ASA}'s statement on p-values: Context, process, and purpose},
  journal = {The American Statistician},
  volume  = {71},
  number  = {1},
  pages   = {88-89},
  year    = {2017},
  doi     = {10.1080/00031305.2016.1234977}
}
@article{ionides17,
  title    = {Monte Carlo profile confidence intervals for dynamic systems},
  author   = {Ionides, E. L. and Bret{\'o}, C. and Park, J. and Smith, R. A. and King, A. A.},
  journal  = JRSI,
  doi      = {10.1098/rsif.2017.0126},
  volume   = {14},
  number   = {132},
  pages    = {1--10},
  year     = {2017}
}
@article{kantas15,
  author   = {Kantas, Nikolas and Doucet, Arnaud and Singh, Sumeetpal S. and Maciejowski, Jan and Chopin, Nicolas},
  title    = {On particle methods for parameter estimation in state-space models},
  journal  = {Statist. Sci.},
  fjournal = {Statistical Science. A Review Journal of the Institute of Mathematical Statistics},
  volume   = {30},
  year     = {2015},
  number   = {3},
  pages    = {328--351},
  issn     = {0883-4237},
  doi      = {10.1214/14-STS511}
}
@article{king15,
  doi      = {10.1098/rspb.2015.0347},
  title    = {Avoidable errors in the modelling of outbreaks of emerging pathogens, with special reference to {Ebola}},
  author   = {King, Aaron A. and Domenech de Celle, Matthieu and Magpantay, Felicia M. G. and Rohani, Pejman},
  journal  = PRSB,
  volume   = {282},
  pages    = {20150347},
  year     = {2015}
}
@article{king16,
  title   = {Statistical inference for partially observed {Markov} processes via the {R} package pomp},
  volume  = {69},
  url     = {https://www.jstatsoft.org/index.php/jss/article/view/v069i12},
  doi     = {10.18637/jss.v069.i12},
  number  = {12},
  journal = {Journal of Statistical Software},
  author  = {King, A. A. and Nguyen, D. and Ionides, E. L.},
  year    = {2016},
  pages   = {1--43}
}
@article{legland04,
  author    = {Le Gland, F. and Oudjane, N.},
  doi       = {10.1214/aoap/1075828050},
  journal   = {The Annals of Applied Probability},
  month     = {02},
  number    = {1},
  pages     = {144--187},
  publisher = {The Institute of Mathematical Statistics},
  title     = {Stability and uniform approximation of nonlinear filters using the Hilbert metric and application to particle filters},
  volume    = {14},
  year      = {2004}
}
@article{linden09,
  title     = {Estimating environmental effects on population dynamics: Consequences of observation error},
  author    = {Lind{\'e}n, Andreas and Knape, Jonas},
  journal   = {Oikos},
  volume    = {118},
  number    = {5},
  pages     = {675--680},
  year      = {2009},
  publisher = {Wiley Online Library},
  doi       = {10.1111/j.1600-0706.2008.17250.x}
}
@article{marjoram03,
  doi       = {10.1073/pnas.0306899100},
  title     = {{Markov} chain {Monte Carlo} without likelihoods},
  author    = {Marjoram, P. and Molitor, J. and Plagnol, V. and Tavare, S.},
  journal   = {Proceedings of the National Academy of Sciences},
  volume    = {100},
  number    = {26},
  pages     = {15324--15328},
  year      = {2003},
  publisher = {National Acad. Sciences}
}
@article{marino19,
  doi       = {10.1002/ecy.2583},
  title     = {Evaluating consumptive and nonconsumptive predator effects on prey density using field time series data},
  author    = {Marino, J. A. and Peacor, S. D. and Bunnell, D. B. and Vanderploeg, H. A. and Pothoven, S. A. and Elgin, A. K. and Bence, J. R. and Jiao, J. and Ionides, E. L.},
  journal   = {Ecology},
  volume    = {100},
  pages     = {e02583},
  year      = {2019},
  publisher = {Wiley Online Library}
}
@article{martinez-bakker15,
  doi      = {10.1371/journal.pbio.1002172},
  author   = {Martinez-Bakker, M. and King, A. A. and Rohani, P.},
  year     = {2015},
  title    = {Unraveling the Transmission Ecology of {Polio}},
  journal  = PLoS-Bio,
  volume   = {13},
  number    = {6},
  pages     = {e1002172}
}
@article{martinez-bakker14,
  author    = {Martinez-Bakker, Micaela and Bakker, Kevin M. and King, Aaron A. and Rohani, Pejman},
  title     = {Human birth seasonality: latitudinal gradient and interplay with childhood disease dynamics},
  volume    = {281},
  number    = {1783},
  year      = {2014},
  doi       = {10.1098/rspb.2013.2438},
  publisher = {The Royal Society},
  issn      = {0962-8452},
  journal   = {Proceedings of the Royal Society of London B: Biological Sciences}
}
@article{mcclintock20,
  title     = {Uncovering ecological state dynamics with hidden {Markov} models},
  author    = {McClintock, Brett T. and Langrock, Roland and Gimenez, Olivier and Cam, Emmanuelle and Borchers, David L. and Glennie, Richard and Patterson, Toby A.},
  journal   = {Ecology Letters},
  volume    = {23},
  number    = {12},
  pages     = {1878--1903},
  year      = {2020},
  doi       = {https://doi.org/10.1111/ele.13610},
  publisher = {Wiley Online Library}
}
@article{newman23,
  title     = {State-space models for ecological time-series data: Practical model-fitting},
  doi       = {10.1111/2041-210X.13833},
  author    = {Newman, K. and King, R. and Elvira, V. and de Valpine, P. and McCrea, R. S. and Morgan, B. J. T.},
  journal   = {Methods in Ecology and Evolution},
  volume    = {14},
  number    = {1},
  pages     = {26--42},
  year      = {2023},
  publisher = {Wiley Online Library}
}
@article{ning21,
  title   = {Scalable Monte Carlo inference and rescaled local asymptotic normality},
  doi     = {10.3150/20-BEJ1321},
  author  = {Ning, N. and Ionides, E. L. and Ritov, Y.},
  year    = {2021},
  journal = {Bernoulli},
  volume  = {27},
  pages   = {2532--2555}
}
@manual{R,
  title        = {{R}: A Language and Environment for Statistical Computing},
  author       = {{R Core Team}},
  organization = {{R Foundation for Statistical Computing}},
  address      = {Vienna, Austria},
  year         = {2017},
  url          = {https://www.R-project.org/}
}
@article{ranjeva17,
  author    = {Ranjeva, S. L. and Baskerville, E. B. and Dukic, V. and Villa, L. L. and Lazcano-Ponce, E. and Giuliano, A. R. and Dwyer, G. and Cobey, S.},
  title     = {Recurring infection with ecologically distinct {HPV} types can explain high prevalence and diversity},
  volume    = {114},
  number    = {51},
  pages     = {13573--13578},
  year      = {2017},
  doi       = {10.1073/pnas.1714712114},
  publisher = {National Academy of Sciences},
  journal   = PNAS
}
@article{ranjeva19,
  doi       = {10.1038/s41467-019-09652-6},
  title     = {Age-specific differences in the dynamics of protective immunity to influenza},
  author    = {Ranjeva, S. L. and Subramanian, R. and Fang, V. J. and Leung, G. M. and Ip, D. K. M. and Perera, R. A. P. M. and Peiris, J. S. M. and Cowling, B. J. and Cobey, S.},
  journal   = {Nature Communications},
  volume    = {10},
  number    = {1},
  pages     = {1660},
  year      = {2019},
  publisher = {Nature Publishing Group}
}
@article{raser05,
  doi     = {10.1126/science.1105891},
  author  = {Raser, Jonathan M. and O'Shea, Erin K.},
  title   = {Noise in gene expression: Origins, consequences, and control},
  journal = {Science},
  volume  = {309},
  number  = {5743},
  pages   = {2010--2013},
  year    = {2005}
}
@article{romero-severson15,
  doi       = {10.1093/aje/kwv044},
  title     = {Dynamic variation in sexual contact rates in a cohort of {HIV}-negative gay men},
  author    = {Romero-Severson, EO and Volz, E. and Koopman, JS and Leitner, T. and Ionides, E. L.},
  journal   = AJE,
  pages     = {255--262},
  volume    = {182},
  year      = {2015},
  publisher = OUP
}
@article{roy13,
  doi     = {10.1371/journal.pntd.0001979},
  author  = {Roy, M. and Bouma, M. J. and Ionides, E. L. and Dhiman, R. C. and Pascual, M.},
  year    = {2013},
  title   = {The potential elimination of {Plasmodium vivax} malaria by relapse treatment: Insights from a transmission model and surveillance data from {NW} {India}},
  journal = {PLoS Neglected Tropical Diseases},
  volume  = {7},
  pages   = {e1979}
}
@article{shrestha11,
  doi       = {10.1371/journal.pcbi.1002135},
  author    = {Shrestha, Sourya and King, Aaron A. and Rohani, Pejman},
  journal   = PLoS-CompBio,
  publisher = {Public Library of Science},
  title     = {Statistical inference for multi-pathogen systems},
  year      = {2011},
  month     = {08},
  volume    = {7},
  pages     = {e1002135},
  number    = {8}
}
@article{simpson23,
  title     = {Profile-wise analysis: A profile likelihood-based workflow for identifiability analysis, estimation, and prediction with mechanistic mathematical models},
  doi       = {10.1371/journal.pcbi.1011515},
  author    = {Simpson, M. J. and Maclaren, O. J.},
  journal   = {PLoS Computational Biology},
  volume    = {19},
  number    = {9},
  pages     = {e1011515},
  year      = {2023},
  publisher = {Public Library of Science San Francisco, CA USA}
}
@article{sisson07,
  doi       = {10.1073/pnas.0607208104},
  title     = {Sequential {Monte Carlo} without likelihoods},
  author    = {Sisson, S. A. and Fan, Y. and Tanaka, M. M.},
  journal   = {Proceedings of the National Academy of Sciences},
  volume    = {104},
  number    = {6},
  pages     = {1760--1765},
  year      = {2007},
  publisher = {National Acad. Sciences}
}
@article{smith17,
  doi      = {10.1093/molbev/msx124},
  author   = {Smith, R. A. and Ionides, E. L. and King, A. A.},
  year     = {2017},
  title    = {Infectious disease dynamics inferred from genetic data via sequential {Monte Carlo}},
  journal  = MBE,
  volume   = {34},
  pages    = {2065--2084}
}
@article{smith23,
  title     = {Parameterizing lognormal state space models using moment matching},
  author    = {Smith, John W and Thomas, R. Quinn and Johnson, Leah R},
  journal   = {Environmental and Ecological Statistics},
  volume    = {30},
  number    = {3},
  pages     = {385--419},
  year      = {2023},
  publisher = {Springer},
  doi       = {10.1007/s10651-023-00570-x}
}
@article{vittinghoff99,
  author  = {Vittinghoff, Eric and Douglas, John and Judon, Frank and McKiman, David and MacQueen, Kate and Buchbinder, Susan P.},
  title   = {Per-contact risk of human immunodeficiency virus transmission between male sexual partners},
  volume  = {150},
  number  = {3},
  pages   = {306--311},
  year    = {1999},
  journal = {American Journal of Epidemiology},
  issn    = {0002-9262},
  doi     = {10.1093/oxfordjournals.aje.a010003}
}
@article{wale19,
  doi       = {10.1101/648428},
  title     = {Breaking down defenses: Quantitative analysis of malaria infection dynamics reveals distinct immune defense strategies},
  author    = {Wale, Nina and Jones, Matthew J. and Sim, Derek G. and Read, Andrew F. and King, Aaron A.},
  journal   = {bioRxiv:648428},
  xpages    = {648428},
  year      = {2019},
  publisher = {Cold Spring Harbor Laboratory}
}
@book{wickham16,
  author    = {Hadley Wickham},
  title     = {ggplot2: Elegant graphics for data analysis},
  publisher = {Springer-Verlag New York},
  year      = {2016},
  isbn      = {978-3-319-24277-4},
  url       = {https://ggplot2.tidyverse.org}
}
@book{wickham19,
  title     = {Advanced {R}},
  author    = {Wickham, H.},
  year      = {2019},
  publisher = {Chapman and Hall/CRC},
  isbn      = {9781351201315},
  doi       = {10.1201/9781351201315}
}
@article{winsor32,
  doi      = {10.1073/pnas.18.1.1},
  title    = {The {Gompertz} curve as a growth curve},
  author   = {Winsor, C. P.},
  xjournal = {Proceedings of the National Academy of Sciences},
  journal  = PNAS,
  volume   = {18},
  xnumber  = {1},
  pages    = {1--8},
  year     = {1932}
}
@article{wood10,
  doi     = {10.1038/nature09319},
  title   = {Statistical inference for noisy nonlinear ecological dynamic systems},
  author  = {Wood, S. N.},
  journal = {Nature},
  pages   = {1102--1104},
  year    = {2010},
  volume  = {466},
  xnumber = {7310}
}
@article{yang10,
  doi     = {10.1198/jasa.2010.ap09581},
  author  = {Yang, Yang and Halloran, M. Elizabeth and Daniels, Michael J. and Longini, Ira M. and Burke, Donald S. and Cummings, Derek A. T.},
  title   = {Modeling competing infectious pathogens from a {Bayesian} perspective: Application to influenza studies with incomplete laboratory results},
  journal = {Journal of the American Statistical Association},
  volume  = {105},
  number  = {492},
  pages   = {1310--1322},
  year    = {2010}
}
@article{yang12,
  doi       = {10.1111/j.1541-0420.2012.01757.x},
  author    = {Yang, Yang and Longini Jr., Ira M. and Halloran, M. Elizabeth and Obenchain, Valerie},
  title     = {A hybrid {EM} and Monte Carlo {EM} algorithm and its application to analysis of transmission of infectious diseases},
  journal   = {Biometrics},
  publisher = {Blackwell Publishing Inc},
  issn      = {1541-0420},
  volume    = {68},
  number    = {4},
  pages     = {1238--1249},
  year      = {2012}
}
@manual{foreach22,
  title  = {foreach: Provides foreach looping construct},
  author = {{Microsoft} and Steve Weston},
  year   = {2022},
  note   = {R package version 1.5.2},
  url    = {https://CRAN.R-project.org/package=foreach},
  doi    = {10.32614/CRAN.package.foreach}
}
