@book{Baddeley:Turner:2005:JSSOBK:v12i06,
author = {A.~{Baddeley and R.~Turner}},
title = {{spatstat: An R package for analyzing spatial point patterns}},
publisher = {Journal of Statistical Software 12 (6): 1},
pages = {1--42},
year = {2005},
url = {http://www.jstatsoft.org/v12/i06}
}
@book{ChangSchoenberg2011,
author = {C.-H. {Chang and F.~Schoenberg}},
title = {{Testing separability in marked multidimensional point processes with covariates}},
publisher = {The Annals of the Institute of Statistical Mathematics,63 (6):   doi10.1007/s10463-010-0284-7},
pages = {1103--1122},
year = {2011}
}
@book{etasFLP,
author = {M.~{Chiodi and G.~Adelfio}},
title = {{etasFLP: Mixed FLP and ML Estimation of ETAS Space-Time Point Processes, }},
publisher = {R package version 1.3.0},
year = {2015},
url = {https://CRAN.R-project.org/package=etasFLP}
}
@book{Cover:67,
author = {T.~{Cover and P.~Hart}},
title = {{Nearest neighbor pattern classification}},
publisher = {IEEE Transactions on Information Theory 13(1):   doi10.1109/TIT..1053964},
pages = {21--27},
year = {1967}
}
@book{Gabriel:Rowlingson:Diggle:2012:JSSOBK:v53i02,
author = {E.~{Gabriel, B.~S. Rowlingson, and P.~J. Diggle}},
title = {{stpp: An R package for plotting, simulating and analyzing spatio-temporal point patterns}},
publisher = {Journal of Statistical Software 53 (2): 4},
pages = {1--29},
year = {2013},
url = {http://www.jstatsoft.org/v53/i02}
}
@book{PtProcess,
author = {D.~{Harte}},
title = {{PtProcess: An R package for modelling marked point processes indexed by time}},
publisher = {Journal of Statistical Software 35 (8):},
pages = {1--32},
year = {2010},
url = {http://www.jstatsoft.org/v35/i08/}
}
@book{Hawkes1971,
author = {A.~G. {Hawkes}},
title = {{Spectra of some self-exciting and mutually exciting point processes}},
publisher = {Biometrika 58 (1):   doi10.2307/2334319},
pages = {83--90},
year = {1971}
}
@book{mmpp2015,
author = {H.~{Hino, K.~Takano, Y.~Yoshikawa, and N.~Murata}},
title = {{mmpp: Various similarity and distance metrics for marked point processes, }},
year = {2015},
url = {https://CRAN.R-project.org/package=mmpp}
}
@book{bmetric2009,
author = {C.~{Houghton}},
title = {{Studying spike trains using a van Rossum metric with a synapse-like filter}},
publisher = {Journal of Computational Neuroscience 26(1):   doi10.1007/s10827-008-0106-6},
pages = {149--155},
year = {2009}
}
@book{Hunter_2003_amplitude,
author = {J.~D. {Hunter and J.~G. Milton}},
title = {{Amplitude and frequency dependence of spike timing: Implications for dynamic regulation}},
publisher = {Journal of Neurophysiology 90 (1): July  doi10.1152/jn.00074.},
pages = {387--394},
year = {2003}
}
@book{Iwata2008,
author = {T.~{Iwata}},
title = {{Low detection capability of global earthquakes after the occurrence of large earthquakes: Investigation of the Harvard CMT catalogue}},
publisher = {Geophysical Journal International 174 (3):  doi10.1111/j.1365-246X..03864.x},
pages = {849--856},
year = {2008}
}
@book{Kagan2004,
author = {Y.~Y. {Kagan}},
title = {{Short-term properties of earthquake catalogs and models of earthquake source}},
publisher = {Bulletin of the Seismological Society of America 94(4):   doi10.1785/012003098},
pages = {1207--1228},
year = {2004}
}
@book{citeulike:347581,
author = {E.~R. {Kandel, J.~H. Schwartz, and T.~M. Jessell}},
title = {{Principles of Neural Science}},
publisher = {McGraw-Hill Medical 4th edition July},
year = {2000}
}
@book{Kreuz2007151,
author = {T.~{Kreuz, J.~S. Haas, A.~Morelli, H.~D. Abarbanel, and A.~Politi}},
title = {{Measuring spike train synchrony}},
publisher = {Journal of Neuroscience Methods 165 (1):  doi10.1016/j.jneumeth..05.031},
pages = {151--161},
year = {2007}
}
@book{Lyttle2011296,
author = {D.~{Lyttle and J.-M. Fellous}},
title = {{A new similarity measure for spike trains: Sensitivity to bursts and periods of inhibition}},
publisher = {Journal of Neuroscience Methods 199 (2):  doi10.1016/j.jneumeth..05.005},
pages = {296--309},
year = {2011}
}
@book{SAPP,
author = {T.~I. of~{Statistical~Mathematics}},
title = {{SAPP: Statistical Analysis of Point Processes, }},
publisher = {R package version 1.0.4},
year = {2014},
url = {https://CRAN.R-project.org/package=SAPP}
}
@book{ogata1988,
author = {Y.~{Ogata}},
title = {{Statistical models for earthquake occurrences and residual analysis for point processes}},
publisher = {Journal of the American Statistical Association 83(401):  Mar  doi10.2307/2288914},
pages = {9--27},
year = {1988}
}
@book{ogata1998,
author = {Y.~{Ogata}},
title = {{Space-time point-process models for earthquake occurrences}},
publisher = {The Annals of the Institute of Statistical Mathematics,50 (2):  June  doi10.1023/a:1003403601725},
pages = {379--402},
year = {1998}
}
@book{Paiva:2009:RKH:1512570.1512576,
author = {A.~R.~C. {Paiva, I.~Park, and J.~C. Pr\'{\i}ncipe}},
title = {{A reproducing kernel Hilbert space framework for spike train signal processing}},
publisher = {Neural Comput. 21 (2):  Feb  doi10.1162/neco.2008.09-07-614},
pages = {424--449},
year = {2009}
}
@book{PhysRevE.66.041904,
author = {R.~{Quian~Quiroga, T.~Kreuz, and P.~Grassberger}},
title = {{Event synchronization: A simple and fast method to measure synchronicity and time delay patterns}},
publisher = {Physical Review E 66: 04 Oct 2002 doi10.1103/PhysRevE.66.04},
year = {1904}
}
@book{citeulike:7364298,
author = {R.-D. {Reiss}},
title = {{A Course on Point Processes}},
publisher = {Springer Series in Statistics Springer},
year = {1993}
}
@book{Rowlingson1993627,
author = {B.~{Rowlingson and P.~Diggle}},
title = {{Splancs: Spatial point pattern analysis code in S-PLUS}},
publisher = {Computers & Geosciences 19 (5):  doi10.1016/0098-3004(93)90099-Q},
pages = {627--655},
year = {1993}
}
@book{Schoenberg2004,
author = {F.~P. {Schoenberg}},
title = {{Testing separability in spatial-temporal marked point processes}},
publisher = {Biometrics 60 (2):   doi10.1111/j.0006-341X..00192.x},
pages = {471--481},
year = {2004}
}
@book{Schreiber2003925,
author = {S.~{Schreiber, J.~Fellous, D.~Whitmer, P.~Tiesinga, and T.~Sejnowski}},
title = {{A new correlation-based measure of spike timing reliability}},
publisher = {Neurocomputing  (0): 925 -- 931 doi10.1016/S0925-2312(02)00838-X Computational Neuroscience: Trends in Research},
pages = {52--54},
year = {2003}
}
@book{975545,
author = {J.~{Shawe-Taylor and N.~Cristianini}},
title = {{Kernel Methods for Pattern Analysis}},
publisher = {Cambridge University Press New York NY USA},
year = {2004}
}
@book{SnyderMiller1991,
author = {D.~L. {Snyder and M.~I. Miller}},
title = {{Random Point Processes in Time and Space}},
publisher = {Springer-Verlag New York NY USA 2nd edition},
year = {1991}
}
@book{suzuki10MPP,
author = {S.~{Suzuki, Y.~Hirata, and K.~Aihara}},
title = {{Definition of distance for marked point process data and its application to recurrence plot-based analysis of exhange tick data of foreign currencies}},
publisher = {International Journal of Bifurcation and Chaos 20(11):   doi10.1142/S0218127410027970},
pages = {3699--3708},
year = {2010}
}
@book{DBLP:journals/neco/Rossum01,
author = {M.~C.~W. van {Rossum}},
title = {{A novel spike distance}},
publisher = {Neural Computation 13 (4):   doi10.1162/089976601300014321},
pages = {751--763},
year = {2001}
}
@book{Victor2005,
author = {J.~D. {Victor}},
title = {{Spike train metrics}},
publisher = {Current Opinion in Neurobiology 15: ,October  doi10.1016/j.conb..08.002},
pages = {585--592},
year = {2005}
}

