@article{yang2019online,
  title={Online sequential echo state network with sparse RLS algorithm for time series prediction},
  author={Yang, Cuili and Qiao, Junfei and Ahmad, Zohaib and Nie, Kaizhe and Wang, Lei},
  journal={Neural Networks},
  volume={118},
  pages={32--42},
  year={2019},
  publisher={Elsevier}
}

@article{alexandrov2020gluonts,
  title={GluonTS: Probabilistic and Neural Time Series Modeling in Python.},
  author={Alexandrov, Alexander and Benidis, Konstantinos and Bohlke-Schneider, Michael and Flunkert, Valentin and Gasthaus, Jan and Januschowski, Tim and Maddix, Danielle C and Rangapuram, Syama Sundar and Salinas, David and Schulz, Jasper and others},
  journal={J. Mach. Learn. Res.},
  volume={21},
  number={116},
  pages={1--6},
  year={2020}
}

@Article{Wickham2011,
    author = {Hadley Wickham},
    title = {testthat: Get Started with Testing},
    journal = {The R Journal},
    year = {2011},
    volume = {3},
    pages = {5--10},
    url = {https://journal.r-project.org/archive/2011-1/RJournal_2011-1_Wickham.pdf},
  }

@Book{Yihui2018,
    title = {R Markdown: The Definitive Guide},
    author = {Yihui Xie and J.J. Allaire and Garrett Grolemund},
    publisher = {Chapman and Hall/CRC},
    address = {Boca Raton, Florida},
    year = {2018},
    note = {ISBN 9781138359338},
    url = {https://bookdown.org/yihui/rmarkdown},
  }


@Book{Yihui2015,
    title = {Dynamic Documents with {R} and knitr},
    author = {Yihui Xie},
    publisher = {Chapman and Hall/CRC},
    address = {Boca Raton, Florida},
    year = {2015},
    edition = {2nd},
    note = {ISBN 978-1498716963},
    url = {https://yihui.org/knitr/},
  }

  @Article{eddelbuettel2014,
    title = {RcppArmadillo: Accelerating R with high-performance C++ linear algebra},
    author = {Dirk Eddelbuettel and Conrad Sanderson},
    journal = {Computational	Statistics and Data Analysis},
    year = {2014},
    volume = {71},
    month = {March},
    pages = {1054--1063},
    url = {http://dx.doi.org/10.1016/j.csda.2013.02.005},
  }

@Article{eddelbuettel2018,
    title = {{Extending 	extit{R} with 	extit{C++}: A Brief Introduction to 	extit{Rcpp}}},
    author = {Dirk Eddelbuettel and James Joseph Balamuta},
    journal = {The American Statistician},
    year = {2018},
    volume = {72},
    number = {1},
    pages = {28-36},
    doi = {10.1080/00031305.2017.1375990},
  }

@article{bjerregoard2021introduction,
  title={An introduction to multivariate probabilistic forecast evaluation},
  author={Bjerregaard, Mathias Blicher and M{\o}ller, Jan Kloppenborg and Madsen, Henrik},
  journal={Energy and AI},
  pages={100058},
  year={2021},
  publisher={Elsevier}
}

@article{hong2016probabilistic,
  title={Probabilistic electric load forecasting: A tutorial review},
  author={Hong, Tao and Fan, Shu},
  journal={International Journal of Forecasting},
  volume={32},
  number={3},
  pages={914--938},
  year={2016},
  publisher={Elsevier}
}

@book{chatfield2019analysis,
  title={The analysis of time series: an introduction with R},
  author={Chatfield, Chris and Xing, Haipeng},
  year={2019},
  publisher={Chapman and hall/CRC}
}

@article{bokde2020forecasttb,
  title={Forecasttb—An R package as a test-bench for time series forecasting—Application of wind speed and solar radiation modeling},
  author={Bokde, Neeraj Dhanraj and Yaseen, Zaher Mundher and Andersen, Gorm Bruun},
  journal={Energies},
  volume={13},
  number={10},
  pages={2578},
  year={2020},
  publisher={Multidisciplinary Digital Publishing Institute}
}

@book{cryer2008time,
  title={Time series analysis: with applications in R},
  author={Cryer, Jonathan D and Chan, Kung-Sik},
  volume={2},
  year={2008},
  publisher={Springer}
}

@article{de200625,
  title={25 years of time series forecasting},
  author={De Gooijer, Jan G and Hyndman, Rob J},
  journal={International journal of forecasting},
  volume={22},
  number={3},
  pages={443--473},
  year={2006},
  publisher={Elsevier}
}

@article{inman2013solar,
  title={Solar forecasting methods for renewable energy integration},
  author={Inman, Rich H and Pedro, Hugo TC and Coimbra, Carlos FM},
  journal={Progress in energy and combustion science},
  volume={39},
  number={6},
  pages={535--576},
  year={2013},
  publisher={Elsevier}
}

@book{kleissl2013solar,
  title={Solar energy forecasting and resource assessment},
  author={Kleissl, Jan},
  year={2013},
  publisher={Academic Press}
}

@article{tashman2000out,
  title={Out-of-sample tests of forecasting accuracy: an analysis and review},
  author={Tashman, Leonard J},
  journal={International journal of forecasting},
  volume={16},
  number={4},
  pages={437--450},
  year={2000},
  publisher={Elsevier}
}

@article{lemos2021probabilistic,
  title={Probabilistic load forecasting considering temporal correlation: Online models for the prediction of households’ electrical load},
  author={Lemos-Vinasco, Julian and Bacher, Peder and M{\o}ller, Jan Kloppenborg},
  journal={Applied Energy},
  volume={303},
  pages={117594},
  year={2021},
  publisher={Elsevier}
}

@article{engel2004kernel,
  title={The kernel recursive least-squares algorithm},
  author={Engel, Yaakov and Mannor, Shie and Meir, Ron},
  journal={IEEE Transactions on signal processing},
  volume={52},
  number={8},
  pages={2275--2285},
  year={2004},
  publisher={IEEE}
}

@article{hastie1993varying,
  title={Varying-coefficient models},
  author={Hastie, Trevor and Tibshirani, Robert},
  journal={Journal of the Royal Statistical Society: Series B (Methodological)},
  volume={55},
  number={4},
  pages={757--779},
  year={1993},
  publisher={Wiley Online Library}
}

@article{dlm2010,
  title={An R package for dynamic linear models},
  author={Petris, Giovanni},
  journal={Journal of Statistical Software},
  volume={36},
  number={1},
  pages={1--16},
  year={2010}
}

@Article{kfas2017,
    title = {{KFAS}: Exponential Family State Space Models in {R}},
    author = {Jouni Helske},
    journal = {Journal of Statistical Software},
    year = {2017},
    volume = {78},
    number = {10},
    pages = {1--39},
    doi = {10.18637/jss.v078.i10},
  }

@book{ljung1983theory,
  title={Theory and practice of recursive identification},
  author={Ljung, Lennart and S{\"o}derstr{\"o}m, Torsten},
  year={1983},
  publisher={MIT press}
}

@book{ruppert2003semiparametric,
  title={Semiparametric regression},
  author={Ruppert, David and Wand, Matt P and Carroll, Raymond J},
  number={12},
  year={2003},
  publisher={Cambridge university press}
}

@inproceedings{nielsen2002prediction,
  title={Prediction of wind power using time-varying coefficient functions},
  author={Nielsen, Torben Skov and Nielsen, Henrik Aalborg and Madsen, Henrik},
  booktitle={Proceedings of the XV IFAC World Congress},
  year={2002}
}

@article{nielsen2006modelling,
  title={Modelling the heat consumption in district heating systems using a grey-box approach},
  author={Nielsen, Henrik Aalborg and Madsen, Henrik},
  journal={Energy and buildings},
  volume={38},
  number={1},
  pages={63--71},
  year={2006},
  publisher={Elsevier}
}

@article{tastu2011spatio,
  title={Spatio-temporal analysis and modelling of short-term wind power forecast errors},
  author={Tastu, Julija and Pinson, Pierre and Kotwa, Ewelina and Madsen, Henrik and Nielsen, Henrik Aa},
  journal={Wind Energy},
  volume={14},
  number={1},
  pages={43--60},
  year={2011},
  publisher={Wiley Online Library}
}

@article{nielsen2006using,
  title={Using quantile regression to extend an existing wind power forecasting system with probabilistic forecasts},
  author={Nielsen, Henrik Aalborg and Madsen, Henrik and Nielsen, Torben Skov},
  journal={Wind Energy: An International Journal for Progress and Applications in Wind Power Conversion Technology},
  volume={9},
  number={1-2},
  pages={95--108},
  year={2006},
  publisher={Wiley Online Library}
}

@article{rasmussen2020semi,
  title={Semi-parametric modelling of sun position dependent solar gain using B-splines in grey-box models},
  author={Rasmussen, Christoffer and Fr{\"o}lke, Linde and Bacher, Peder and Madsen, Henrik and Rode, Carsten},
  journal={Solar Energy},
  volume={195},
  pages={249--258},
  year={2020},
  publisher={Elsevier}
}

@book{madsen2010introduction,
  title={Introduction to general and generalized linear models},
  author={Madsen, Henrik and Thyregod, Poul},
  year={2010},
  publisher={CRC Press}
}

@article{sayed1994state,
  title={A state-space approach to adaptive RLS filtering},
  author={Sayed, Ali H and Kailath, Thomas},
  journal={IEEE signal processing magazine},
  volume={11},
  number={3},
  pages={18--60},
  year={1994},
  publisher={IEEE}
}

@article{shah1991recursive,
  title={Recursive least squares based estimation schemes for self-tuning control},
  author={Shah, Sirish L and Cluett, William R},
  journal={The Canadian Journal of Chemical Engineering},
  volume={69},
  number={1},
  pages={89--96},
  year={1991},
  publisher={Wiley Online Library}
}
@article{breiman1985estimating,
  title={Estimating optimal transformations for multiple regression and correlation},
  author={Breiman, Leo and Friedman, Jerome H},
  journal={Journal of the American statistical Association},
  volume={80},
  number={391},
  pages={580--598},
  year={1985},
  publisher={Taylor \& Francis Group}
}

@book{weisberg2005applied,
  title={Applied linear regression},
  author={Weisberg, Sanford},
  volume={528},
  year={2005},
  publisher={John Wiley \& Sons}
}

@article{Hesham2002,
author = { Hesham K.   Alfares  and  Mohammad   Nazeeruddin },
title = {Electric load forecasting: Literature survey and classification of methods},
journal = {International Journal of Systems Science},
volume = {33},
number = {1},
pages = {23-34},
year  = {2002},
publisher = {Taylor & Francis},
doi = {10.1080/00207720110067421},

URL = { 
        https://doi.org/10.1080/00207720110067421
    
},
eprint = { 
        https://doi.org/10.1080/00207720110067421
}}


@article{taylor2007short,
  title={Short-term load forecasting methods: An evaluation based on european data},
  author={Taylor, James W and McSharry, Patrick E},
  journal={IEEE Transactions on Power Systems},
  volume={22},
  number={4},
  pages={2213--2219},
  year={2007},
  publisher={IEEE}
}

@article{BACHER20091772,
title = "Online short-term solar power forecasting",
journal = "Solar Energy",
volume = "83",
number = "10",
pages = "1772 - 1783",
year = "2009",
issn = "0038-092X",
doi = "https://doi.org/10.1016/j.solener.2009.05.016",
author = "Peder Bacher and Henrik Madsen and Henrik Aalborg Nielsen"
}


@article{BACHER20111511,
title = "Identifying suitable models for the heat dynamics of buildings",
journal = "Energy and Buildings",
volume = "43",
number = "7",
pages = "1511 - 1522",
year = "2011",
issn = "0378-7788",
doi = "https://doi.org/10.1016/j.enbuild.2011.02.005",
author = "Peder Bacher and Henrik Madsen"
}


@ARTICLE{Dotzauer2002277,
author={Dotzauer, E.},
title={Simple model for prediction of loads in district - heating systems},
journal={Applied Energy},
year={2002},
volume={73},
number={3-4},
doi={10.1016/S0306-2619(02)00078-8},
pages={277-284},
document_type={Article},
source={Scopus},
}



@article{doi:10.1287/mnsc.6.3.324,
author = {Winters, Peter R.},
title = {Forecasting Sales by Exponentially Weighted Moving Averages},
journal = {Management Science},
volume = {6},
number = {3},
pages = {324-342},
year = {1960},
doi = {10.1287/mnsc.6.3.324}
}

@Book{Cameron+Trivedi:2013,
  author = {A. Colin Cameron and Pravin K. Trivedi},
  title = {Regression Analysis of Count Data},
  year = {2013},
  edition = {2nd},
  publisher = {Cambridge University Press},
  address = {Cambridge},
}

@Book{Chambers+Hastie:1992,
  editor = {John M. Chambers and Trevor J. Hastie},
  title = {Statistical Models in \proglang{S}},
  publisher = {Chapman \& Hall},
  year = {1992},
  address = {London},
}

@Manual{Jackman:2015,
  title = {\pkg{pscl}: Classes and Methods for \proglang{R} Developed in the Political Science Computational Laboratory, Stanford University},
  author = {Simon Jackman},
  year = {2015},
  note = {\proglang{R} package version 1.4.9},
  url = {https://CRAN.R-project.org/package=pscl},
}

@Article{Mullahy:1986,
  author = {John Mullahy},
  title = {Specification and Testing of Some Modified Count Data Models},
  year = {1986},
  journal = {Journal of Econometrics},
  volume = {33},
  number = {3},
  pages = {341--365},
  doi = {10.1016/0304-4076(86)90002-3},
}

@Book{McCullagh+Nelder:1989,
  author = {Peter McCullagh and John A. Nelder},
  title = {Generalized Linear Models},
  edition = {2nd},
  year = {1989},
  publisher = {Chapman \& Hall},
  address = {London},
  doi = {10.1007/978-1-4899-3242-6},
}

@Manual{R,
  title = {\proglang{R}: {A} Language and Environment for Statistical Computing},
  author = {{\proglang{R} Core Team}},
  organization = {\proglang{R} Foundation for Statistical Computing},
  address = {Vienna, Austria},
  year = {2017},
  url = {https://www.R-project.org/},
}

@Article{Stasinopoulos+Rigby:2007,
  author = {D. Mikis Stasinopoulos and Robert A. Rigby},
  title = {Generalized Additive Models for Location Scale and Shape ({GAMLSS}) in \proglang{R}},
  journal = {Journal of Statistical Software},
  year = {2007},
  volume = {23},
  number = {7},
  pages = {1--46},
  doi = {10.18637/jss.v023.i07},
}

@Book{Venables+Ripley:2002,
  author = {William N. Venables and Brian D. Ripley},
  title = {Modern Applied Statistics with \proglang{S}},
  edition = {4th},
  year = {2002},
  pages = {495},
  publisher = {Springer-Verlag},
  address = {New York},
  doi = {10.1007/978-0-387-21706-2},
}

@Book{Wood:2006,
  author = {Simon N. Wood},
  title = {Generalized Additive Models: An Introduction with \proglang{R}},
  year = {2006},
  publisher = {Chapman \& Hall/CRC},
  address = {Boca Raton},
}

@Article{Yee:2009,
  author = {Thomas W. Yee},
  title = {The \pkg{VGAM} Package for Categorical Data Analysis},
  journal = {Journal of Statistical Software},
  year = {2010},
  volume = {32},
  number = {10},
  pages = {1--34},
  doi = {10.18637/jss.v032.i10},
}

@Article{Zeileis+Kleiber+Jackman:2008,
  author = {Achim Zeileis and Christian Kleiber and Simon Jackman},
  title = {Regression Models for Count Data in \proglang{R}},
  journal = {Journal of Statistical Software},
  year = {2008},
  volume = {27},
  number = {8},
  pages = {1--25},
  doi = {10.18637/jss.v027.i08},
}


@book{hyndman2018forecasting,
  title={Forecasting: principles and practice},
  author={Hyndman, Rob J and Athanasopoulos, George},
  year={2018},
  publisher={OTexts}
}

@Article{Hyndman2008,
    title = {Automatic time series forecasting: the forecast package
      for {R}},
    author = {Rob J Hyndman and Yeasmin Khandakar},
    journal = {Journal of Statistical Software},
    volume = {26},
    number = {3},
    pages = {1--22},
    year = {2008},
    url = {https://www.jstatsoft.org/article/view/v027i03},
  }

@book{madsen2007time,
  title={Time series analysis},
  author={Madsen, Henrik},
  year={2007},
  publisher={CRC Press}
}

@article{spliid1983fast,
  title={A fast estimation method for the vector autoregressive moving average model with exogenous variables},
  author={Spliid, Henrik},
  journal={Journal of the American Statistical Association},
  volume={78},
  number={384},
  pages={843--849},
  year={1983},
  publisher={Taylor \& Francis Group}
}


@article{madsen1995estimation,
  title={Estimation of continuous-time models for the heat dynamics of a building},
  author={Madsen, Henrik and Holst, Jan},
  journal={Energy and buildings},
  volume={22},
  number={1},
  pages={67--79},
  year={1995},
  publisher={Elsevier}
}


@book{hastie2009elements,
  title={The elements of statistical learning: data mining, inference, and prediction},
  author={Hastie, Trevor and Tibshirani, Robert and Friedman, Jerome},
  year={2009},
  publisher={Springer Science \& Business Media}
}

@article{bacher2013short,
  title={Short-term heat load forecasting for single family houses},
  author={Bacher, Peder and Madsen, Henrik and Nielsen, Henrik Aalborg and Perers, Bengt},
  journal={Energy and buildings},
  volume={65},
  pages={101--112},
  year={2013},
  publisher={Elsevier}
}

@book{hyndman2008forecasting,
  title={Forecasting with exponential smoothing: the state space approach},
  author={Hyndman, Rob and Koehler, Anne B and Ord, J Keith and Snyder, Ralph D},
  year={2008},
  publisher={Springer Science \& Business Media}
}

@Manual{fable,
    title = {fable: Forecasting Models for Tidy Time Series},
    author = {Mitchell O'Hara-Wild and Rob Hyndman and Earo Wang},
    year = {2020},
    note = {R package version 0.2.1},
    url = {https://CRAN.R-project.org/package=fable},
}

@article{siebert2021systematic,
  title={A systematic review of Python packages for time series analysis},
  author={Siebert, Julien and Gro{\ss}, Janek and Schroth, Christof},
  journal={arXiv preprint arXiv:2104.07406},
  year={2021}
}

@article{loning2020forecasting,
  title={Forecasting with sktime: Designing sktime's New Forecasting API and Applying It to Replicate and Extend the M4 Study},
  author={L{\"o}ning, Markus and Kir{\'a}ly, Franz},
  journal={arXiv preprint arXiv:2005.08067},
  year={2020}
}