@book{hedeker2006longitudinal,
  title={Longitudinal Data Analysis},
  author={Hedeker, Donald and Gibbons, Robert D},
  year={2006},
  publisher={John Wiley \& Sons}
}

@article{xiong2019swgee,
	title={swgee: An R Package for Analyzing Longitudinal Data with Response Missingness and Covariate Measurement Error.},
	author={Xiong, Juan and Yi, Grace Y},
	journal={The R Journal},
	volume={11},
	number={1},
	pages={416--426},
	year={2019}
}

@article{yi2015functional,
	title={Functional and structural methods with mixed measurement error and misclassification in covariates},
	author={Yi, Grace Y and Ma, Yanyuan and Spiegelman, Donna and Carroll, Raymond J},
	journal={Journal of the American Statistical Association},
	volume={110},
	number={510},
	pages={681--696},
	year={2015},
	publisher={Taylor \& Francis}
}

@article{zhang2019r,
	title={R package for analysis of data with mixed measurement error and misclassification in covariates: augSIMEX},
	author={Zhang, Qihuang and Yi, Grace Y},
	journal={Journal of Statistical Computation and Simulation},
	volume={89},
	number={12},
	pages={2293--2315},
	year={2019},
	publisher={Taylor \& Francis}
}

@article{beesley2020statistical,
	title={Statistical inference for association studies using electronic health records: handling both selection bias and outcome misclassification},
	author={Beesley, Lauren J and Mukherjee, Bhramar},
	journal={Biometrics},
	pages={},
	year={2020},
	publisher={Wiley Online Library}
}

@article{dlugosz2017generalized,
	title={Generalized partially linear regression with misclassified data and an application to labour market transitions},
	author={Dlugosz, Stephan and Mammen, Enno and Wilke, Ralf A},
	journal={Computational Statistics \& Data Analysis},
	volume={110},
	pages={145--159},
	year={2017},
	publisher={Elsevier}
}

@article{Yi2008,
	url = {https://doi.org/10.1093/biostatistics/kxm054},
	year = {2008},
	publisher = {Oxford University Press ({OUP})},
	volume = {9},
	number = {3},
	pages = {501--512},
	author = {Grace Y. Yi},
	title = {A simulation-based marginal method for longitudinal data with dropout and mismeasured covariates},
	journal = {Biostatistics}
}

@Book{Yi2017,
	author = {Yi, Grace Y},
	title = {Statistical Analysis with Measurement Error or Misclassification: Strategy, Method and Application},
	publisher = {Springer},
	year = {2017},
	address = {New York}
}

@article{Genolini2015,
	url = {https://doi.org/10.18637/jss.v065.i04},
	year = {2015},
	publisher = {Foundation for Open Access Statistic},
	volume = {65},
	number = {4},
	author = {Christophe Genolini and Xavier Alacoque and Marianne Sentenac and Catherine Arnaud},
	title = {kmlandkml3d: R Packages to Cluster Longitudinal Data},
	journal = {Journal of Statistical Software}
}

@Manual{R_wgeesel,
	title = {wgeesel: Weighted Generalized Estimating Equations and Model Selection},
	author = {Cong Xu and Zheng Li and Ming Wang},
	year = {2018},
	note = {R package version 1.5},
	url = {https://CRAN.R-project.org/package=wgeesel},
}


@Manual{R_gee,
	title = {gee: Generalized Estimation Equation Solver},
	author = {Vincent J Carey},
	year = {2015},
	note = {R package version 4.13-19},
	url = {https://CRAN.R-project.org/package=gee},
}

@article{Chen2011,
	URL = {http://www.jstor.org/stable/23076137},
	author = {Zhijian Chen and Grace Y. Yi and Changbao Wu},
	journal = {Biometrika},
	number = {3},
	pages = {647--662},
	publisher = {Biometrika Trust},
	title = {Marginal methods for correlated binary data with misclassified responses},
	volume = {98},
	year = {2011}
}

@article{Neuhaus1999,
	URL = {http://www.jstor.org/stable/2673589},
	author = {John M. Neuhaus},
	journal = {Biometrika},
	number = {4},
	pages = {843--855},
	publisher = {[Oxford University Press, Biometrika Trust]},
	title = {Bias and Efficiency Loss Due to Misclassified Responses in Binary Regression},
	volume = {86},
	year = {1999}
}

@book{Carroll2006,
	url = {https://doi.org/10.1201/9781420010138},
	year = {2006},
	publisher = {Chapman and Hall/{CRC}},
	author = {Raymond J. Carroll and David Ruppert and Leonard A. Stefanski and Ciprian M. Crainiceanu},
	title = {Measurement Error in Nonlinear Models}
}

@article{LIANG1986,
	url = {https://doi.org/10.1093/biomet/73.1.13},
	year = {1986},
	publisher = {Oxford University Press ({OUP})},
	volume = {73},
	number = {1},
	pages = {13--22},
	author = {KUNG-YEE Liang and SCOTT L. Zeger},
	title = {Longitudinal data analysis using generalized linear models},
	journal = {Biometrika}
}

@Manual{R,
    title = {R: A Language and Environment for Statistical Computing},
    author = {{R Core Team}},
    organization = {R Foundation for Statistical Computing},
    address = {Vienna, Austria},
    year = {2015},
    url = {http://www.R-project.org/},
  }

@article{Chen2013,
	url = {https://doi.org/10.1002/bimj.201200195},
	year = {2014},
	publisher = {Wiley},
	volume = {56},
	number = {1},
	pages = {69--85},
	author = {Zhijian Chen and Grace Y. Yi and Changbao Wu},
	title = {Marginal analysis of longitudinal ordinal data with misclassification in both response and covariates},
	journal = {Biometrical Journal}
}

@article{Pepe1994,
	url = {https://doi.org/10.1080/03610919408813210},
	year = {1994},
	publisher = {Informa {UK} Limited},
	volume = {23},
	number = {4},
	pages = {939--951},
	author = {Margaret Sullivan Pepe and Garnet L Anderson},
	title = {A cautionary note on inference for marginal regression models with longitudinal data and general correlated response data},
	journal = {Communications in Statistics - Simulation and Computation}
}

@article{Williamson1995,
	url = {https://doi.org/10.1080/01621459.1995.10476649},
	year = {1995},
	publisher = {Informa {UK} Limited},
	volume = {90},
	number = {432},
	pages = {1432--1437},
	author = {John M. Williamson and Kyungmann Kim and Stuart R. Lipsitz},
	title = {Analyzing Bivariate Ordinal Data Using a Global Odds Ratio},
	journal = {Journal of the American Statistical Association}
}

@Book{MASS,
    title = {Modern Applied Statistics with S},
    author = {W. N. Venables and B. D. Ripley},
    publisher = {Springer},
    edition = {Fourth},
    address = {New York},
    year = {2002},
    url = {http://www.stats.ox.ac.uk/pub/MASS4},
  }
  
@Manual{Matrix,
    title = {Matrix: Sparse and Dense Matrix Classes and Methods},
    author = {Douglas Bates and Martin Maechler},
    year = {2019},
    note = {R package version 1.2-17},
    url = {https://CRAN.R-project.org/package=Matrix},
  }
@Book{ggplot2,
    author = {Hadley Wickham},
    title = {ggplot2: Elegant Graphics for Data Analysis},
    publisher = {Springer-Verlag New York},
    year = {2016},
    url = {https://ggplot2.tidyverse.org},
  }
