
@Manual{Rwave,
  title = {Rwave: Time-Frequency Analysis of 1-D Signals},
  author = {Rene Carmona and Bruno Torresani},
  year = {2021},
  note = {R package version 2.6-0},
  url = {https://CRAN.R-project.org/package=Rwave}
}

@Manual{wavelets,
  title = {wavelets: Functions for Computing Wavelet Filters, Wavelet Transforms and
Multiresolution Analyses},
  author = {Eric Aldrich},
  year = {2020},
  note = {R package version 0.3-0.2},
  url = {https://CRAN.R-project.org/package=wavelets}
}

@Manual{waveslim,
  title = {waveslim: Basic Wavelet Routines for One-, Two-, and Three-Dimensional
Signal Processing},
  author = {Brandon Whitcher},
  year = {2020},
  note = {R package version 1.8.2},
  url = {https://CRAN.R-project.org/package=waveslim}
}

@Manual{WaveletComp,
  title = {WaveletComp: Computational Wavelet Analysis},
  author = {Angi Roesch and Harald Schmidbauer},
  year = {2018},
  note = {R package version 1.1},
  url = {https://CRAN.R-project.org/package=WaveletComp}
}
@Manual{biwavelet,
  title = {R package {biwavelet}: Conduct Univariate and Bivariate Wavelet Analyses},
  author = {Tarik C. Gouhier and Aslak Grinsted and Viliam Simko},
  year = {2021},
  note = {(Version 0.20.21)},
  url = {https://github.com/tgouhier/biwavelet}
}

@Article{mvLSW,
  title = {Multivariate Locally Stationary Wavelet Analysis with the {mvLSW} {R} Package},
  author = {Simon A. C. Taylor and Timothy Park and Idris A. Eckley},
  journal = {Journal of Statistical Software},
  year = {2019},
  volume = {90},
  number = {11},
  pages = {1--19},
  url = {https://doi.org/10.18637/jss.v090.i11}
}

@Manual{hwwntest,
  title = {hwwntest: Tests of White Noise using Wavelets},
  author = {Delyan Savchev and Guy Nason},
  year = {2018},
  note = {R package version 1.3.1},
  url = {https://CRAN.R-project.org/package=hwwntest}
}

@Manual{rwt,
  title = {rwt: 'Rice Wavelet Toolbox' Wrapper},
  author = {P. Roebuck and {Rice University's DSP group}},
  year = {2022},
  note = {R package version 1.0.2},
  url = {https://CRAN.R-project.org/package=rwt}
}

@Manual{wavethresh,
  title = {wavethresh: Wavelets Statistics and Transforms},
  author = {Guy Nason},
  year = {2022},
  note = {R package version 4.6.9},
  url = {https://CRAN.R-project.org/package=wavethresh}
}

@Manual{wavScalogram,
  title = {wavScalogram: Wavelet Scalogram Tools for Time Series Analysis},
  author = {Vicente J. Bol\'os and Rafael Ben\'{\i}tez},
  note = {R package version 1.1.1},
  year = {2021},
  url = {https://CRAN.R-project.org/package=wavScalogram}
}

@book{dau92,
  title={Ten Lectures on Wavelets},
  author={Daubechies, I.},
  isbn={9780898712742},
  series={CBMS-NSF Regional Conference Series in Applied Mathematics},
  year={1992},
  publisher={Society for Industrial and Applied Mathematics}
}
@Book{mal98,
	title = {A Wavelet Tour of Signal Processing: The Sparse Way},
	isbn = {978-0-08-092202-7},
	publisher = {Academic Press},
	author = {Mallat, Stephane},
	year = {2008}
}

@Article{tor98,
	title = {A Practical Guide to Wavelet Analysis},
	author = {Torrence, C. and Compo, G.},
	journal = {Bulletin of the American Meteorological Society},
    url = {https://doi.org/10.1175/1520-0477(1998)079<0061:APGTWA>2.0.CO;2},	
	volume = {79},
	number = {1},
	year = {1998},
	pages = {61--78}
}

@Article{tor99,
	title = {Interdecadal changes in the {ENSO}–monsoon system},
	volume = {12},
	url = {https://doi.org/10.1175/1520-0442(1999)012<2679:ICITEM>2.0.CO;2},
	number = {8},
	journal = {Journal of Climate},
	author = {Torrence, Christopher and Webster, Peter J.},
	year = {1999},
	pages = {2679--2690}
}

@Article{far92,
	title = {Wavelet Transforms and their Applications to Turbulence},
	volume = {24},
	journal = {Annual Review of Fluid Mechanics},
	author = {Farge, M.},
	year = {1992},
	url = {https://doi.org/10.1146/annurev.fl.24.010192.002143},
	pages = {395--458}
}

@Article{ben10,
	title = {A Wavelet-Based Tool for Studying Non-Periodicity},
	volume = {60},
	url = {https://doi.org/10.1016/j.camwa.2010.05.010},
	number = {3},
	journal = {Computers \& Mathematics with Applications},
	author = {Ben\'{\i}tez, R. and Bol\'os, V. J. and Ram\'{\i}rez, M. E.},
	year = {2010},
	pages = {634--641}
}

@Article{bol17,
	title = {The windowed scalogram difference: a novel wavelet tool for comparing time series},
	volume = {312},
	url = {https://doi.org/10.1016/j.amc.2017.05.046},
	journal = {Applied Mathematics and Computation},
	author = {Bol\'os, V. J. and Ben\'{\i}tez, R. and Ferrer, R. and Jammazi, R.},
	year = {2017},
	pages = {49--65}
}

@Article{liu07,
	title = {Rectification of the Bias in the Wavelet Power Spectrum},
	volume = {24},
	url = {https://doi.org/10.1175/2007JTECHO511.1},
	number = {12},
	journal = {Journal of Atmospheric and Oceanic Technology},
	author = {Liu, Yonggang and San Liang, X. and Weisberg, Robert H.},
	year = {2007},
	pages = {2093--2102}
}

@Article{bol20,
author = {Bol\'os, V. J. and Ben\'{\i}tez, R. and Ferrer, R.},
title = {A New Wavelet Tool to Quantify Non-Periodicity of Non-Stationary Economic Time Series},
year = {2020},
volume = {8},
url = {https://doi.org/10.3390/math8050844},
journal = {Mathematics},
pages = {844--859}
}

@article{jss14,
   author = {Pablo Montero and José Vilar},
   title = {{TSclust}: an {R} package for time series clustering},
   journal = {Journal of Statistical Software},
   volume = {62},
   number = {1},
   year = {2014},
   url ={https://doi.org/10.18637/jss.v062.i01},
   pages = {1--43}
   }