% Encoding: UTF-8

@Book{AsteriouHall2007,
  title =     {{Applied Econometrics: A Modern Approach using Eviews and Microfit}},
  publisher = {Palgrave Macmillan},
  year =      {2007},
  author =    {Asteriou, D and Hall, S. G.},
  address =   {New York}
}

@Article{Belsley1991,
  author =  {Belsley, D. A.},
  title =   {{A Guide to using the collinearity diagnostics}},
  journal = {Computer Science in Economics and Management},
  year =    {1991},
  volume =  {4},
  number =  {1},
  pages =   {33--50}
}

@Book{BelsleyKuhWelsch1980,
  title =     {{Diagnostics: Identifying Influential Data and Sources of Collinearity}},
  publisher = {John Wiley \& Sons},
  year =      {1980},
  author =    {Belsley, D. A. and Kuh, E. and Welsch, R. E.},
  address =   {New York},
  note =      {chap. 3}
}

@Article{Blanchard1967,
  author =  {Blanchard, O. J.},
  title =   {{Commnet}},
  journal = {Journal of Business and Economic Statistics},
  year =    {1967},
  volume =  {5},
  pages =   {449--451}
}

@Manual{Calcagno2013,
  title =  {{glmulti: Model Selection and Multimodel Inference Made Easy}},
  author = {Vincent Calcagno},
  year =   {2013},
  note =   {R package version 1.0.7},
  url =    {https://CRAN.R-project.org/package=glmulti}
}

@Book{ChatterjeeHadi2006,
  title =     {{Regression Analysis by Example}},
  publisher = {John Wiley \& Sons},
  year =      {2006},
  author =    {Chatterjee, Samprit and Hadi, Ali S},
  edition =   {4th}
}

@Book{ChatterjeePrice1977,
  title =     {{Regression Analysis by Examples}},
  publisher = {John Wiley \& Sons},
  year =      {1977},
  author =    {Chatterjee, S and Price, B},
  address =   {New York}
}

@Book{CooleyLohnes1971,
  title =     {{Multivariate Data Analysis}},
  publisher = {John Wiley \& Sons},
  year =      {1971},
  author =    {Cooley, William W Autor And Lohnes, Paul R Autor},
  address =   {Australia},
  isbn =      {9780471170600},
  lccn =      {70127661}
}

@Article{CurtoPinto2011,
  author =  {Curto, J. D and Pinto, J. C},
  title =   {{The corrected VIF (CVIF)}},
  journal = {Journal of Applied Statistics},
  year =    {2011},
  volume =  {38},
  number =  {7},
  pages =   {1499--1507}
}

@Book{DillonGoldstein1984,
  title =     {{Multivariate Analysis: Methods and Applications}},
  publisher = {John Wiley \& Sons},
  year =      {1984},
  author =    {Dillon, W. R. and Goldstein, M.}
}

@Article{DorsettGunstGartland1983,
  author =  {Dorsett, Dovalee and Gunst, Richard F. and Gartland, Eugene. C. Jr},
  title =   {{Multicollinear effects of weighted least squares regression}},
  journal = {Statistics \& Probability Letters},
  year =    {1983},
  volume =  {1},
  number =  {4},
  pages =   {207--211}
}

@Manual{Faraway2016,
  title =  {{faraway: Functions and Datasets for Books by Julian Faraway}},
  author = {Julian Faraway},
  year =   {2016},
  note =   {R package version 1.0.7},
  url =    {https://CRAN.R-project.org/package=faraway}
}

@Article{FarrarGlauber1967,
  author =  {Farrar, D. E. and Glauber, R. R.},
  title =   {{Multicollinearity in regression analysis: The problem revisted}},
  journal = {The Review of Economics and Statistics},
  year =    {1967},
  volume =  {49},
  pages =   {92--107}
}

@Manual{FortrancodebyAlanMiller2009,
  title =  {{leaps: Regression Subset Selection using Fortran code by Alan Miller Including Exhaustive Search}},
  author = {Thomas Lumley},
  year =   {2009},
  note =   {R package version 2.9},
  url =    {https://CRAN.R-project.org/package=leaps}
}

@Book{FoxWeisberg2011,
  title =     {{An {R} Companion to Applied Regression}},
  publisher = {Sage},
  year =      {2011},
  author =    {John Fox and Sanford Weisberg},
  address =   {Thousand Oaks {CA}},
  edition =   {Second},
  url =       {http://socserv.socsci.mcmaster.ca/jfox/Books/Companion}
}

@Article{Geary1963,
  author =  {Geary, R. C.},
  title =   {{Some results about relations of stochastic variables: A discussion document}},
  journal = {Review of International Statistical Institute},
  year =    {1963},
  volume =  {31},
  pages =   {161--181}
}

@Book{Graybill1980,
  title =     {{An Introduction to Linear Statistical Models}},
  publisher = {McGraw Hill},
  year =      {1980},
  author =    {Graybill, F},
  address =   {i}
}

@Book{Greene2002,
  title =     {{Econometric Analysis}},
  publisher = {Prentic-Hall},
  year =      {2002},
  author =    {Greene, W. H},
  address =   {New Jersey},
  edition =   {5th}
}

@Book{GujaratiPorter2008,
  title =     {{Basic Econometrics}},
  publisher = {McGraw Hill},
  year =      {2008},
  author =    {Gujarati, D. N. and Porter, D. C.},
  edition =   {5}
}

@Article{GunstMason1977,
  author =  {Gunst, R. F. and Mason, R. L.},
  title =   {{Advantages of examining multicollinearities in regression analysis}},
  journal = {Biometrics},
  year =    {1977},
  volume =  {33},
  pages =   {249--260}
}

@Book{HadiChatterjee1988,
  title =     {{Sensitivity Analysis in Linear Regression}},
  publisher = {John Wiley \& Sons},
  year =      {1988},
  author =    {Hadi, A and Chatterjee, S}
}

@Book{Hald1952,
  title =     {{Statistical Theory with Engineering Applications}},
  publisher = {John Wiley \& Sons},
  year =      {1952},
  author =    {Hald, A},
  address =   {New York}
}

@Manual{HarrellJr2016,
  title =  {{rms: Regression Modeling Strategies}},
  author = {Frank E {Harrell Jr}},
  year =   {2016},
  note =   {R package version 4.5-0},
  url =    {https://CRAN.R-project.org/package=rms}
}

@Manual{Heiberger2016,
  title =  {{HH: Statistical Analysis and Data Display: Heiberger and Holland}},
  author = {Richard M. Heiberger},
  year =   {2016},
  note =   {R package version 3.1-32},
  url =    {http://CRAN.R-project.org/package=HH}
}

@Manual{Hendricks,
  title =  {{perturb: Tools for Evaluating Collinearity}},
  author = {John Hendrickx},
  year =   {2012},
  note =   {R package version 2.05},
  url =    {https://CRAN.R-project.org/package=perturb}
}

@Manual{ImdadullahAslam2016,
  title =  {{mctest: Multicollinearity Diagnostic Measures}},
  author = {Muhammad Imdadullah and Muhammad Aslam},
  year =   {2016},
  note =   {R package version 1.1},
  url =    {https://CRAN.R-project.org/package=mctest}
}

@Book{Johnston1963,
  title =     {{Econometric Methods}},
  publisher = {McGraw Hill},
  year =      {1963},
  author =    {Johnston, J.},
  address =   {New York}
}

@Book{JudgeGriffithsLutkepohlEtAl1985,
  title =     {{The Theory and Practice of Econometrics}},
  publisher = {John Wiley \& Sons},
  year =      {1985},
  author =    {Judge, G. and Griffiths, W. and Lutkepohl, H. and Lee, T.}
}

@Book{Kendall1957,
  title =     {{A Course in Multivariate Analysis}},
  publisher = {Griffin},
  year =      {1957},
  author =    {Kendall, M. G.},
  address =   {London},
  note =      {pp. 70--75}
}

@Book{Klein1962,
  title =     {{An Introduction to Econometrics}},
  publisher = {Prentic-Hall, Englewood},
  year =      {1962},
  author =    {Klein, L. R.},
  address =   {Cliffs, N. J.},
  note =      {pp. 101}
}

@Book{Koutsoyiannis1977,
  title =     {{Theory of Econometrics}},
  publisher = {Macmillan Education Limited},
  year =      {1977},
  author =    {Koutsoyiannis, A}
}

@Article{KovacsPetresToth.2005,
  author =  {Kov{\'a}cs, P. and Petres, T. and T{\'o}th.},
  title =   {{A new measure of multicollinearity in linear regression models}},
  journal = {International Statistical Review / Revue Internationale de Statistique},
  year =    {2005},
  volume =  {73},
  number =  {3},
  pages =   {405--412}
}

@Book{KutnerNachtsheimNeter2004,
  title =     {{Applied Linear Regression Models}},
  publisher = {McGraw Hill Irwin},
  year =      {2004},
  author =    {Kutner, M. H. and Nachtsheim, C. J and Neter, J},
  edition =   {4th}
}

@Manual{Lin2012,
  title =  {{VIF: VIF regression: A Fast Regression Algorithm for Large Data}},
  author = {Dongyu Lin},
  year =   {2012},
  note =   {R package version 1.0},
  url =    {https://CRAN.R-project.org/package=VIF}
}

@Book{Maddala1988,
  title =     {{Introduction to Econometrics}},
  publisher = {Macmillan},
  year =      {1988},
  author =    {Maddala, G. S.},
  address =   {New York}
}

@Book{Malinvaud1968,
  title =     {{Statistical Methods of Econometrics}},
  publisher = {Amsterdam},
  year =      {1968},
  author =    {Malinvaud, E},
  address =   {North Holland},
  note =      {pp. 187--192}
}

@Article{Marquardt1970,
  author =  {Marquardt, D. W},
  title =   {{Generalized inverses, ridge regression, biased linear estimation, and nonlinear estimation}},
  journal = {Technometrics},
  year =    {1970},
  volume =  {12},
  number =  {3},
  pages =   {591--612}
}

@Article{Masongunstwebster1975,
  author =  {Mason, R. L. and Gunst, R. F. and Webster, J. T.},
  title =   {{Regression analysis and problems of multicollinearity}},
  journal = {Communications in Statistics},
  year =    {1975},
  volume =  {4},
  number =  {3},
  pages =   {277--292}
}

@Manual{McLeodXu2014,
  title =  {{bestglm: Best Bubset GLM}},
  author = {A.I. McLeod and Changjiang Xu},
  year =   {2014},
  note =   {R package version 0.34},
  url =    {https://CRAN.R-project.org/package=bestglm}
}

@Misc{Minitab2014,
  author = {{Minitab, Inc.}},
  title =  {{Minitab Statistical Software, Release 17 for Windows}},
  year =   {2014},
  note =   {State College, Pennsylvania}
}

@Book{MontgomeryPeck1982,
  title =     {{Introduction to Linear Regression Analysis}},
  publisher = {John Wiley \& Sons},
  year =      {1982},
  author =    {Montgomery, Douglas.C and Peck, Elizabeth A},
  address =   {New York}
}

@Manual{Naimi2015,
  title =  {{usdm: Uncertainty Analysis for Species Distribution Models}},
  author = {Babak Naimi},
  year =   {2015},
  note =   {R package version 1.1-15},
  url =    {https://CRAN.R-project.org/package=usdm}
}

@Manual{Nakazawa2015,
  title =  {{fmsb: Functions for Medical Statistics Book with Some Demographic Data}},
  author = {Minato Nakazawa},
  year =   {2015},
  note =   {R package version 0.5.2},
  url =    {https://CRAN.R-project.org/package=fmsb}
}

@Misc{ncssSoftware2016,
  author = {{NCSS }},
  title =  {{NCSS 11 Statistical Software}},
  year =   {2016},
  note =   {{NCSS, LLC} Paysville, Utah, USA},
  url =    {ncss.com/software/ncss}
}

@Manual{R,
  title =        {R: A language and environment for statistical computing},
  author =       {{R Core Team}},
  organization = {R Foundation for Statistical Computing},
  address =      {Vienna, Austria},
  year =         {2012},
  note =         {{ISBN} 3-900051-07-0},
  url =          {http://www.R-project.org/}
}

@Book{Ragnar1934,
  title =     {{Statistical Confluence Analysis by Means of Complete Regression Systems}},
  publisher = {Universitetets Økonomiske Instituut},
  year =      {1934},
  author =    {Frisch Ragnar},
  note =      {Publ. No. 5}
}

@Misc{SAS,
  author = {{SAS 9.3}},
  title =  {{SAS Institute Inc.}},
  year =   {2011},
  note =   {Cary, NC, USA}
}

@Article{Silvey1969,
  author =  {Silvey, S. D.},
  title =   {{Multicollinearity and imprecise estimation}},
  journal = {Journal of the Royal Statistical Society, Series B (Methodological)},
  year =    {1969},
  volume =  {31},
  number =  {3},
  pages =   {539--552}
}

@Misc{StataCorp.2015,
  author = {{StataCorp}},
  title =  {Stata statistical software: Release 14},
  year =   {2015},
  note =   {College Station, Texas 77845 USA},
  owner =  {TX: StataCorp LP.}
}

@Misc{statgraphicsXVII2014,
  author = {{Statgraphics Centurion XVII}},
  title =  {{Statpoint Technologies, Inc.}},
  year =   {2015},
  note =   {Warrenton, Virginia.}
}

@Article{Stewart1987,
  author =  {Stewart, G. W},
  title =   {{Collinearity and least squares regression}},
  journal = {Statistical Science},
  year =    {1987},
  volume =  {2},
  number =  {1},
  pages =   {68--100}
}

@Book{StockWatson2010,
  title =     {{Introduction to Econometrics}},
  publisher = {Pearson Addison-Wesley},
  year =      {2010},
  author =    {Stock, James H and Watson, Mark W},
  edition =   {3rd}
}

@Book{Theil1971,
  title =     {{Principles of Econometrics}},
  publisher = {John Wiley \& Sons},
  year =      {1971},
  author =    {Theil, H.},
  address =   {New York}
}

@Manual{Wickham2014,
  title =  {{meifly: Interactive Model Exploration using GGobi}},
  author = {Hadley Wickham},
  year =   {2014},
  note =   {R package version 0.3},
  url =    {https://CRAN.R-project.org/package=meifly}
}

@Book{Younger1979,
  title =     {A Handbook for Linear Regression},
  publisher = {MA: Duxbury Resource Center},
  year =      {1979},
  author =    {Younger, M. S.},
  address =   {North Scituate}
}
