@article{bonacich1972factoring,
  title={Factoring and weighting approaches to status scores and clique identification},
  author={Bonacich, Phillip},
  journal={Journal of Mathematical Sociology},
  volume={2},
  number={1},
  pages={113--120},
  year={1972},
  publisher={Taylor \& Francis}
}

@article{bonacich2007some,
  title={Some unique properties of eigenvector centrality},
  author={Bonacich, Phillip},
  journal={Social Networks},
  volume={29},
  number={4},
  pages={555--564},
  year={2007},
  publisher={Elsevier}
}

@article{bao2014simultaneously,
  title={Simultaneously discovering and quantifying risk types from textual risk disclosures},
  author={Bao, Yang and Datta, Anindya},
  journal={Management Science},
  volume={60},
  number={6},
  pages={1371--1391},
  year={2014},
  publisher={INFORMS}
}

@article{csardi2006igraph,
  title={The igraph software package for complex network research},
  author={Cs\'{a}rdi, G\'{a}bor and Nepusz, Tamas and others},
  journal={InterJournal, complex systems},
  volume={1695},
  number={5},
  pages={1--9},
  year={2006}
}

@article{freeman1978centrality,
  title={Centrality in social networks conceptual clarification},
  author={Freeman, Linton C},
  journal={Social networks},
  volume={1},
  number={3},
  pages={215--239},
  year={1978},
  publisher={North-Holland}
}

@article{morone2015influence,
  title={Influence maximization in complex networks through optimal percolation},
  author={Morone, Flaviano and Makse, Hern{\'a}n A},
  journal={Nature},
  volume={524},
  number={7563},
  pages={65--68},
  year={2015},
  publisher={Nature Publishing Group}
}

@techreport{page1999pagerank,
  title={The PageRank citation ranking: Bringing order to the web.},
  author={Page, Lawrence and Brin, Sergey and Motwani, Rajeev and Winograd, Terry},
  year={1999},
  institution={Stanford InfoLab}
}

@article{salavaty2020integrated,
  title={Integrated value of influence: an integrative method for the identification of the most influential nodes within networks},
  author={Salavaty, Abbas and Ramialison, Mirana and Currie, Peter D},
  journal={Patterns},
  volume={1},
  number={5},
  pages={100052},
  year={2020},
  publisher={Elsevier}
}

@article{brandes2001faster,
  title={A faster algorithm for betweenness centrality},
  author={Brandes, Ulrik},
  journal={Journal of Mathematical Sociology},
  volume={25},
  number={2},
  pages={163--177},
  year={2001},
  publisher={Taylor \& Francis}
}

@Manual{R,
  title = {Writing R Extensions.},
  author = {{R Core Team}},
  organization = {R Foundation for Statistical Computing},
  address = {Vienna, Austria},
  year = {2021},
  url = {https://cran.r-project.org/doc/manuals/r-release/R-exts.html},
}

@Manual{cranly,
    title = {cranly: Package Directives and Collaboration Networks in CRAN},
    author = {Ioannis Kosmidis},
    year = {2019},
    note = {R package version 0.5.4},
    url = {https://CRAN.R-project.org/package=cranly},
  }

  @Manual{cranlogs,
    title = {cranlogs: Download Logs from the 'RStudio' 'CRAN' Mirror},
    author = {Gábor Csárdi},
    year = {2019},
    note = {R package version 2.1.1},
    url = {https://CRAN.R-project.org/package=cranlogs},
  }

@article{jain2020identification,
  title={Identification of influential users on Twitter: A novel weighted correlated influence measure for Covid-19},
  author={Jain, Somya and Sinha, Adwitiya},
  journal={Chaos, Solitons \& Fractals},
  volume={139},
  pages={110037},
  year={2020},
  publisher={Elsevier}
}

@article{kovacs2015destruction,
  title={Destruction perfected},
  author={Kov{\'a}cs, Istv{\'a}n A and Barab{\'a}si, Albert-L{\'a}szl{\'o}},
  journal={Nature},
  volume={524},
  number={7563},
  pages={38--39},
  year={2015},
  publisher={Nature Publishing Group}
}

@article{wang2017ranking,
  title={Ranking influential nodes in social networks based on node position and neighborhood},
  author={Wang, Zhixiao and Du, Changjiang and Fan, Jianping and Xing, Yan},
  journal={Neurocomputing},
  volume={260},
  pages={466--477},
  year={2017},
  publisher={Elsevier}
}

@article{kitsak2010identification,
  title={Identification of influential spreaders in complex networks},
  author={Kitsak, Maksim and Gallos, Lazaros K and Havlin, Shlomo and Liljeros, Fredrik and Muchnik, Lev and Stanley, H Eugene and Makse, Hern{\'a}n A},
  journal={Nature Physics},
  volume={6},
  number={11},
  pages={888--893},
  year={2010},
  publisher={Nature Publishing Group}
}

@inproceedings{bhola2010identifying,
  title={Identifying key players in a social network: measuring the extent of an individual's Neighbourhood Connectivity},
  author={Bhola, Vivek and Grover, Mahesh Kumar and Sinha, Madhavi and Singh, Gurminder},
  booktitle={2010 IEEE International Workshop on: Business Applications of Social Network Analysis (BASNA)},
  pages={1--6},
  year={2010},
  organization={IEEE}
}

@article{liu2018leveraging,
  title={Leveraging local h-index to identify and rank influential spreaders in networks},
  author={Liu, Qiang and Zhu, Yu-Xiao and Jia, Yan and Deng, Lu and Zhou, Bin and Zhu, Jun-Xing and Zou, Peng},
  journal={Physica A: Statistical Mechanics and its Applications},
  volume={512},
  pages={379--391},
  year={2018},
  publisher={Elsevier}
}

  @Article{christensen2019semna,
    title = {Semantic network analysis {(SemNA)}: A tutorial on preprocessing, estimating, and analyzing semantic networks},
    author = {Christensen, Alexander P and Kenett, Yoed N},
    journal = {PsyArXiv},
    year = {2019},
    doi = {10.31234/osf.io/eht87},
  }
  
    @Manual{spacyr,
    title = {spacyr: Wrapper to the 'spaCy' 'NLP' Library},
    author = {Kenneth Benoit and Akitaka Matsuo},
    year = {2020},
    note = {R package version 1.2.1},
    url = {https://CRAN.R-project.org/package=spacyr},
  }
  
    @Article{topicmodels,
    title = {{topicmodels}: An {R} Package for Fitting Topic Models},
    author = {Bettina Gr\"un and Kurt Hornik},
    journal = {Journal of Statistical Software},
    year = {2011},
    volume = {40},
    number = {13},
    pages = {1--30},
    doi = {10.18637/jss.v040.i13},
  }


@article{blei2003latent,
  title={Latent dirichlet allocation},
  author={Blei, David M and Ng, Andrew Y and Jordan, Michael I},
  journal={Journal of Machine Learning Research},
  volume={3},
  pages={993--1022},
  year={2003},
  publisher={JMLR. org}
}

@article{zhang2021data,
  title={{What is Data Science? An Operational Definition based on Text Mining of Data Science Curricula}},
  author={Zhang, Zhiyong and Zhang, Danyang},
  journal={Journal of Behavioral Data Science},
  volume={1},
  number={1},
  pages={1--16},
  year={2021}
}

@article{he2016birank,
  title={Birank: Towards ranking on bipartite graphs},
  author={He, Xiangnan and Gao, Ming and Kan, Min-Yen and Wang, Dingxian},
  journal={IEEE Transactions on Knowledge and Data Engineering},
  volume={29},
  number={1},
  pages={57--71},
  year={2016},
  publisher={IEEE}
}

  @Manual{birankr,
    title = {birankr: Ranking Nodes in Bipartite and Weighted Networks},
    author = {Brian Aronson and Kai-Cheng Yang},
    year = {2020},
    note = {R package version 1.0.1},
    url = {https://CRAN.R-project.org/package=birankr},
  }

@article{aronson2020comparing,
  title={Comparing measures of centrality in bipartite social networks: A study of drug seeking for opioid analgesics},
  author={Aronson, Brian and Yang, Kai-Cheng and Odabas, Meltem and Ahn, Yong-Yeol and Perry, Brea Louise},
  year={2020},
  journal = {SocArXiv},
    doi = {10.31235/osf.io/hazvs},
}

%% INTRO
@article{lai2019evaluating,
  title={{Evaluating the popularity of R in ecology}},
  author={Lai, Jiangshan and Lortie, Christopher J and Muenchen, Robert A and Yang, Jian and Ma, Keping},
  journal={Ecosphere},
  volume={10},
  number={1},
  pages={e02567},
  year={2019},
  publisher={Wiley Online Library}
}

@article{tippmann2015programming,
  title={{Programming tools: Adventures with R}},
  author={Tippmann, Sylvia},
  journal={Nature News},
  volume={517},
  number={7532},
  pages={109},
  year={2015}
}

@article{fox2016r,
  title={{R and The Journal of Statistical Software}},
  author={Fox, John and Leanage, Allison},
  journal={Journal of Statistical Software},
  volume={73},
  number={1},
  pages={1--13},
  year={2016}
}

@article{fox2009aspects,
  title={{Aspects of the Social Organization and Trajectory of the R Project}},
  author={Fox, John},
  journal={The R Journal},
  volume={1},
  number={2},
  pages={5-8},
  year={2009}
}

@article{RJ-2020-028,
  author = {John M. Chambers},
  title = {{S, R, and Data Science}},
  year = {2020},
  journal = {{The R Journal}},
  doi = {10.32614/RJ-2020-028},
  url = {https://doi.org/10.32614/RJ-2020-028},
  pages = {462--476},
  volume = {12},
  number = {1}
}

@article{RJ-2018-058,
  author = {Julia Silge and John C. Nash and Spencer Graves},
  title = {{Navigating the R Package Universe}},
  year = {2018},
  journal = {{The R Journal}},
  doi = {10.32614/RJ-2018-058},
  url = {https://doi.org/10.32614/RJ-2018-058},
  pages = {558--563},
  volume = {10},
  number = {2}
}

@inproceedings{german2013evolution,
  title={{The evolution of the R software ecosystem}},
  author={German, Daniel M and Adams, Bram and Hassan, Ahmed E},
  booktitle={2013 17th European Conference on Software Maintenance and Reengineering},
  pages={243--252},
  year={2013},
  organization={IEEE}
}

@article{ihaka1996r,
  title={R: A language for data analysis and graphics},
  author={Ihaka, Ross and Gentleman, Robert},
  journal={Journal of Computational and Graphical Statistics},
  volume={5},
  number={3},
  pages={299--314},
  year={1996},
  publisher={Taylor \& Francis}
}

@article{gentleman2004bioconductor,
  title={Bioconductor: open software development for computational biology and bioinformatics},
  author={Gentleman, Robert C and Carey, Vincent J and Bates, Douglas M and Bolstad, Ben and Dettling, Marcel and Dudoit, Sandrine and Ellis, Byron and Gautier, Laurent and Ge, Yongchao and Gentry, Jeff and others},
  journal={Genome Biology},
  volume={5},
  number={10},
  pages={1--16},
  year={2004},
  publisher={Springer}
}

@article{wickham2011ggplot2,
  title={ggplot2},
  author={Wickham, Hadley},
  journal={Wiley Interdisciplinary Reviews: Computational Statistics},
  volume={3},
  number={2},
  pages={180--185},
  year={2011},
  publisher={Wiley Online Library}
}

@article{zeileis2005cran,
  title={CRAN task views},
  author={Zeileis, Achim},
  journal={R News},
  volume={5},
  number={1},
  pages={39--40},
  year={2005}
}

@book{silge2017text,
  title={Text mining with R: A tidy approach},
  author={Silge, Julia and Robinson, David},
  year={2017},
  publisher={{O'Reilly Media, Inc.}}
}


@inproceedings{xing2004weighted,
  title={Weighted pagerank algorithm},
  author={Xing, Wenpu and Ghorbani, Ali},
  booktitle={Proceedings. Second Annual Conference on Communication Networks and Services Research, 2004.},
  pages={305--314},
  year={2004},
  organization={IEEE}
}
