% Encoding: UTF-8
@Book{Zhou2002,
  title     ={ {Statistical Methods in Diagnostic Medicine}},
  publisher = {Wiley Blackwell, New York},
  year      = {2002},
  author    = {Zhou, X.-H. and Obuchowski, N. A. and McClish, D. K.},
}
@Book{Pepe2003,
  title     = {{The Statistical Evaluation of Medical Tests for Classification and Prediction}},
  publisher = {Oxford Statistical Sciences Series},
  year      = {2003},
  author    = {Pepe, M. S.},
}
@Article{Blanche2013,
  author  = {Blanche, P. and Dartigues, J. F. and Jacqmin-Gadda, H.},
  title   = {Review and comparison of {ROC} curve estimators for a time-dependent outcome with marker-dependent censoring},
  journal = {Biometrical Journal},
  year    = {2013},
  volume  = {55},
  number  = {5},
  pages   = {687--704},
 url = {https://doi.org/10.1002/bimj.201200045}
}
@Article{Chambles2006,
  author  = {Chambles, L. and Diao, G.},
  title   = {Estimation of time-dependent area under {ROC} curve for long-term risk prediction},
  journal = {Statistics in Medicine},
  year    = {2006},
  volume  = {20},
  number  = {25},
  pages   = {3474--3486},
  url = {https://doi.org/10.1002/sim.2299}
}

@Article{Song2008,
  author  = {Song, X. and Zhou, X. H.},
  title   = {A semiparametric approach for the covariate-specific {ROC} curve with survival outcome},
  journal = {Statistica Sinica},
  year    = {2008},
  volume  = {18},
  pages   = {947--965},
  url = {http://www.jstor.org/stable/24308524},
}

@Article{Uno2007,
  author  = {Uno, H. and Cai, T. and Tian, L. and Wei, L. J.},
  title   = {Evaluating prediction rules for t-Year survivors with censored regression models},
  journal = {Journal of the American Statistics Association},
  year    = {2007},
  volume  = {478},
  number  = {102},
  url = {https://doi.org/10.1198/016214507000000149},
  pages   = {527--537},
}

@Article{Hung2010,
  author  = {Hung, H. and Chiang, C.},
  title   = {Optimal composite markers for time-dependent receiver operating characteristic curves with censored survival data},
  journal = {Scandinavian Journal of Statistics},
  year    = {2010},
  volume  = {20},
  number  = {37},
  url = {https://doi.org/10.1111/j.1467-9469.2009.00683.x},
  pages   = {664--679},
}

@Article{Heagerty2005,
  author  = {Heagerty, P. J. and Zheng, Y.},
  title   = {Survival Model Predictive Accuracy and {ROC} Curves},
  journal = {International Biometric Society},
  year    = {2005},
  volume  = {61},
  number  = {1},
  pages   = {92--105},
  url = {https://doi.org/10.1111/j.0006-341X.2005.030814.x}
}

@Article{Martinez-Camblor2018,
  author  = {Mart\'inez-Camblor, P. and Pardo-Fern\'andez, J. C.},
  title   = {Smooth time-dependent receiver operating characteristic curve estimators},
  journal = {Statistical Methods in Medical Research},
  year    = {2018},
  volume  = {27},
  number  = {3},
  pages   = {651--674},
  url = {https://doi.org/10.1177/0962280217740786},
}

@Article{Etzioni1999,
  author  = {R. Etzioni and M.S. Pepe and G. Longton and C. Hu and G. Goodman},
  title   = {Incorporating the Time Dimension in Receiver Operating Characteristic Curves: A Case Study of Prostate Cancer},
  journal = {Medical Decision Making},
  year    = {1999},
  volume  = {19},
  number  = {3},
  pages   = {242-251},
  url = {https://doi.org/10.1080/00949655.2016.1175442}
}
@Article{Finkelstein1986,
  author  = {Finkelstein, D. M.},
  title   = {A Proportional Hazards Model for Interval-Censored Failure Time Data},
  journal = {Biometrics.},
  year    = {1986},
  volume  = {42},
  number  = {4},
  url = {https://doi.org/10.2307/2530698},
  pages   = {845-854},
}

@MANUAL{nsROC,
AUTHOR = {P\'erez-Fern\'andez, S.},
TITLE = {nsROC: non-standard {ROC} curve analysis},
YEAR = 2017,
url = {https://CRAN.R-project.org/package=nsROC},
}
@MANUAL{tdROC,
AUTHOR = {Li, L. and Wu, C.},
TITLE = {tdROC: non-parametric estimation of time-dependent {ROC} curve for right censored survival data},
YEAR = 2016,
 url = {https://CRAN.R-project.org/package=tdROC},
}
@Manual{survAUC,
    title = {survAUC: estimators of prediction accuracy for time-to-event data},
    author = {Sergej Potapov and Werner Adler and Matthias Schmid.},
    year = {2023},
    note = {R package version 1.2-0},
    url = {https://CRAN.R-project.org/package=survAUC},
  }

@Article{timeROC,
    title = {Estimating and Comparing time-dependent areas under receiver
    operating characteristic curves for censored event times with
    competing risks},
    author = {Paul Blanche and Jean-Francois Dartigues and Helene Jacqmin-Gadda},
    journal = {Statistics in Medicine},
    year = {2013},
    volume = {32},
    number = {30},
    pages = {5381--5397},
    url = {https://doi.org/10.1002/sim.5958},
  }

@Article{Perez-Fernandez2018,
  author  = {P\'erez-Fern\'andez, S. and Mart\'inez-Camblor, P. and Filzmoser, P. and Corral, N.},
  title   = {ns{ROC}: {A}n {R} package for non-standard {ROC} curve analysis},
  journal = {The R Journal},
  year    = {2018},
  volume  = {10},
  number  = {2},
  url = {https://doi.org/10.32614/RJ-2018-043},
  pages   = {55--77},
}
@ARTICLE{robin11,
AUTHOR = {Robin, X. and Turck, N. and Hainard, A. and Tiberti, N. and Lisacek, F. and S\'anchez, J.C. and M\" uller, M.},
TITLE = {p{ROC}: an open-source package for {R} and {S}+ to analyze and compare {ROC} curves},
JOURNAL = {BMC Bioinformatics},
NUMBER = 3,
PAGES= 77,
VOLUME =  12,
url = {https://doi.org/10.1186/1471-2105-12-77},
YEAR = 2011
}

@MANUAL{citaR,
AUTHOR = {R Core Team},
TITLE= {R: A Language and Environment for Statistical Computing},
ORGANIZATION = {R Foundation for Statistical Computing},
ADDRESS = {Vienna, Austria}, 
URL = {http://www.R-project.org/},
YEAR = 2013
}
     
@Article{Heagerty2000,
  author  = {Heagerty, P. J. and Lumley, T. and Pepe, M. S.},
  title   = {Time-{D}ependent {ROC} {C}urves for {C}ensored {S}urvival {D}ata and a {D}iagnostic {M}arker},
  journal = {Biometrics.},
  year    = {2000},
  volume  = {56},
  number  = {2},
  pages   = {337--344},
  url = {https://doi.org/10.1111/j.0006-341x.2000.00337.x},
}

@Article{Martinez-Camblor2016,
  author  = {Mart\'inez-Camblor, P. and Bay\'on, G. F. and P\'erez-Fern\'andez, S.},
  title   = {Cumulative/dynamic {ROC} curve estimation},
  journal = {Journal of Statistical Computation and Simulation},
  year    = {2016},
  volume  = {86},
  number  = {17},
  pages   = {3582-3594},
  url = {https://doi.org/10.1080/00949655.2016.1175442},
}


@ARTICLE{turnbull1976,
AUTHOR = {Turnbull, B.W.},
TITLE = {The Empirical Distribution Function with Arbitrarily Grouped, Censored and Truncated Data},
JOURNAL = {Journal of the Royal Statistical Society. Series B (Methodological)},
NUMBER = 3,
PAGES = {290-295},
url = {http://www.jstor.org/stable/2984980},
VOLUME = 38,
YEAR = 1976
}

@article{li18,
author = {L. Li and T. Greene and B. Hu},
title ={A simple method to estimate the time-dependent receiver operating characteristic curve and the area under the curve with right censored data},
journal = {Statistical Methods in Medical Research},
volume = {27},
number = {8},
pages = {2264-2278},
year = {2018},
url = {https://doi.org/10.1177/0962280216680239},
}

@Article{Hsieh1996,
  author  = {Hsieh, Fushing and Turnbull, Bruce W.},
  title   = {Nonparametric and semiparametric estimation of the receiver operating characteristic curve},
  journal = {The Annals of Statistics},
  year    = {1996},
  volume  = {24},
  number  = {1},
  pages   = {25--40},
 url = {https://doi.org/10.1214/aos/1033066197},
}

@article{hanl82,
  Author = {Hanley, J.A. and McNeil, B.},
	Journal = {Radiology},
	Number =143,
	Pages = {29-36},
	Title = {The meaning and use of the area under the receiver operating characteristic ({ROC}) curve},
	Volume = {20},
         url = {https://doi.org/10.1148/radiology.143.1.7063747},
	Year = {1982}}
	
@article{gon14,
title = "{ROC} curve estimation: An overview",
author = "Gonçalves, L. and Subtil, A. and Ros\'ario Oliveira , M. and De Zea Bermudez, P.",
journal = "{S}tatistical {J}ournal",
year = "2014",
volume = "12",
pages = "1--20",
url = {https://doi.org/10.57805/revstat.v12i1.141},
number = "1",
}

@article{PENG2004129,
title = "Local linear smoothing of receiver operating characteristic (ROC) curves",
journal = "Journal of Statistical Planning and Inference",
volume = "118",
number = "1",
pages = "129 - 143",
year = "2004",
issn = "0378-3758",
doi = "10.1016/S0378-3758(02)00394-4",
url = "http://www.sciencedirect.com/science/article/pii/S0378375802003944",
author = "Liang Peng and Xiao-Hua Zhou",
}

@Article{Foucher2010,
  author  = {Foucher, Y. and Daguin, P. and Akl, A. and Kessler, M. and Ladrière, M. and Legendre, C. and Kreis, H. and Rostaing, L. and Kamar, N. and Mourad, G. and Garrigue, V. and Bayle, F. and de Ligny, B. H. and Büchler, M. and Meier, C. and Daurès, J. P. and Soulillou, J. P. and Giral, M.},
  title   = {A clinical scoring system highly predictive of long-term kidney graft survival},
  journal = {Kidney International},
  year    = {2010},
  volume  = {78},
  number  = {12},
  pages   = {1288--1294},
 url = {https://doi.org/10.1038/ki.2010.232},
}

@Article{Song2010,
  author  = {Song, J. W. and Chung, C. C.},
  title   = {Observational Studies: Cohort and case-control studies},
  journal = {Plastic and Reconstructive Surgery},
  year    = {2010},
  volume  = {126},
  number  = {6},
  pages   = {2234--2242},
  url = {https://doi.org/10.1097/PRS.0b013e3181f44abc},
}

@Article{Kamarudin2017,
  author  = {Kamarudin, A. N. and Cox, T. and Kolamunnage-Dona, R.},
  title   = {Time-dependent {ROC} curve analysis in medical research: current methods and applications},
  journal = {{BMC} {M}edical {R}esearch {M}ethodology},
  year    = {2017},
  volume  = {17},
  number  = {53},
  url = {https://doi.org/10.1186/s12874-017-0332-6},
}

@Book{Harrel2015,
  title     = {Regression Modeling Strategies: With Applications to Linear Models, Logistic and Ordonal Regression and Survival Analysis},
  publisher = {Springer {I}nternational {P}ublishing},
  year      = {2015},
  author    = {Harrel, F. E.},
  series    = {Springer {S}eries in {S}tatistics},
}

@Book{Krzanowski2009,
  title     = {R{OC} curves for continuous data},
  publisher = {CRC Press, Boca Raton, FL},
  year      = {2009},
  author    = {Krzanowski, W. J. and Hand, D. J.},
  volume    = {111},
  series    = {Monographs on Statistics and Applied Probability},
}

@Article{Willems1997,
  author  = {Willems, J. P. and Saunders, J. T. and Hunt, D. E. and Schorling, J. B.},
  title   = {Prevalence of coronary heart disease risk factors among rural blacks: A community-based study},
  journal = {Southern Medical Journal},
  year    = {1997},
  volume  = {90},
  number  = {8},
  url = {https://doi.org/10.1097/00007611-199708000-00008},
  pages   = {814--820},
}

@Article{ROCR,
  author  = {T. Sing and O. Sander and N. Beerenwinkel and T. Lengauer},
  title   = {{ROCR}: visualizing classifier performance in {R}},
  journal = {Bioinformatics},
  year    = {2005},
  volume  = {21},
  number  = {20},
  pages   = {7881},
  url = {https://doi.org/10.1093/bioinformatics/bti623},
}

@Article{Wu2020,
  author  = {Wu, Y. and Wang, X. and Lin, J. and Beilin, J. and Owzar, K.},
  title   = {Predictive accuracy of markers or risk scores for interval censored survival data},
  journal = {Statistics in Medicine},
  year    = {2020},
  volume  = {39},
  number  = {18},
  url = {https://doi.org/10.1002/sim.8547},
  pages   = {2437--2446},
}

@Article{Cox1972,
  author  = {Cox, D. R.},
  title   = {Regression Models and Life-Tables},
  journal = {Journal of the Royal Statistical Society. Series B (Methodological)},
  year    = {1972},
  volume  = {34},
  number  = {2},
  pages   = {187--220},
  url = {https://doi.org/10.1111/j.2517-6161.1972.tb00899.x}
}

@Article{Diaz-Coto2020,
  author    = {Susana Díaz-Coto and Pablo Martínez-Camblor and Norberto Octavio Corral-Blanco},
  journal   = {Journal of Statistical Computation and Simulation},
  title     = {Cumulative/dynamic {ROC} curve estimation under interval censorship},
  year      = {2020},
  number    = {9},
  pages     = {1570--1590},
  volume    = {90},
  url = {https://doi.org/10.1080/00949655.2020.1736071},
  publisher = {Taylor \& Francis},
}

@Article{Diaz-Coto2020a,
  author  = {Díaz-Coto, S. and Martínez-Camblor, P. and Pérez-Fernández, S.},
  title   = {smooth{ROC}time: an {R} package for time-dependent {ROC} curve estimation},
  journal = {Computational Statistics},
  year    = {2020},
  url = {https://doi.org/10.1007/s00180-020-00955-7},
}

@Article{Farrel2008,
  author  = {Farrell, Philip M. and Rosenstein, Beryl J. and White, Terry B. and Accurso, Frank J. and
  Castellani, Carlo and Cutting, Garry R.  and Durie, Peter R. and LeGrys, Vicky A and Massie, John and Parad, Richard B. and Rock, Michael J. and Campbell 3rd, Preston W. and Cystic-Fibrosis-Foundation},
  title   = {Guidelines for Diagnosis of Cystic Fibrosis in Newborns through Older Adults: Cystic Fibrosis Foundation Consensus Report},
  journal = {The {J}ournal of {P}ediatrics},
  year    = {2008},
  number = {2},
  pages     = {S4--S14},
  volume ={153},
  url = {https://doi.org/10.1016/j.jpeds.2008.05.005},
}

@Article{Ni2018,
  author  = {Ni, Li and Wehrens, Xander H.},
  title   = {Cardiac troponin {I} - more than a biomarker for myocardial ischemia?},
  journal = {Annals of {T}ranslational {M}edicine},
  year    = {2018},
  number = {6},
  pages     = {S17},
  volume ={Suppl 1},
  url = {https://doi.org/10.21037/atm.2018.09.07},
}

@Article{Long2020,
  author  = {Long, Jianglan and Yang, Zhirui and Wang, Long and  Han, Yumei and  Peng, Cheng and  Yan, Can and  Yan, Dan},
  title   = {Metabolite biomarkers of {T}ype 2 diabetes mellitus and pre-diabetes: a systematic review and meta-analysis},
  journal = {BMC {E}ndocrine {D}isorders},
  year    = {2020},
  number = {1},
  pages     = {SP174},
  volume ={20},
  url = {https://doi.org/10.1186/s12902-020-00653-x},
}

@Article{Sachs2017,
  author  = {Sachs, M. C.},
  title   = {plot{ROC}: a tool for plotting {ROC} curves},
  journal = {Journal of {S}tatistical {S}oftware},
  year    = {2017},
  volume  = {79},
  number  = {2},
  url = {https://doi.org/10.18637/jss.v079.c02},
  pages   = {1--19},
}

@Article{Basu2015,
  author  = {Basu, N. N. and Ingham, S. and Hodson, J. and Lalloo, F. and Bulman, M. and Howell, A. and Evans, D. G.},
  title   = {Risk of contralateral breast cancer in {BRCA1} and {BRCA2} mutation carriers: a 30-year semi-prospective analysis},
  journal = {Familial Cancer},
  year    = {2015},
  volume  = {14},
  number  = {4},
  pages   = {531--538},
  url = {https://doi.org/10.1007/s10689-015-9825-9}
}

@Article{Ferreiros1999,
  author  = {Ferreir\'os, E.R. and Boissonnet, C.P. and Pizarro, R. and Merletti, P.F. and Corrado, G. and Cagide, A. and Bazzino, O.O},
  title   = {Independent prognostic value of elevated {C}-reactive protein in unstable angina},
  journal = {Circulation},
  year    = {1999},
  volume  = {100},
  number  = {19},
  url = {https://doi.org/10.1161/01.CIR.100.19.1958},
  pages   = {1958--1963},
}

@Article{Epstein2016,
  author  = {Epstein, J. I. and Egevad, L. and Amin, M. B. and Delahunt, B. and Srigley, J. R. and Humphrey, P. A. and the-Grading-Comittee},
  title   = {The 2014 International Society of Urological Pathology {(ISUP)} Consensus Conference on Gleason Grading of Prostatic Carcinoma},
  journal = {The American Journal of Surgical Pathology},
  year    = {2016},
  volume  = {40},
  number  = {2},
  pages   = {244--252},
  url = {https://doi.org/10.1097/PAS.0000000000000530},
}
@Article{Kassu2020,
  author  = {K. M. Beyene and El Grouch, Anouar},
  title   = { Smoothed time-dependent receiver operating characteristic curve for right censored survival data},
  journal = {Statistics in Medicine},
  year    = {2020},
  volume  = {39},
  number  = {24},
  pages   = {3373--3396},
  url = {https://doi.org/10.1002/sim.8671},
}

@Article{Diaz-Coto2021,
  author  = {Díaz-Coto, S. and Corral-Blaco, N.O. and Martínez-Camblor, P.},
  title   = {Two-stage receiver operating-characteristic curve estimator for cohort studies},
  journal = {The International Journal of Biostatistics},
  year    = {2021},
  volume = {17},
  issue = {1},
  pages = {117--137},
  url = {https://doi.org/10.1515/ijb-2019-0097},
}

@Article{Monica2014,
 title={Optimal{C}utpoints: An {R} Package for Selecting Optimal Cutpoints in Diagnostic Tests},
 volume={61},
 url = {https://doi.org/10.18637/jss.v061.i08},
 number={8},
 journal={Journal of Statistical Software},
 author={L\'opez-Rat\'on, Mónica and Rodríguez-Álvarez, María Xosé and Cadarso-Suárez, Carmen and Gude-Sampedro, Francisco},
 year={2014},
 pages={1–36}
}

@article{Etzioni99,
author = {Ruth Etzioni and Margaret Pepe and Gary Longton and  Chengcheng Hu and Gary Goodman},
title ={Incorporating the Time Dimension in Receiver Operating Characteristic Curves: A Case Study of Prostate Cancer},
journal = {Medical Decision Making},
volume = {19},
number = {3},
pages = {242-251},
year = {1999},
url = {https://doi.org/10.1177/0272989X9901900303},
}

@Article{Hurvich1998,
  author  = {Hurvich, C. M. and Simonoff, J. S. and Tsai, C.-L.},
  title   = {Smoothing parameter selection in nonparametric regression using an improved {A}kaike information criterion},
  journal = {Journal of the Royal Statistical Society, Series B (Statistical Methodology)},
  year    = {1998},
  volume  = {60},
  number  = {2},
  url = {https://doi.org/10.1111/1467-9868.00125},
  pages   = {271-293},
}

@article{Cote2021,
  title={{ROC}n{R}eg: An {R} Package for Receiver Operating Characteristic Curve Inference With and Without Covariates},
  author={Mar{\'i}a Xos{\'e} Rodr{\'i}guez-{\'A}lvarez and Vanda In{\'a}cio},
  journal={The R Journal},
  year={2021},
  volume={13},
  url = {https://doi.org/10.32614/RJ-2021-066},
  pages={525}
}

@article{JoseRamon2020,
  title={Genetic contribution of endoplasmic reticulum aminopeptidase 1 polymorphisms to liver fibrosis progression in patients with {HCV} infection},
  author={Jose Ram\'on Vidal-Casti{\~n}eira and Antonio L\'opez-V\'azquez and  Paula D\'iaz-Bulnes and Susana D\'iaz-Coto and Leonardo M\'arquez-Kisinousky and Jes\'us Mart\'inez-Borra and Carmen A. Navascues and  Paloma Sanz-Cameno and  Juan de la Vega, Aurora Astudillo and  Manuel Rodr\'iguez and Carlos L\'opez-Larrea},
  journal={Journal of {M}olecular {M}edicine},
  year={2020},
  volume={98},
  pages={1245--1254},
  url = {https://doi.org/10.1007/s00109-020-01948-1},
}
@article{kassu2022,
author = {Beyene, Kassu Mehari and El Ghouch, Anouar},
title = {Time-dependent {ROC} curve estimation for interval-censored data},
journal = {Biometrical Journal},
volume = {64},
number = {6},
pages = {1056-1074},
url = {https://doi.org/10.1002/bimj.202000382},
year = {2022}
}
@ARTICLE{Pablo2011,
    AUTHOR  = {Mart\'inez-Camblor, P.},
    TITLE   = {{Nonparametric cutoff point estimation for diagnostic decisions with weighted errors}},
    JOURNAL = {Revista Colombiana de Estad\'istica},
    YEAR    = {2011},
    volume  = {34},
    number  = {1},
    pages   = {133-146},
    url = {https://doi.org/10.15446/rce}
}

 @Manual{cenROC,
    title = {cenROC: estimating time-dependent ROC curve and AUC for censored data},
    author = {Kassu Mehari Beyene and Anouar {El Ghouch}},
    year = {2023},
    note = {R package version 2.0.0},
    url = {https://CRAN.R-project.org/package=cenROC},
  }

  @Manual{flextable,
    title = {flextable: functions for tabular reporting},
    author = {David Gohel and Panagiotis Skintzos},
    year = {2023},
    note = {R package version 0.9.3},
    url = {https://CRAN.R-project.org/package=flextable},
  }
 @Article{icenReg,
    title = {{icenReg}: Regression Models for Interval Censored Data in {R}},
    author = {Clifford Anderson-Bergman},
    journal = {Journal of Statistical Software},
    year = {2017},
    volume = {81},
    number = {12},
    pages = {1--23},
    url = {https://doi.org/10.18637/jss.v081.i12},
  }
 @Book{survival,
    title = {Modeling Survival Data: Extending the {C}ox Model},
    author = {{Terry M. Therneau} and {Patricia M. Grambsch}},
    year = {2000},
    publisher = {Springer},
    address = {New York},
    isbn = {0-387-98784-3},
  }
@Manual{rms,
    title = {rms: Regression modeling strategies},
    author = {Frank E {Harrell Jr}},
    year = {2023},
    note = {R package version 6.7-1},
    url = {https://CRAN.R-project.org/package=rms},
  }
  @Manual{foreach,
    title = {foreach: Provides foreach looping construct},
    author = {{Microsoft} and Steve Weston},
    year = {2022},
    note = {R package version 1.5.2},
    url = {https://CRAN.R-project.org/package=foreach},
  }

@Book{ggplot2,
    author = {Hadley Wickham},
    title = {ggplot2: Elegant graphics for data analysis},
    publisher = {Springer-Verlag New York},
    year = {2016},
    isbn = {978-3-319-24277-4},
    url = {https://ggplot2.tidyverse.org},
  }
@Manual{survivalROC,
    title = {survivalROC: time-dependent ROC curve estimation from censored survival data},
    author = {Patrick J. Heagerty and Paramita Saha-Chaudhuri},
    year = {2022},
    note = {R package version 1.0.3.1},
    url = {https://CRAN.R-project.org/package=survivalROC},
  }
@Manual{intcensROC,
    title = {intcensROC: AUC estimation of interval censored survival data},
    author = {Jiaxing Lin and Yuan Wu and Xiaofei Wang and Kouros Owzar.},
    year = {2021},
    note = {R package version 0.1.3},
    url = {https://CRAN.R-project.org/package=intcensROC},
  }

@Comment{jabref-meta: databaseType:bibtex;}
