

@article{gamerman2015,
	title = {Data Miners Dig Into ‘{W}atchman’},
	journal = {Wall Street Journal},
	author = {Gamerman, E.},
	month = jul,
	day = {17},
	year = {2015},
	pages = {D5}
}

@article{Feinerer:Hornik:Meyer:2008:JSSOBK:v25i05,
  author =  "Ingo Feinerer and Kurt Hornik and David Meyer",
  title = "Text Mining Infrastructure in {R}",
  journal = "Journal of Statistical Software",
  volume =  "25",
  number =  "5",
  pages = "1--54",
  day =   "31",
  month = "3",
  year =  "2008",
  CODEN = "JSSOBK",
  ISSN =  "1548-7660",
  bibdate = "2008-02-10",
  URL =   "http://www.jstatsoft.org/v25/i05",
  accepted =  "2008-02-10",
  acknowledgement = "",
  keywords =  "",
  submitted = "2007-09-05",
}

@ARTICLE{holmes:1998,
  author = {Holmes, D.},
  title = {{T}he Evolution of Stylometry in {H}umanities scholarship},
  journal = {{L}iterary and {L}inguistic {C}omputing},
  year = {1998},
  volume = {13},
  pages = {111--117},
  number = {3},
  owner = {mike},
  timestamp = {2011.11.29}
}

@ARTICLE{holmes:1994,
  author = {Holmes, D.},
  title = {Authorship attribution},
  journal = {Computers and the {H}umanities},
  year = {1994},
  volume = {28},
  pages = {87--106},
  number = {2},
  owner = {mike},
  timestamp = {2011.12.03}
}

@BOOK{love:2002,
  title = {Attributing authorship. {A}n introduction},
  publisher = {Cambridge University Press},
  year = {2002},
  address = {Cambridge},
  author = {Love, H.},
  owner = {mike},
  timestamp = {2011.11.28}
}

@BOOK{schreibman:2004,
  title = {A companion to {D}igital {H}umanities},
  publisher = {Blackwell},
  year = {2004},
  editor = {Schreibman, S. and Siemens, R. and Unsworth, J.},
  owner = {mike},
  timestamp = {2011.11.28},
  url = {http://www.digitalhumanities.org/companion/}
}

@BOOK{alpaydin:2004,
  title = {Introduction to {M}achine {L}earning},
  publisher = {The {M}{I}{T} {P}ress},
  year = {2004},
  author = {Alpaydin, E.},
  series = {Adaptive computation and machine learning},
  owner = {mike},
  timestamp = {2011.12.05}
}


@INPROCEEDINGS{argamonEA:2005,
  author = {Argamon, S. and Levitan, S.},
  title = {Measuring the usefulness of function words for authorship attribution},
  booktitle = {{P}roceedings of the Joint Conference of the {A}ssociation for {C}omputers and the {H}umanities and the {A}ssociation for {L}iterary and {L}inguistic {C}omputing (2005)},
  year = {2005},
  owner = {mike},
  timestamp = {2011.12.04}
}

@ARTICLE{argamon:2008,
  author = {Argamon, S.},
  title = {Interpreting {B}urrows’s {D}elta: Geometric and probabilistic foundations},
  journal = {{L}iterary and {L}inguistic {C}omputing},
  year = {2011},
  volume = {23},
  number = {2},
  pages = {131--147},
  owner = {mike},
  timestamp = {2015.01.21}
}


@ARTICLE{binongo:2003,
  author = {Binongo, J.},
  title = {{W}ho wrote the 15th book of {O}z? {A}n application of multivariate analysis to authorship attribution},
  journal = {Chance},
  year = {2003},
  volume = {16},
  pages = {9--17},
  number = {2},
  owner = {mike},
  timestamp = {2011.11.29}
}

@ARTICLE{binongoEA:1999,
  author = {Binongo, J. and Smith, W.},
  title = {The application of principal components analysis to stylometry},
  journal = {{L}iterary and {L}inguistic {C}omputing},
  year = {1999},
  volume = {14},
  pages = {445--466},
  number = {4},
  owner = {mike},
  timestamp = {2011.11.29}
}


@ARTICLE{burrows:2002,
  author = {Burrows, J.},
  title = {`{D}elta': {A} Measure of Stylistic Difference and a Guide to Likely Authorship},
  journal = {{L}iterary and {L}inguistic {C}omputing},
  year = {2002},
  volume = {17},
  pages = {267--287},
  number = {3},
  owner = {mike},
  timestamp = {2011.11.29}
}


@ARTICLE{burrows:2007,
  author = {Burrows, J.},
  title = {{A}ll the way through: testing for authorship in different frequency strata},
  journal = {{L}iterary and {L}inguistic {C}omputing},
  year = {2007},
  volume = {22},
  pages = {27--48},
  number = {1},
  owner = {mike},
  timestamp = {2015.01.21}
}


@INCOLLECTION{chungEA:2007,
  author = {Chung, C. and Pennebaker, J.},
  title = {The Psychological Functions of Function Words},
  booktitle = {Social Communication},
  publisher = {{P}sychology {P}ress},
  year = {2007},
  editor = {Fiedler, K.},
  pages = {343--359},
  owner = {mike},
  timestamp = {2011.12.04}
}

@BOOK{craigEA:2009,
  title = {Shakespeare, Computers, and the Mystery of Authorship},
  publisher = {Cambridge University Press},
  year = {2009},
  editor = {Craig, H. and Kinney, A.F.},
  owner = {mike},
  timestamp = {2015.01.21}
}


@ARTICLE{oakesEtAL,
  author = {Oakes, Michael and Pichler, Alois},
  title = {Computational Stylometry of {W}ittgenstein's `{D}iktat für {S}chlick'},
  journal = {Bergen Language and Linguistics Studies},
  year = {2013},
  volume = {3},
  number = {1},
  pages = {221--240},
}

@ARTICLE{boot,
  author = {Boot, Peter},
  title = {Online boekdiscussie van een afstand gelezen},
  journal = {TNTL. Journal of Dutch Linguistics and Literature},
  year = {2013},
  volume = {129},
  number = {4},
  pages = {215--232},
}


@ARTICLE{van:dalen:2013,
  author = {van Dalen-Oskam, K.},
  title = {Names in novels: An experiment in computational stylistics},
  journal = {{L}iterary and {L}inguistic {C}omputing},
  year = {2013},
  volume = {28},
  number = {2},
  pages = {359--370},
  owner = {mike},
  timestamp = {2015.01.21}
}

@ARTICLE{van:dalen:2014,
  author = {van Dalen-Oskam, K.},
  title = {Epistolary voices: The case of {E}lisabeth {W}olff and {A}gatha {D}eken},
  journal = {{L}iterary and {L}inguistic {C}omputing},
  year = {2014},
  volume = {29},
  number = {3},
  pages = {443--451},
  owner = {mike},
  timestamp = {2015.01.21}
}

@ARTICLE{eder:2011,
  author = {Eder, M.},
  title = {Style-markers in authorship attribution: a cross-language study of the authorial fingerprint},
  journal = {{S}tudies in {P}olish {L}inguistics},
  year = {2011},
  volume = {6},
  pages = {99--114},
  url = {http://www.wuj.pl/page,art,artid,1923.html},
  owner = {mike},
  timestamp = {2015.01.21}
}


@INCOLLECTION{eder:2013,
  author = {Eder, M.},
  title = {Computational stylistics and Biblical translation: how reliable can a dendrogram be?},
  booktitle = {The Translator and the Computer},
  publisher = {WSF Press},
  address = {Wroc{\l}aw},
  year = {2012},
  editor = {Piotrowski, T. and Grabowski, {\L}.},
  pages = {155--170},
  owner = {mike},
  timestamp = {2015.01.21}
}


@ARTICLE{eder:2016,
  author = {Eder, M.},
  title = {Rolling stylometry},
  journal = {Digital Scholarship in the Humanities},
  year = {2016},
  volume = {31},
  number = {3},
  pages = {457--469},

}


@ARTICLE{ederEA:2013,
  author = {Eder, M. and Rybicki, J.},
  title = {Do birds of a feather really flock together, or how to choose training samples for authorship attribution},
  journal = {{L}iterary and {L}inguistic {C}omputing},
  year = {2013},
  volume = {28},
  number = {2},
  pages = {229--236},
  owner = {mike},
  timestamp = {2015.01.21}
}


@INCOLLECTION{hoover:2007,
  author = {Hoover, D.},
  title = {Quantitative Analysis and Literary Studies},
  booktitle = {A companion to digital literary studies},
  publisher = {Blackwell},
  year = {2007},
  editor = {Schreibman, S. and Siemens, R.},
  pages = {517--533},
  owner = {mike},
  timestamp = {2011.11.28}
}

@ARTICLE{hoover:2004,
  author = {Hoover, D.},
  title = {{T}esting {B}urrows's {D}elta},
  journal = {{L}iterary and {L}inguistic {C}omputing},
  year = {2004},
  volume = {19},
  pages = {453--475},
  number = {4},
  owner = {mike},
  timestamp = {2011.12.05}
}

@ARTICLE{hoover:2004:prime,
  author = {Hoover, D.},
  title = {Delta Prime},
  journal = {{L}iterary and {L}inguistic {C}omputing},
  year = {2004},
  volume = {19},
  pages = {477--495},
  number = {4},
  owner = {mike},
  timestamp = {2011.12.20}
}

@ARTICLE{hoover:2003,
  author = {Hoover, D.},
  title = {Multivariate Analysis and the Study of Literary Style},
  journal = {{L}iterary and {L}inguistic {C}omputing},
  year = {2003},
  volume = {18},
  pages = {341--360},
  number = {4},
  owner = {mike},
  timestamp = {2011.12.28}
}

@INPROCEEDINGS{houvardasEA:2006,
  author = {Houvardas, J. and Stamatatos, E.},
  title = {N-Gram Feature Selection for Authorship Identification},
  booktitle = {Proceedings of {A}rtificial Intelligence: {M}ethodologies, Systems,
	and Applications},
  year = {2006},
  editor = {Euzenat, J. and Domingue, J.},
  pages = {77--86},
  publisher = {{S}pringer {V}erlag},
  owner = {mike},
  timestamp = {2011.12.04}
}

@ARTICLE{juola:2007,
  author = {Juola, P.},
  title = {{B}ecoming {J}ack {L}ondon},
  journal = {{J}ournal of {Q}uantitative {L}inguistics},
  year = {2007},
  volume = {14},
  pages = {145--147},
  number = {2},
  owner = {mike},
  timestamp = {2011.11.29}
}

@ARTICLE{juola:2006,
  author = {Juola, P.},
  title = {Authorship attribution},
  journal = {{F}oundations and {T}rends in {I}nformation {R}etrieval},
  year = {2006},
  volume = {1},
  pages = {233--334},
  number = {3},
  owner = {mike},
  timestamp = {2011.11.29}
}

@ARTICLE{kestemontEA:2013,
  author = {Kestemont, M. and Moens, S. and Deploige, J.},
  title = {Collaborative authorship in the twelfth century: A stylometric study of {H}ildegard of {B}ingen and {G}uibert of {G}embloux},
  journal = {Literary and Linguistic Computing},
  year = {2013},
  volume = {28},
  pages = {1--15},
  doi = {doi:10.1093/llc/fqt063},
  owner = {mike},
  timestamp = {2015.01.21}
}

@ARTICLE{kilgariff:2001,
  author = {Kilgariff, A.},
  title = {Comparing Corpora},
  journal = {{I}nternational {J}ournal of {C}orpus {L}inguistics},
  year = {2001},
  volume = {6},
  pages = {97--133},
  number = {1},
  owner = {mike},
  timestamp = {2011.12.05}
}

@ARTICLE{kjell:1994,
  author = {Kjell, B.},
  title = {Discrimination of authorship using visualization},
  journal = {{I}nformation {P}rocessing and {M}anagement},
  year = {1994},
  volume = {30},
  pages = {141--50},
  number = {1},
  owner = {mike},
  timestamp = {2011.12.04}
}


@ARTICLE{koppelEA:2011,
  author = {Koppel, M. and Schler, J. and Argamon, S.},
  title = {Authorship attribution in the Wild},
  journal = {Language Resources and Evaluation},
  year = {2011},
  volume = {45},
  pages = {83--94},
  number = {1},
  owner = {mike},
  timestamp = {2012.01.02}
}

@ARTICLE{koppelEA:2009,
  author = {Koppel, M. and Schler, J. and Argamon, S.},
  title = {{C}omputational methods in authorship attribution},
  journal = {{J}ournal of the {A}merican {S}ociety for {I}nformation {S}cience
	and {T}echnology},
  year = {2009},
  volume = {60},
  pages = {9--26},
  number = {1},
  owner = {mike},
  timestamp = {2011.11.29}
}

@INPROCEEDINGS{koppelEA:2006,
  author = {Koppel, M. and Schler, J. and Argamon, S. and Messeri, E.},
  title = {Authorship attribution with thousands of candidate authors},
  booktitle = {Proceedings of the 29th International {C}onference of the {S}pecial
	{I}nterest {G}roup on {I}nformation {R}etrieval},
  year = {2006},
  editor = {Efthimiadis, E. and Dumais, S. and Hawking, D. and J\"arvelin, K.},
  pages = {659--660},
  owner = {mike},
  timestamp = {2011.12.08}
}

@INCOLLECTION{lauerEA:2014,
  author = {Lauer, G. and Jannidis, F.},
  title = {Burrows’s Delta and its use in {G}erman literary history},
  booktitle = {Distant Readings. Topologies of German Culture in the Long Nineteenth Century},
  publisher = {Rochester},
  year = {2014},
  editor = {Erlin, M. and Tatlock, L.},
  pages = {29--54},
  address = {New York},
  owner = {mike},
  timestamp = {2015.01.21}
}


@ARTICLE{luyckxEA:2011,
  author = {{{L}uyckx}, K. and Daelemans, W.},
  title = {The effect of author set size and data size in authorship attribution},
  journal = {{L}iterary and {L}inguistic {C}omputing},
  year = {2011},
  volume = {26},
  pages = {35--55},
  number = {1},
  owner = {mike},
  timestamp = {2011.11.29}
}

@ARTICLE{nenadicEA:2007,
  author = {Nenadi\'c, O. and Greenacre, M.},
  title = {{C}orrespondence {A}nalysis in {R}, with Two- and Three-dimensional
	Graphics. {T}he {\sc ca}-package.},
  journal = {{J}ournal of {S}tatistical {S}oftware},
  year = {2007},
  volume = {20},
  pages = {1--13},
  number = {3},
  owner = {mike},
  timestamp = {2011.12.19}
}


@BOOK{pennebaker:2011,
  author = {Pennebaker, J.W.},
  title = {The Secret Life of Pronouns: What our Words Say about Us},
  publisher = {Bloomsbury Press},
  year = {2011},
  address = {New York},
  owner = {mike},
  timestamp = {2011.01.21},
}


@INPROCEEDINGS{pengEA:2003,
  author = {Peng, F. and Schuurmans, D. and Keselj, V. and Wang, S.},
  title = {Language Independent Authorship Attribution using Character Level
	Language Models},
  booktitle = {Proceedings of the 10th Conference of the {E}uropean {C}hapter of
	the {A}ssociation for {C}omputational {L}inguistics},
  year = {2003},
  editor = {{E}{A}{C}{L}},
  pages = {267--274},
  owner = {mike},
  timestamp = {2011.12.04}
}

@ARTICLE{rudman:1998:state,
  author = {Rudman, J.},
  title = {{T}he State of Authorship Attribution Studies: {S}ome Problems and
	Solutions},
  journal = {{C}omputers and the {H}umanities},
  year = {1998},
  volume = {31},
  pages = {351--365},
  number = {4},
  owner = {mike},
  timestamp = {2011.11.29}
}

@ARTICLE{rybickiEA:2011,
  author = {Rybicki, J. and Eder, M.},
  title = {Deeper {D}elta across genres and languages: do we really need the most frequent words?},
  journal = {{L}iterary and {L}inguistic {C}omputing},
  year = {2011},
  volume = {26},
  pages = {315--321},
  number = {3},
  owner = {mike},
  timestamp = {2011.12.04}
}

@ARTICLE{rybickiEA:2013,
  author = {Rybicki, J. and Heydel, M.},
  title = {The stylistics and stylometry of collaborative translation: {W}oolf's `{N}ight and {D}ay' in {P}olish},
  journal = {{L}iterary and {L}inguistic {C}omputing},
  year = {2013},
  volume = {28},
  pages = {708--717},
  number = {4},
  owner = {mike},
  timestamp = {2015.01.21}
}

@ARTICLE{rybickiEA:2014,
  author = {Rybicki, J. and Hoover, D. and Kestemont, M.},
  title = {Collaborative authorship: {C}onrad, {F}ord and Rolling Delta},
  journal = {{L}iterary and {L}inguistic {C}omputing},
  year = {2014},
  volume = {29},
  pages = {422--431},
  number = {3},
  owner = {mike},
  timestamp = {2015.01.21}
}



@ARTICLE{sebastiani:2002,
  author = {Sebastiani, F.},
  title = {{M}achine {L}earning in automated text categorization},
  journal = {{A}{C}{M} {C}omputing {S}urveys},
  year = {2002},
  volume = {34},
  pages = {1--47},
  number = {1},
  owner = {mike},
  timestamp = {2011.11.29}
}


@ARTICLE{stamatatos:2009,
  author = {Stamatatos, E.},
  title = {A Survey of Modern Authorship Attribution Methods},
  journal = {{J}ournal of the {A}merican {S}ociety for {I}nformation {S}cience and {T}echnology},
  year = {2009},
  volume = {60},
  pages = {538--556},
  number = {3},
  owner = {mike},
  timestamp = {2011.11.29}
}

@ARTICLE{stamatatosEA:2000,
  author = {Stamatatos, E. and Fakotakis, N. and Kokkinakis, G.},
  title = {Automatic text categorization in terms of genre and author},
  journal = {Computational Linguistics},
  year = {2000},
  volume = {26},
  pages = {471--495},
  number = {4},
  owner = {mike},
  timestamp = {2011.11.29}
}

@ARTICLE{stamou:2008,
  author = {Stamou, C.},
  title = {Stylochronometry: stylistic development, sequence of composition, and relative dating},
  journal = {Literary and Linguistic Computing},
  year = {2008},
  volume = {23},
  pages = {181--199},
  number = {2},
  owner = {mike},
  timestamp = {2012.02.01}
}



@ARTICLE{vanhalterenEA:2005,
  author = {Van Halteren, H. and Baayen, H. and Tweedie, F. and Haverkort, M. and Neijt, A.},
  title = {{N}ew Machine Learning Methods Demonstrate the Existence of a Human Stylome},
  journal = {{J}ournal of {Q}uantitative {L}inguistics},
  year = {2005},
  volume = {12},
  pages = {65--77},
  number = {1},
  owner = {mike},
  timestamp = {2011.11.29}
}


@book{jockers2013macroanalysis,
  title={Macroanalysis: Digital Methods and Literary History},
  author={Jockers, M.L.},
  isbn={9780252094767},
  lccn={2012032491},
  series={Topics in the Digital Humanities},
  year={2013},
  publisher={University of Illinois Press},
}

@article{van2008visualizing,
  title={Visualizing data using {t-SNE}},
  author={van der Maaten, Laurens and Hinton, Geoffrey},
  journal={The Journal of Machine Learning Research},
  volume={9},
  number={2579--2605},
  pages={85},
  year={2008}
}


@article{stoverEtAl2016,
  title={Computational Authorship Verification Method Attributes New Work to Major 2nd Century {A}frican Author},
  author={Stover, J.A. and Winter, Yaron and Koppel, Moshe and Kestemont, Mike},
  journal={Journal of the American Society for Information Science and Technology},
  volume={67},
  number={1},
  pages={239--242},
  year={2016}
}

@misc{juola2013,
author = {Juola, P.},
title = {Rowling and ``{G}albraith'': an authorial analysis},
journal = {Language Log},
type = {Blog},
number = {July 16},
year = {2013},
url = {http://languagelog.ldc.upenn.edu/nll/?p=5315}
}




@Manual{R,
  title = {R: A Language and Environment for Statistical Computing},
  author = {{R} {C}ore {T}eam},
  organization = {R Foundation for Statistical Computing},
  address = {Vienna, Austria},
  year = {2013},
  url = {http://www.R-project.org/},
}

@InProceedings{kestemont:2014:CLFL,
  author    = {Kestemont, Mike},
  title     = {Function Words in Authorship Attribution: From Black Magic to Theory?},
  booktitle = {Proceedings of the 3rd Workshop on Computational Linguistics for Literature (CLFL)},
  month     = {April},
  year      = {2014},
  address   = {Gothenburg, Sweden},
  publisher = {Association for Computational Linguistics},
  pages     = {59--66},
  url       = {http://www.aclweb.org/anthology/W14-0908}
}


@InProceedings{anandEtAl,
  author    = {Anand, Satyam and Dawn, Arnav Kumar and Saha, Sujan Kumar},
  title     = {A Statistical Analysis Approach to Author Identification Using Latent Semantic Analysis. Notebook for {PAN at CLEF} 2014},
  booktitle = {CLEF2014 Working Notes},
  year      = {2014},
  address   = {Sheffield, UK},
  publisher = {CLEF},
  pages = {1143--1147},
}

@inproceedings{Daelemans:2013,
 author = {Daelemans, W.},
 title = {Explanation in computational stylometry},
 booktitle = {Proceedings of the 14th International Conference on Computational Linguistics and Intelligent Text Processing -- Volume 2},
 series = {CICLing'13},
 year = {2013},
 isbn = {978-3-642-37255-1},
 location = {Samos, Greece},
 pages = {451--462},
 numpages = {12},
 publisher = {Springer-Verlag},
 address = {Berlin, Heidelberg},
} 



