@article{cressie2003spatial,
  title={Spatial statistics in the presence of location error with an application to remote sensing of the environment},
  author={Cressie, Noel and Kornak, John},
  journal={Statistical {S}cience},
  pages={436--456},
  year={2003},
  publisher={JSTOR}
}

@book{gustafson-2003,
  title={Measurement error and misclassification in statistics and epidemiology: impacts and Bayesian adjustments},
  author={Gustafson, Paul},
  year={2003},
  publisher={CRC Press}
}

@misc{unesco2019,
  author={UNESCO},
  year={2019},
  title={{Her education, our future: UNESCO fast-tracking girls'        and women's education}},
  url={ https://en.unesco.org/news/her-education-our-future-unesco-fast-tracking-girls-and-womens-education}
}

@misc{unaids2019,
  author={UNAIDS},
  year={2022},
  title={{School saves lives: World leaders back a courageous goal, "Education Plus", to prevent new HIV infections through education and empowerment}},
  url={https://www.unaids.org/en/resources/presscentre/pressreleaseandstatementarchive/2022/september/20220919_PR_TES_Eduplus}
}

@book{lewin2008,
  title={{Strategies for sustainable financing of secondary education in Sub-Saharan Africa}},
  author={Lewin, Keith M},
  volume={136},
  year={2008},
  publisher={World Bank Publications}
}


@article{fanshawe2011spatial,
  title={Spatial prediction in the presence of positional error},
  author={Fanshawe, TR and Diggle, PJ},
  journal={Environmetrics},
  volume={22},
  number={2},
  pages={109--122},
  year={2011},
  publisher={Wiley Online Library}
}

@article{warren2016influenceOne,
  title={Influence of demographic and health survey point displacements on distance-based analyses},
  author={Warren, Joshua L and Perez-Heydrich, Carolina and Burgert, Clara R and Emch, Michael E},
  journal={Spatial {D}emography},
  volume={4},
  number={2},
  pages={155--173},
  year={2016},
  publisher={Springer}
}




@article{warren2016influenceTwo,
  title={Influence of {D}emographic and {H}ealth {S}urvey point displacements on point-in-polygon analyses},
  author={Warren, Joshua L and Perez-Heydrich, Carolina and Burgert, Clara R and Emch, Michael E},
  journal={Spatial {D}emography},
  volume={4},
  number={2},
  pages={117--133},
  year={2016},
  publisher={Springer}
}

@article{wilson2021estimation,
  title={Estimation of health and demographic indicators with incomplete geographic information},
  author={Wilson, Katie and Wakefield, Jon},
  journal={Spatial and Spatio-temporal Epidemiology},
  volume={37},
  pages={100421},
  year={2021},
  publisher={Elsevier}
}


@article{fronterre2018geostatistical,
  title={Geostatistical inference in the presence of geomasking: a composite-likelihood approach},
  author={Fronterr{\`e}, Claudio and Giorgi, Emanuele and Diggle, Peter},
  journal={Spatial {S}tatistics},
  volume={28},
  pages={319--330},
  year={2018},
  publisher={Elsevier}
}

@article{rue2009approximate,
  title={Approximate {B}ayesian inference for latent {G}aussian models by using integrated nested {L}aplace approximations},
  author={Rue, H{\aa}vard and Martino, Sara and Chopin, Nicolas},
  journal={Journal of the {R}oyal {S}tatistical {S}ociety: Series {B} ({S}tatistical {M}ethodology)},
  volume={71},
  number={2},
  pages={319--392},
  year={2009},
  publisher={Wiley Online Library}
}



@article{fund2018demographic,
  title={Demographic and {H}ealth {S}urveys {S}tandard {R}ecode {M}anual for {DHS7}},
  author={ICF},
  journal={The {D}emographic and {H}ealth {S}urveys {P}rogram, Rockville, Maryland, U.S.A.: ICF},
  year={2018},
  note  = {\url{https://dhsprogram.com/pubs/pdf/DHSG4/Recode7_DHS_10Sep2018_DHSG4.pdf/}, last accessed on 2023-03-20}
}

@report{GA2015,
  title = {Resolution adopted by the {G}eneral {A}ssembly on 25 {S}eptember 2015},
  author = {{General Assembly of the United Nations}},
  note = {A/RES/70/1},
  year = {2015}
}

@misc{KDHS2014,
	title = {2014 {KDHS} Key Findings},
	author = {{National Bureau of Statistics-Kenya} and {ICF International}},
	year = {2015},
	address = {USA:MD},
	howpublished = {\url{https://www.dhsprogram.com/pubs/pdf/sr227/sr227.pdf}}
}

@misc{DHSspatial07,
    title = {Geographic displacement
procedure and georeferenced datarelease policy for the {D}emographic and {H}ealth {S}urveys},
    author = {Clara R. Burgert and Josh Colston and Thea Roy and Blake Zachary},
    year = {2013},
    address = {USA:MD},
    note = {DHS Spatial Analysis Reports No. 7},
    howpublished = {\url{https://dhsprogram.com/pubs/pdf/SAR7/SAR7.pdf}}
    }

    @article{gomez2018markov,
  title={Markov chain {M}onte {C}arlo with the integrated nested {L}aplace approximation},
  author={G{\'o}mez-Rubio, Virgilio and Rue, H{\aa}vard},
  journal={Statistics and {C}omputing},
  volume={28},
  number={5},
  pages={1033--1051},
  year={2018},
  publisher={Springer}
}

@report{DHSspatial11,
    title = {Creating Spatial Interpolation
Surfaces with {DHS} Data},
    author = {Peter Gething and Andy Tatem and Tom Bird and Clara R. Burgert-Brucker},
    year = {2013},
    address = {USA:MD},
    note = {DHS Spatial Analysis Reports No. 11},
    howpublished = {\url{https://dhsprogram.com/pubs/pdf/SAR11/SAR11.pdf}}
    }

    @article{le2017can,
  title={How can we feed the world in 2050? A review of the responses from global scenario studies},
  author={Le Mou{\"e}l, Chantal and Forslund, Agneta},
  journal={{European Review of Agricultural Economics}},
  volume={44},
  number={4},
  pages={541--591},
  year={2017},
  publisher={Oxford University Press}
}

@report{alexandratos2012world,
  title={World agriculture towards 2030/2050: the 2012 revision},
  author={Alexandratos, Nikos and Bruinsma, Jelle},
  year={2012}}

@article{gneiting2007strictly,
  title={Strictly proper scoring rules, prediction, and estimation},
  author={Gneiting, Tilmann and Raftery, Adrian E},
  journal={{Journal of the American Statistical Association}},
  volume={102},
  number={477},
  pages={359--378},
  year={2007},
  publisher={Taylor \& Francis}
}



@article{fuglstad:etal:19a,
	Author = {Fuglstad, Geir-Arne and Simpson, Daniel and Lindgren, Finn and Rue, H{\aa}vard},
	Date-Modified = {2019-09-16 07:48:34 +0000},
	Journal = {Journal of the American Statistical Association},
	Pages = {445-452},
	Title = {Constructing Priors that Penalize the Complexity of {G}aussian Random Fields},
	Volume = {114},
	Year = {2019}}


@article{burstein2019mapping,
  title={Mapping 123 million neonatal, infant and child deaths between 2000 and 2017},
  author={Burstein, Roy and Henry, Nathaniel J and Collison, Michael L and Marczak, Laurie B and Sligar, Amber and Watson, Stefanie and Marquez, Neal and Abbasalizad-Farhangi, Mahdieh and Abbasi, Masoumeh and Abd-Allah, Foad and others},
  journal={Nature},
  volume={574},
  number={7778},
  pages={353--358},
  year={2019},
  publisher={Nature Publishing Group}
}

@article{perez2016influence,
  title={Influence of {D}emographic and {H}ealth {S}urvey point displacements on raster-based analyses},
  author={Perez-Heydrich, Carolina and Warren, Joshua L and Burgert, Clara R and Emch, Michael E},
  journal={Spatial Demography},
  volume={4},
  number={2},
  pages={135--153},
  year={2016},
  publisher={Springer}
}

@article{perez2013guidelines,
  title={Guidelines on the use of {DHS} {GPS} data},
  author={Perez-Heydrich, C and Warren, JL and Burgert, CR and Emch, ME},
  journal={ICF International, Calverton, Maryland},
  year={2013},
   note  = {\url{https://dhsprogram.com/pubs/pdf/SAR8/SAR8.pdf/}, last accessed on 2023-03-20}
}

@article{altay2022accounting,
  title={Fast geostatistical inference under positional uncertainty: Analysing {DHS} household survey data},
  author={Altay, Umut and Paige, John and Riebler, Andrea and Fuglstad, Geir-Arne},
  journal={arXiv preprint arXiv:2202.11035},
  year={2022}
}


@article{altay2022covariates,
  title={Jittering Impacts Raster- and Distance-based Geostatistical Analyses of {DHS} Data},
  author={Altay, Umut and Paige, John and Riebler, Andrea and Fuglstad, Geir-Arne},
  journal={arXiv preprint arXiv:2202.07442v1},
  year={2022}
}


@misc{NDHS2018,
	title = {Nigeria {D}emographic and {H}ealth {S}urvey 2018 - Final Report},
	author = {{National Population Commission - NPC} and {ICF}},
	year = {2019},
	address = {Nigeria:Abuja},
	howpublished = {\url{http://dhsprogram.com/pubs/pdf/FR359/FR359.pdf}}
}

@article{fuglstad2021two,
  title={The Two Cultures for Prevalence Mapping: Small Area Estimation and Spatial Statistics},
  author={Fuglstad, Geir-Arne and Li, Zehang Richard and Wakefield, Jon},
  journal={arXiv preprint arXiv:2110.09576},
  year={2021}
}


@article{Lindgren:etal:11,
	Author = {F. Lindgren and H. Rue and J. Lindstr\"{o}m},
	Date-Added = {2019-08-27 21:17:05 +0000},
	Date-Modified = {2019-08-27 21:17:06 +0000},
	Journal = {Journal of the Royal Statistical Society, Series B},
	Pages = {423--498},
	Title = {An explicit link between {G}aussian fields and {G}aussian {M}arkov random fields: the stochastic differential equation approach (with discussion)},
	Volume = {73},
	Year = {2011}
}


@article{dong2021modeling,
  title={Modeling and presentation of vaccination coverage estimates using data from household surveys},
  author={Dong, Tracy Qi and Wakefield, Jon},
  journal={Vaccine},
  volume={39},
  number={18},
  pages={2584--2594},
  year={2021},
  publisher={Elsevier}
}

@article{utazi2019mapping,
  title={Mapping vaccination coverage to explore the effects of delivery mechanisms and inform vaccination strategies},
  author={Utazi, C Edson and Thorley, Julia and Alegana, Victor A and Ferrari, Matthew J and Takahashi, Saki and Metcalf, C Jessica E and Lessler, Justin and Cutts, Felicity T and Tatem, Andrew J},
  journal={Nature communications},
  volume={10},
  number={1},
  pages={1--10},
  year={2019},
  publisher={Nature Publishing Group}
}

@misc{dontamsetti2018primer,
  title={A primer on the {D}emographic and {H}ealth {S}urveys program spatial covariate data and their applications},
  author={Dontamsetti, Trinadh and Assaf, Shireen and Yourkavitch, Jennifer and Mayala, Benjamin K},
  year={2018},
  note = {Spatial Report No. 16},
  organization={ICF}
}

@misc{burgert2016guidance,
  title={Guidance for use of the {DHS} program modeled map surfaces},
  author={Burgert-Brucker, Clara R and Domtamsetti, Trinadh and Marshall, Aileen MJ and Gething, Peter},
  year={2016},
  note = {Spatial Report No. 14},
  publisher={ICF International}
}

@misc{un2015,
title = {Transforming Our World: The 2030 Agenda for Sustainable Development},
author = {{United Nations General Assembly}},
year = {2015},
note = {A/RES/70/1},
howpublished = {\url{https://sdgs.un.org/sites/default/files/publications/21252030\%20Agenda\%20for\%20Sustainable\%20Development\%20web.pdf}}
}

@online{riverLake,
  author = {{Natural Earth}},
  title = {Rivers + lake centerlines},
  year = 2012,
  url = {http://www.naturalearthdata.com/downloads/10m-physical-vectors/10m-rivers-lake-centerlines},
  urldate = {2022-09-06}
}


@online{elev,
  author = {{National Oceanic and Atmospheric Administration}},
  title = {National Centers for Environmental Information},
  year = 2022,
  url = {https://www.ngdc.noaa.gov/mgg/topo/gltiles.html},
  urldate = {2022-09-06}
}


@manual{pop,
  author = {{World Pop}},
  title = {Open Spatial Demographic Data and Research},
  year = 2022,
  note = {\url{https://hub.worldpop.org/doi/10.5258/SOTON/WP00648}},
  urldate = {2022-09-06}
}





@article{weiss2018global,
  title={A global map of travel time to cities to assess inequalities in accessibility in 2015},
  author={Weiss, D Jꎬ and Nelson, Andy and Gibson, HS and Temperley, W and Peedell, Stephen and Lieber, A and Hancher, M and Poyart, Eduardo and Belchior, Sim{\~a}o and Fullman, Nancy and others},
  journal={Nature},
  volume={553},
  number={7688},
  pages={333--336},
  year={2018},
  publisher={Nature Publishing Group}
}


@article{pesaresi2016operating,
  title={Operating procedure for the production of the Global Human Settlement Layer from {L}andsat data of the epochs 1975, 1990, 2000, and 2014},
  author={Pesaresi, Martino and Ehrlich, Daniele and Ferri, Stefano and Florczyk, Aneta and Freire, Sergio and Halkia, Matina and Julea, Andreea and Kemper, Thomas and Soille, Pierre and Syrris, Vasileios and others},
  journal={Publications Office of the European Union},
  pages={1--62},
  year={2016}
}

@Misc{stan2020,
  title = {{RStan}: the {R} interface to {Stan}},
  author = {{Stan Development Team}},
  note = {R package version 2.21.2},
  year = {2020},
  url = {http://mc-stan.org/},
}

@article{local2021mapping,
  title={Mapping routine measles vaccination in low-and middle-income countries},
  journal={Nature},
  volume={589},
  number={7842},
  pages={415--419},
  year={2021},
  publisher={Nature Publishing Group UK London},
  author = {{Local Burden of Disease Vaccine Coverage Collaborators}}
}

@misc{GADM,
  title = {{GADM} (version 4.0)},
  author = {{GADM}},
  howpublished = {\url{https://gadm.org/download_country.html}},
  note = {Accessed: 2022-02-20}
}

@article{paige2022spatial,
  title={Spatial Aggregation with Respect to a Population Distribution: Impact on inference},
  author={Paige, John and Fuglstad, Geir-Arne and Riebler, Andrea and Wakefield, Jon},
  journal={Spatial Statistics},
  year={2022},
  note = {In press}
}

@Book{ggplot2,
    author = {Hadley Wickham},
    title = {ggplot2: Elegant Graphics for Data Analysis},
    publisher = {Springer-Verlag New York},
    year = {2016},
    isbn = {978-3-319-24277-4},
    url = {https://ggplot2.tidyverse.org},
  }


@Manual{rgdal,
    title = {rgdal: Bindings for the 'Geospatial' Data Abstraction Library},
    author = {Roger Bivand and Tim Keitt and Barry Rowlingson},
    year = {2022},
    note = {R package version 1.6-2},
    url = {https://CRAN.R-project.org/package=rgdal},
  }

@Manual{haven,
    title = {haven: Import and Export 'SPSS', 'Stata' and 'SAS' Files},
    author = {Hadley Wickham and Evan Miller and Danny Smith},
    year = {2022},
    note = {R package version 2.5.1},
    url = {https://CRAN.R-project.org/package=haven},
  }

@Manual{raster,
    title = {raster: Geographic Data Analysis and Modeling},
    author = {Robert J. Hijmans},
    year = {2022},
    note = {R package version 3.6-3},
    url = {https://CRAN.R-project.org/package=raster},
  }


@Article{tmb,
    title = {{TMB}: Automatic differentiation and {L}aplace
      approximation},
    author = {Kasper Kristensen and Anders Nielsen and Casper W. Berg
      and Hans Skaug and Bradley M. Bell},
    journal = {Journal of Statistical Software},
    year = {2016},
    volume = {70},
    number = {5},
    pages = {1--21},
    doi = {10.18637/jss.v070.i05},
  }

@manual{kaskr2022,
  author = "Kasper Kristensen",
  title = {The comprehensive {TMB} documentation},
  year = 2022,
  note = {\url{https://kaskr.github.io/adcomp/\_book/Introduction.html}},
  urldate = {2023-01-31}
}

@Book{ggplot,
    author = {Hadley Wickham},
    title = {ggplot2: Elegant Graphics for Data Analysis},
    publisher = {Springer-Verlag New York},
    year = {2016},
    isbn = {978-3-319-24277-4},
    url = {https://ggplot2.tidyverse.org},
  }

  @Manual{Rmain,
    title = {R: A Language and Environment for Statistical Computing},
    author = {{R Core Team}},
    organization = {R Foundation for Statistical Computing},
    address = {Vienna, Austria},
    year = {2022},
    url = {https://www.R-project.org/},
  }


@Manual{fmesherPackage,
    title = {fmesher: Triangle Meshes and Related Geometry Tools},
    author = {Finn Lindgren},
    year = {2023},
    note = {R package version 0.1.2},
    url = {https://CRAN.R-project.org/package=fmesher},
  }

@article{li2020space,
  title={Space-time smoothing of demographic and health indicators using the R package SUMMER},
  author={Li, Zehang Richard and Martin, Bryan D and Dong, Tracy Qi and Fuglstad, Geir-Arne and Paige, John and Riebler, Andrea and Clark, Samuel and Wakefield, Jon},
  journal={arXiv preprint arXiv:2007.05117},
  year={2020}
}

 @Manual{summerPackage,
    title = {SUMMER: Small-Area-Estimation Unit/Area Models and Methods for
Estimation in R},
    author = {Zehang R Li and Bryan D Martin and Yuan Hsiao and Jessica Godwin and John Paige and Peter Gao and Jon Wakefield and Samuel J Clark and Geir-Arne Fuglstad and Andrea Riebler},
    year = {2022},
    note = {R package version 1.3.0},
    url = {https://CRAN.R-project.org/package=SUMMER},
  }