@Manual{R,
  title = {R: A Language and Environment for Statistical Computing},
  author = {{R Core Team}},
  organization = {R Foundation for Statistical Computing},
  address = {Vienna, Austria},
  year = {2016},
  note = {{ISBN} 3-900051-07-0},
  url = {https://www.R-project.org/},
}

@article{ihaka:1996,
  Author = {Ihaka, Ross and Gentleman, Robert},
	Journal = {Journal of Computational and Graphical Statistics},
	Number = 3,
	Pages = {299--314},
	Title = {R: A Language for Data Analysis and Graphics},
	Volume = 5,
	Year = 1996,
        url = {https://doi.org/10.1080/10618600.1996.10474713}
}

@article{fisher1939comparison,
  Author = {Fisher, Ronald Aylmer},
	Journal = {Annals of Eugenics},
	Number = 2,
	Pages = {174--180},
	Title = {The comparison of samples with possibly unequal variances},
	Volume = 9,
	Year = 1939,
        url = { https://doi.org/10.1111/j.1469-1809.1939.tb02205.x}
}

@article{welch1938significance,
  Author = {Welch, Bernard L},
	Journal = {Biometrika},
	Pages = {350--362},
	Title = {The significance of the difference between two means when the population variances are unequal},
	Volume = 29,
	Year = 1938,
        url = { https://doi.org/10.2307/2332010}
}

@article{satterthwaite1946approximate,
  Author = {Satterthwaite, Franklin E},
	Journal = {Biometrics Bulletin},
	Number = 6,
	Pages = {110--114},
	Title = {An approximate distribution of estimates of variance components},
	Volume = 2,
	Year = 1946,
        url = {https://doi.org/10.2307/3002019}
}

@article{wang1971probabilities,
  Author = {Wang, Ying Y},
	Journal = {Journal of the American Statistical Association},
	Number = 335,
	Pages = {605--608},
	Title = {Probabilities of the type I errors of the Welch tests for the Behrens-Fisher problem},
	Volume = 66,
	Year = 1971,
        url = {https://doi.org/10.2307/2283538}
}

@article{davenport1975behrens,
  Author = {Davenport, J M and Webster, J T},
	Journal = {Metrika},
	Pages = {47--54},
	Title = {The Behrens-Fisher problem, an old solution revisited},
	Volume = 22,
	Year = 1975,
        url = {https://doi.org/10.1007/BF01899713}
}

@article{fairfield1936problem,
  Author = {Fairfield Smith, H},
	Journal = {Journal Council for Scientific and Industrial Research Australia},
	Pages = {211-212},
	Title = {The problem of comparing the result of two experiments with unequal errors},
	Volume =9 ,
	Year = 1936,
        url = {https://publications.csiro.au/publications/publication/PIprocite:a35f0b77-57ff-496e-869f-10ba39834723}
}

@article{mehta1970behrens,
  Author = {Mehta, J S and Srinivasan, R},
	Journal = {Biometrika},
	Number =3 ,
	Pages = {649--655},
	Title = {On the Behrens-Fisher problem},
	Volume =57,
	Year = 1970,
        url = {https://doi.org/10.1093/biomet/57.3.649}
}

@article{best1987welch,
  Author = {Best, D J and Rayner, J C W},
	Journal = {Technometrics},
	Number =2,
	Pages = {205--210},
	Title = {Welch's approximate solution for the Behrens $-$ Fisher problem},
	Volume =29,
	Year = 1987,
        url = {https://doi.org/10.1080/00401706.1987.10488211}
}

@article{kim1998behrens,
  Author = {Kim, Seock Ho and Cohen, Allan S},
	Journal = {Journal of Educational and Behavioral Statistics},
	Number =4,
	Pages = {356--377},
	Title = {On the Behrens-Fisher problem: A review},
	Volume =23,
	Year = 1998,
        url = {https://doi.org/10.3102/10769986023004356}
}

@article{singh2002power,
  Author = {Singh, Pradeep and Saxena, K K and Srivastava, O P},
	Journal = {American Journal of Mathematical and Management Sciences},
	Number =3,
	Pages = {233--250},
	Title = {Power comparisons of solutions to the Behrens-Fisher problem},
	Volume =22,
	Year = 2002,
        url = {https://doi.org/10.1080/01966324.2002.10737589}
}



@Manual{CochranCox,
  title = {Experimental designs},
  author = {Cochran, William G and Cox, Gertrude M},
  address = {John Wiley and Sons, New York},
  year = {1957},
}



@article{chang2008revisit,
  Author = {Chang, Ching Hui and Pal, Nabendu},
	Journal = {Communications in Statistics$-$Simulation and Computation},
	Number =6,
	Pages = {1064--1085},
	Title = {A revisit to the Behrens--Fisher problem: comparison of five test methods},
	Volume =37,
	Year = 2008,
        url = {https://doi.org/10.1080/03610910802049599}
}
 

@article{yuen1974two,
  Author = {Yuen, Karen K},
	Journal = {Biometrika},
	Number =1,
	Pages = {165--170},
	Title = {The two-sample trimmed t for unequal population variances},
	Volume =61,
	Year = 1974,
        url = {https://doi.org/10.1093/biomet/61.1.165}
}


@article{tiku1981robust,
  Author = {Tiku, Moti L and Singh, M},
	Journal = {Communications in Statistics$-$Theory and Methods},
	Number =20,
	Pages = {2057--2071},
	Title = {Robust test for means when population variances are unequal},
	Volume =10,
	Year = 1981,
        url = {https://doi.org/10.1080/03610928108828173}
}

@article{tiku2009mmles,
  Author = {Tiku, Moti L and S{\"u}r{\"u}c{\"u}, Bar{\i}{\c{s}}},
	Journal = {Statistics \& probability letters},
	Number =7,
	Pages = {984--989},
	Title = {MMLEs are as good as M-estimators or better},
	Volume =79,
	Year = 2009,
        url = {https://doi.org/10.1016/j.spl.2008.12.001}
}


@Manual{Donmez,
  title = {Adaptive estimation and hypothesis testing methods  [dissertation]},
  author = {Dönmez, A},
  address = {Ankara:METU},
  year = {2010},
}


@article{dawid1982functional,
  Author = {Dawid, A Philip and Stone, Mervyn},
	Journal = {The Annals of Statistics},
	Number =4,
	Pages = {1054--1067},
	Title = {The functional-model basis of fiducial inference},
	Volume =10,
	Year = 1982,
        url = {https://www.jstor.org/stable/2240708}
}

@article{fisher1933concepts,
  Author = {Fisher, Ronald Aylmer},
	Journal = {Proceedings of the Royal Society of London. Series A},
	Number =838,
	Pages = {343--348},
	Title = {The concepts of inverse probability and fiducial probability referring to unknown parameters},
	Volume =139,
	Year = 1933,
        url = {https://doi.org/10.1098/rspa.1933.0021}
}

@article{fisher1935fiducial,
  Author = {Fisher, Ronald Aylmer},
	Journal = {Annals of eugenics},
	Number =4,
	Pages = {391--398},
	Title = {The fiducial argument in statistical inference},
	Volume =6,
	Year = 1935,
        url = { https://doi.org/10.1111/j.1469-1809.1935.tb02120.x}
}

@Manual{Rstats,
  title = {The R Stats Package},
  author = {{R Core Team}},
  year = {1970},
  note = {R package version 3.6.2},
  url = {https://www.rdocumentation.org/packages/stats/versions/3.6.2},
}

@Manual{Rasht,
  title = {asht: Applied Statistical Hypothesis Tests},
  author = {Fay, Michael P},
	year = {2020},
  note = {R package version 0.9.6},
  url = {https://cran.r-project.org/web/packages/asht/index.html},
}


@Manual{RWRS2,
  title = {WRS2: A Collection of Robust Statistical Methods},
  author = {Mair, Patrick and Wilcox, Rand},
	year = {2021},
  note = {R package version 1.1$-$1},
  url = {https://cran.r-project.org/web/packages/WRS2/index.html},
}


@article{tiku1985expected,
  Author = {Tiku, Moti L and Kumra, S},
	Journal = {Selected tables in mathematical statistics},
	Pages = {141--270},
	Title = {Expected values and variances and covariances of order statistics for a family of symmetric distributions (Student’s t)},
	Volume =8,
	Year = 1985,
}


@article{puthenpura1986modified,
  Author = {Puthenpura, S and Sinha, Naresh K},
	Journal = {Automatica},
	Number =2,
	Pages = {231--235},
	Title = {Modified maximum likelihood method for the robust estimation of system parameters from very noisy data},
	Volume =22,
	Year = 1986,
        url = {https://doi.org/10.1016/0005-1098(86)90085-3}
}

@article{vaughan1992tiku,
  Author = {Vaughan, David C},
	Journal = {Communications in Statistics-Theory and Methods},
	Number =2,
	Pages = {451--469},
	Title = {On the Tiku-Suresh method of estimation},
	Volume =21,
	Year = 1992,
        url = {https://doi.org/10.1080/03610929208830788}
}

@article{tiku1967estimating,
  Author = {Tiku, Moti L},
	Journal = {Biometrika},
	Pages = {155--165},
	Title = {Estimating the mean and standard deviation from a censored normal sample},
	Volume =54,
	Year = 1967,
        url = {https://doi.org/10.1093/biomet/54.1-2.155}
}

@article{tiku1968estimating,
  Author = {Tiku, Moti L},
	Journal = {Journal of the American Statistical Association},
	Number =321,
	Pages = {134--140},
	Title = {Estimating the parameters of log-normal distribution from censored samples},
	Volume =63,
	Year = 1968,
        url = {https://doi.org/10.2307/2283834}
}


@article{tiku1992new,
  Author = {Tiku, Moti L and Suresh, R P},
	Journal = {Journal of Statistical Planning and Inference},
	Number =2,
	Pages = {281--292},
	Title = {A new method of estimation for location and scale parameters},
	Volume =30,
	Year = 1992,
        url = {https://doi.org/10.1016/0378-3758(92)90088-A}
}


@article{csenouglu2001analysis,
  Author = {{\c{S}}eno{\u{g}}lu, Birdal and Tiku, Moti L},
	Journal = {Communications in Statistics-Theory and Methods},
	Number =7,
	Pages = {1335--1352},
	Title = {Analysis of variance in experimental design with nonnormal error distributions},
	Volume =30,
	Year = 2001,
        url = {https://doi.org/10.1081/STA-100104748}
}

@article{acitas2020new,
  Author = {Acıtaş, Sükrü and Filzmoser, Peter and Şenoğlu, Birdal},
	Journal = {Chemometrics and Intelligent Laboratory Systems},
	Pages = {104068},
	Title = {A new partial robust adaptive modified maximum likelihood estimator},
	Volume={204},
	Year = 2020,
        url = {https://doi.org/10.1016/j.chemolab.2020.104068}
}

@article{acitas2020robust,
  Author = {Acıtaş, Sükrü and Filzmoser, Peter and Şenoğlu, Birdal},
	Journal = {Journal of Statistical Computation and Simulation},
 Number =7,
	Pages = {1394--1414},
	Title = {A robust adaptive modified maximum likelihood estimator for the linear regression model},
	Volume =91,
	Year = 2021,
        url = {https://doi.org/10.1080/00949655.2020.1856847}
}


@article{li2011comparison,
  Author = {Li, Xinmin and Wang, Juan and Liang, Hua},
	Journal = {Computational statistics \& data analysis},
	Number =5,
	Pages = {1993--2002},
	Title = {Comparison of several means: A fiducial based approach},
	Volume =55,
	Year = 2011,
        url = {https://doi.org/10.1016/j.csda.2010.12.009}
}

@article{guven2019fiducial,
  Author = {Güven, Gamze and Gürer, Ozge and Şamkar, Hatice and Şenoğlu, Birdal},
	Journal = {Journal of Statistical Computation and Simulation},
	Number =9,
	Pages = {1715--1729},
	Title = {A fiducial-based approach to the one-way ANOVA in the presence of nonnormality and heterogeneous error variances},
	Volume =89,
	Year =2019,
        url = {https://doi.org/10.1080/00949655.2019.1593985}
}



@Manual{tiku2004robust,
  title = {Robust estimation and hypothesis testing},
  author = {Tiku, Moti Lal and Akkaya, Ay{\c{s}}en D},
  organization = {New Age International Limited Publishers},
  address = {New Delhi},
  year = {2004},

}

 



