@book{EatonBatemanHauberg2008,
author = {J.~W. {Eaton, D.~Bateman, and S.~Hauberg}},
title = {{GNU Octave}},
publisher = {Free Software Foundation Boston third edition},
year = {2008}
}
@book{Fogel2006,
author = {K.~{Fogel}},
title = {{Producing Open Source Software}},
publisher = {O'Reilly Sebastopol CA},
year = {2006}
}
@book{Fox2002,
author = {J.~{Fox}},
title = {{An R and S-PLUS Companion to Applied Regression}},
publisher = {Sage Thousand Oaks CA},
year = {2002}
}
@book{Fox2008,
author = {J.~{Fox}},
title = {{Editorial}},
publisher = {R News 8 (2):},
pages = {1--2},
year = {2008}
}
@book{GravesDoraiRajFrancois2009,
author = {S.~{Graves, S.~Dorai-Raj, and R.~Francois}},
title = {{sos, }},
publisher = {R package version 1.1-3},
year = {2009}
}
@book{IhakaGentleman1996,
author = {R.~{Ihaka and R.~Gentleman}},
title = {{R: A language for data analysis and graphics}},
publisher = {Journal of Computational and Graphical Statistics 5:},
pages = {299--314},
year = {1996}
}
@book{Knoke1986,
author = {D.~{Knoke}},
title = {{Associations and interest groups}},
publisher = {Annual Review of Sociology 12:},
pages = {1--21},
year = {1986}
}
@book{Leisch2002,
author = {F.~{Leisch}},
title = {{Sweave, part I: Mixing R and LaTeX}},
publisher = {R News 2 (3):},
pages = {28--31},
year = {2002}
}
@book{Leisch2003,
author = {F.~{Leisch}},
title = {{Sweave, part II: Package vignettes}},
publisher = {R News 3 (2):},
pages = {21--24},
year = {2003}
}
@book{Lumley2009a,
author = {T.~{Lumley}},
title = {{biglm: bounded memory linear and generalized linear models, a}},
publisher = {R package version 0.7},
year = {2009}
}
@book{Lumley2009b,
author = {T.~{Lumley}},
title = {{survey: analysis of complex survey samples, b}},
publisher = {R package version 3.16},
year = {2009}
}
@book{PineheiroBatesDebRoySarkar2009,
author = {J.~{Pinheiro, D.~Bates, S.~DebRoy, D.~Sarkar, and the R~Core~team}},
title = {{nlme: Linear and Nonlinear Mixed Effects Models, }},
publisher = {R package version 3.1-94},
year = {2009}
}
@book{Putnam1995,
author = {R.~D. {Putnam}},
title = {{Bowling alone: America's declining social capital}},
publisher = {The Journal of Democracy 6 (1):},
pages = {65--78},
year = {1995}
}
@book{Raymond2001a,
author = {E.~{Raymond}},
title = {{The Cathedral and the Bazaar: Musings on Linux and Open Source by an Accidental Revolutionary}},
publisher = {O'Reilly Sebastopol CA a},
year = {2001}
}
@book{Raymond2001b,
author = {E.~{Raymond}},
title = {{The cathedral and the bazaar:}},
publisher = {In The Cathedral and the Bazaar: Musings on Linux and OpenSource by an Accidental Revolutionary pages  O'Reilly SebastopolCA b},
pages = {19--64},
year = {2001}
}
@book{Raymond2001c,
author = {E.~{Raymond}},
title = {{Homesteading the noosphere}},
publisher = {In The Cathedral and the Bazaar: Musings on Linux and OpenSource by an Accidental Revolutionary pages  O'Reilly SebastopolCA c},
pages = {65--112},
year = {2001}
}
@book{Raymond2001d,
author = {E.~{Raymond}},
title = {{The magic cauldron}},
publisher = {In The Cathedral and the Bazaar: Musings on Linux and OpenSource by an Accidental Revolutionary pages  O'Reilly SebastopolCA d},
pages = {113--166},
year = {2001}
}
@book{Smith1975,
author = {D.~H. {Smith}},
title = {{Voluntary action and voluntary groups}},
publisher = {Annual Review of Sociology 1:},
pages = {247--270},
year = {1975}
}
@book{Stallman2002,
author = {R.~M. {Stallman}},
title = {{Free Software, Free Society: Selected Essays of Richard M.~Stallman}},
publisher = {GNU Press Boston},
year = {2002}
}
@book{TherneauLumley2009,
author = {T.~{Therneau and T.~Lumley}},
title = {{survival: Survival analysis, including penalised likelihood, }},
publisher = {R package version 2.35-7},
year = {2009}
}
@book{Tierney1990,
author = {L.~{Tierney}},
title = {{LISP-STAT: An Object-Oriented Environment for Statistical Computing and Dynamic Graphics}},
publisher = {Wiley New York},
year = {1990}
}
@book{Vance2009,
author = {A.~{Vance}},
title = {{Data analysts captivated by R's power}},
publisher = {The New York Times 158 (54548)},
year = {2009},
url = {http://www.nytimes.com/2009/01/07/technology/business-computing/07progr%am.html?_r=2&pagewanted=1}
}
@book{VenablesRipley2002,
author = {W.~N. {Venables and B.~D. Ripley}},
title = {{Modern Applied Statistics with S}},
publisher = {Springer New York fourth edition},
year = {2002}
}
@book{Weber2004,
author = {S.~{Weber}},
title = {{The Success of Open Source}},
publisher = {Harvard University Press Cambridge MA},
year = {2004}
}
@book{Winchester2003,
author = {S.~{Winchester}},
title = {{The Meaning of Everything: The Story of the Oxford English Dictionary}},
publisher = {Oxford University Press Oxford},
year = {2003}
}
@book{Zeileis2005,
author = {A.~{Zeileis}},
title = {{CRAN task views}},
publisher = {R News 5 (1):},
pages = {39--40},
year = {2005}
}

