@book{Gilchrist:2000,
  title={Statistical modelling with quantile functions},
  author={Gilchrist, Warren},
  year={2000},
  publisher={CRC Press},
  url={https://doi.org/10.1201/9781420035919}
}

@article{Haynes:2005,
  title={Bayesian estimation of g-and-k distributions using {MCMC}},
  author={Haynes, Michele and Mengersen, Kerrie},
  journal={Computational Statistics},
  volume={20},
  number={1},
  pages={7--30},
  year={2005},
  publisher={Springer},
  url={https://doi.org/10.1007/BF02736120}
}

@article{Allingham:2009,
  title={Bayesian estimation of quantile distributions},
  author={Allingham, David and King, R. A. R. and Mengersen, Kerrie L.},
  journal={Statistics and Computing},
  volume={19},
  number={2},
  pages={189--201},
  year={2009},
  publisher={Springer},
  url={https://doi.org/10.1007/s11222-008-9083-x}
}

@inproceedings{Tukey:1977,
  title={Modern techniques in data analysis},
  author={Tukey, John W.},
  booktitle={Proceedings of the NSF-Sponsored Regional Research Conference},
  year={1977},
  organization={Southern Massachusetts University}
}

@article{Rayner:2002,
  title={Numerical maximum likelihood estimation for the g-and-k and generalized g-and-h distributions},
  author={Rayner, Glen D. and MacGillivray, Helen L.},
  journal={Statistics and Computing},
  volume={12},
  number={1},
  pages={57--75},
  year={2002},
  publisher={Springer},
  url={https://doi.org/10.1023/A:1013120305780}
}

@article{Spall:1998,
  title={Implementation of the simultaneous perturbation algorithm for stochastic optimization},
  author={Spall, James C.},
  journal={IEEE Transactions on aerospace and electronic systems},
  volume={34},
  number={3},
  pages={817--823},
  year={1998},
  publisher={IEEE},
  url={https://doi.org/10.1109/7.705889}
}

@article{Kleinman:1999,
  title={Simulation-based optimization with stochastic approximation using common random numbers},
  author={Kleinman, Nathan L. and Spall, James C. and Naiman, Daniel Q.},
  journal={Management Science},
  volume={45},
  number={11},
  pages={1570--1578},
  year={1999},
  publisher={INFORMS},
  url={https://doi.org/10.1287/mnsc.45.11.1570}
}

@article{Hastings:1947,
  title={Low moments for small samples: a comparative study of order statistics},
  author={Hastings, Jr., Cecil and Mosteller, Frederick and Tukey, John W. and Winsor, Charles P.},
  journal={The Annals of Mathematical Statistics},
  pages={413--426},
  year={1947},
  publisher={JSTOR},
  url={https://doi.org/10.1214/aoms/1177730388}
}

@inproceedings{Spall:1987,
  title={A stochastic approximation technique for generating maximum likelihood parameter estimates},
  author={Spall, James C.},
  booktitle={American Control Conference, 1987},
  pages={1161--1167},
  year={1987},
  organization={IEEE}
}

@article{Drovandi:2011,
  title={Likelihood-free {Bayesian} estimation of multivariate quantile distributions},
  author={Drovandi, Christopher C. and Pettitt, Anthony N.},
  journal={Computational Statistics \& Data Analysis},
  volume={55},
  number={9},
  pages={2541--2556},
  year={2011},
  publisher={Elsevier},
  url={https://doi.org/10.1016/j.csda.2011.03.019}
}

@book{Sisson:2017,
  title={Handbook of {Approximate Bayesian Computation}},
  year=2017,
  editor={Sisson, Scott A. and Fan, Yanan and Beaumont, Mark},
  publisher={Chapman \& Hall/CRC},
  url={https://doi.org/10.1201/9781315117195}
}

@article{Marin:2012,
  title={Approximate {Bayesian} computational methods},
  author={Marin, Jean-Michel and Pudlo, Pierre and Robert, Christian P. and Ryder, Robin J.},
  journal={Statistics and Computing},
  volume={22},
  number={6},
  pages={1167--1180},
  year={2012},
  publisher={Springer},
  url={https://doi.org/10.1007/s11222-011-9288-2}
}

@article{Fearnhead:2012,
	author = {Paul Fearnhead and Dennis Prangle},
	title = {Constructing Summary Statistics for Approximate {B}ayesian Computation: Semi-automatic {ABC}},
        journal={Journal of the Royal Statistical Society, Series B},
	volume = {74},
	pages = {419--474},
        year = {2012},
        url = {https://doi.org/10.1111/j.1467-9868.2011.01010.x}
}

@book{Ripley:1987,
  title={Stochastic Simulation},
  author={Brian Ripley},
  year={1987},
  publisher={Wiley},
  url={https://doi.org/10.1002/9780470316726}
}

@article{Haario:2001,
  title={An adaptive {Metropolis} algorithm},
  author={Haario, Heikki and Saksman, Eero and Tamminen, Johanna},
  journal={Bernoulli},
  pages={223--242},
  year={2001},
  publisher={JSTOR},
  url={https://doi.org/10.2307/3318737}
}

@article{Sadegh:1997,
  title={Constrained optimization via stochastic approximation with a simultaneous perturbation gradient approximation},
  author={Sadegh, Payman},
  journal={Automatica},
  volume={33},
  number={5},
  pages={889--892},
  year={1997},
  publisher={Elsevier},
  url={https://doi.org/10.1016/s0005-1098(96)00230-0}
}

@article{Jorge:1984,
  title={Some properties of the Tukey $g$-and-$h$ family of distributions},
  author={Jorge Martinez and Boris Iglewicz},
  journal={Communications in Statistics-Theory and Methods},
  volume={13},
  number={3},
  pages={353--369},
  year={1984},
  publisher={Taylor \& Francis},
  url={https://doi.org/10.1080/03610928408828687}
}

@misc{MacGillivray:1997,
  title={Generalizations of the $g$-and-$h$ distributions and their uses},
  author={MacGillivray, H. L. and Cannon, W. H.},
  year={1997},
  publisher={Unpublished}
}

@article{Haynes:1997,
  title={Robustness of ranking and selection rules using generalised $g$-and-$k$ distributions},
  author={Haynes, Michele A. and MacGillivray, H. L. and Mengersen, K. L.},
  journal={Journal of Statistical Planning and Inference},
  volume={65},
  number={1},
  pages={45--66},
  year={1997},
  publisher={Elsevier},
  url={https://doi.org/10.1016/s0378-3758(97)00050-5}
}

@article{Peters:2016,
  title={Estimating quantile families of loss distributions for non-life insurance modelling via {L-moments}},
  author={Peters, Gareth W. and Chen, Wilson Y. and Gerlach, Richard H.},
  journal={Risks},
  volume={4},
  number={2},
  pages={14},
  year={2016},
  publisher={Multidisciplinary Digital Publishing Institute},
  url={https://doi.org/10.2139/ssrn.2739417}
}

@article{Jabot:2013,
  title={{EasyABC}: performing efficient approximate {Bayesian} computation sampling schemes using {R}},
  author={Jabot, Franck and Faure, Thierry and Dumoulin, Nicolas},
  journal={Methods in Ecology and Evolution},
  volume={4},
  number={7},
  pages={684--687},
  year={2013},
  publisher={Wiley Online Library},
  url={https://doi.org/10.1111/2041-210x.12050}
}

@article{Csillery:2012,
  title={abc: an {R} package for approximate {Bayesian} computation ({ABC})},
  author={Csill{\'e}ry, Katalin and Fran{\c{c}}ois, Olivier and Blum, Michael G. B.},
  journal={Methods in ecology and evolution},
  volume={3},
  number={3},
  pages={475--479},
  year={2012},
  publisher={Wiley Online Library},
  url={https://doi.org/10.1111/j.2041-210X.2011.00179.x}
}

@article{Blum:2013,
  title={A comparative review of dimension reduction methods in approximate Bayesian computation},
  author={Blum, Michael G. B. and Nunes, M. A. and Prangle, Dennis and Sisson, Scott A.},
  journal={Statistical Science},
  volume={28},
  number={2},
  pages={189--208},
  year={2013},
  publisher={Institute of Mathematical Statistics},
  url={https://doi.org/10.1214/12-sts406}
}

@article{Kiefer:1952,
  title={Stochastic estimation of the maximum of a regression function},
  author={Kiefer, Jack and Wolfowitz, Jacob},
  journal={The Annals of Mathematical Statistics},
  volume={23},
  number={3},
  pages={462--466},
  year={1952},
  publisher={Institute of Mathematical Statistics},
  url={https://doi.org/10.1007/978-1-4613-8505-9_4}
}

@article{Blum:1954,
  title={Multidimensional stochastic approximation methods},
  author={Blum, Julius R.},
  journal={The Annals of Mathematical Statistics},
  pages={737--744},
  year={1954},
  publisher={JSTOR},
  url={https://doi.org/10.1214/aoms/1177728659}
}


@article{L'Ecuyer:1994,
  title={Stochastic optimization by simulation: Convergence proofs for the {GI/G/1} queue in steady-state},
  author={L'Ecuyer, Pierre and Glynn, Peter W.},
  journal={Management Science},
  volume={40},
  number={11},
  pages={1562--1578},
  year={1994},
  publisher={INFORMS},
  url={https://doi.org/10.1287/mnsc.40.11.1562}
}

@book{Kushner:2003,
  title={Stochastic approximation and recursive algorithms and applications},
  year={2003},
  author={Kushner, Harold J. and Yin, George G.},
  publisher={Springer},
  url={https://doi.org/10.1007/b97441}
}

@article{Saksman:2010,
  title={On the ergodicity of the adaptive {Metropolis} algorithm on unbounded domains},
  author={Saksman, Eero and Vihola, Matti},
  journal={The Annals of Applied Probability},
  volume={20},
  number={6},
  pages={2178--2203},
  year={2010},
  publisher={Institute of Mathematical Statistics},
  url={https://doi.org/10.1214/10-aap682}
}

@Manual{Mersmann:2015,
    title = {microbenchmark: Accurate Timing Functions},
    author = {Olaf Mersmann},
    year = {2015},
    note = {R package version 1.4-2.1},
    url = {https://CRAN.R-project.org/package=microbenchmark},
}

@Manual{Croissant:2016,
    title = {Ecdat: Data Sets for Econometrics},
    author = {Yves Croissant},
    year = {2016},
    note = {R package version 0.3-1},
    url = {https://CRAN.R-project.org/package=Ecdat},
  }
