@article{Carstensen2007,
  author =	 "B Carstensen",
  title =	 "Age-period-cohort models for the {L}exis diagram",
  year =	 2007,
  journal =	 "Statistics in Medicine",
  volume =	 26,
  number =	 15,
  pages =	 "3018--3045"
}

@article{ClaytonSchifflers1987a,
  author =	 "D Clayton and E Schifflers",
  title =	 "Models for temporal variation in cancer
                  rates. {I}: Age-period and age-cohort models",
  year =	 1987,
  journal =	 "Statistics in Medicine",
  number =	 4,
  volume =	 6,
  pages =	 "449--467"
}

@article{ClaytonSchifflers1987b,
  author =	 "D Clayton and E Schifflers",
  title =	 "Models for temporal variation in cancer rates. {II}:
                  Age-period-cohort models",
  year =	 1987,
  journal =	 "Statistics in Medicine",
  number =	 4,
  volume =	 6,
  pages =	 "469--481"
}

@Manual{Epi,
  author =	 "B Carstensen and M Plummer and E Laara and M Hills",
  title =	 " Epi: A Package for Statistical Analysis in
                  Epidemiology",
  note =	 "R package version 1.1.67",
  year =	 2014,
  URL =		 "https://CRAN.R-project.org/package=Epi"
}

@book{HendryNielsen2007,
  author =	 "D F Hendry and B Nielsen",
  title =	 "Econometric Modeling",
  year =	 2007,
  publisher =	 "Princeton University Press"
}

@article{Holford1985,
  author =	 "T R Holford",
  title =	 "An alternative approach to statistical
                  age-period-cohort analysis",
  year =	 1985,
  journal =	 "Journal of Chronic Diseases",
  volume =	 38,
  number =	 10,
  pages =	 "831--836"
}

@article{KuangNielsenNielsen2008a,
  author =	 "Di Kuang and Bent Nielsen and Jens Perch Nielsen",
  title =	 "Identification of the age-period-cohort model and
                  the extended chain ladder model",
  year =	 2008,
  journal =	 "Biometrika",
  number =	 4,
  volume =	 95,
  pages =	 "979--986"
}

@article{KuangNielsenNielsen2008b,
  author =	 "D Kuang and B Nielsen and J P Nielsen",
  title =	 "Forecasting with the age-period-cohort model and the
                  extended chain-ladder model",
  year =	 2008,
  journal =	 "Biometrika",
  number =	 4,
  volume =	 95,
  pages =	 "987--991"
}

@article{KuangNielsenNielsen2009,
  author =	 "D Kuang and B Nielsen and J P Nielsen",
  title =	 "Chain-Ladder as maximum likelihood revisited",
  year =	 2009,
  journal =	 "Annals of Actuarial Science",
  volume =	 4,
  number =	 1,
  pages =	 "105--121"
}

@article{KuangNielsenNielsen2011,
  author =	 "D Kuang and B Nielsen and J P Nielsen",
  title =	 "Forecasting in an extended chain-ladder-type model",
  year =	 2011,
  journal =	 "Journal of Risk and Insurance",
  volume =	 78,
  number =	 2,
  pages =	 "345--359"
}

@article{Luo2013,
  author =	 "L Luo",
  title =	 "Assessing validity and application scope of the
                  intrinsic estimator approach of the
                  age-period-cohort problem",
  year =	 2013,
  journal =	 "Demography",
  volume =	 50,
  number =	 6,
  pages =	 "1945--1967"
}

@article{MartinezMirandaNielsenNielsen2015,
  author =	 "M D Mart\'{i}nez{\,}Mi{\-}ran{\-}da and B Nielsen
                  and J P Nielsen",
  title =	 "Inference and forecasting in the age-period-cohort
                  model with unknown exposure with an application to
                  mesothelioma mortality",
  journal =	 "Journal of the Royal Statistical Society A",
  year =	 2015,
  volume =	 178,
  number =	 1,
  pages =	 "29--55"
}

@article{NielsenNielsen2014,
  author =	 "B Nielsen and J P Nielsen",
  title =	 "Identification and forecasting in mortality models",
  year =	 2014,
  journal =	 "The Scientific World Journal",
  note =	 {Article ID 347073},
  pages =	 "1--24"
}

@Manual{Nielsen_apc,
  title =	 {{apc}: A Package for Age-Period-Cohort Analysis},
  author =	 {Bent Nielsen},
  year =	 2015,
  note =	 {R package version 1.1},
  url =		 {https://CRAN.R-project.org/package=apc},
}

@Manual{Nielsen_apc_1_0,
  title =	 {{apc}: A Package for Age-Period-Cohort Analysis},
  author =	 {Bent Nielsen},
  year =	 2014,
  note =	 {R package version 1.0},
  url =		 {https://CRAN.R-project.org/package=apc},
}

@unpublished{Nielsen2014deviance,
  author =	 "Bent Nielsen",
  title =	 "Deviance analysis of age-period-cohort models",
  year =	 2014,
  note =	 "Nuffield College Discussion Paper"
}

@manual{Nielsen_apc_vignette,
  author =	 "Bent Nielsen",
  title =	 "Checking the identification of the apc package",
  year =	 2015,
  note =	 "Vignette for the {apc} package",
  url =		 {https://CRAN.R-project.org/package=apc}
}

@article{OBrien2011,
  author =	 "R M O'Brien",
  title =	 "Constrained estimators and age-period-cohort models",
  year =	 2011,
  journal =	 "Sociological Methods \&\ Research",
  volume =	 40,
  number =	 3,
  pages =	 "419--452"
}

@article{TanWarranDarntonHodgson2010,
  author =	 "E Tan and N Warran and A J Darnton and J T Hodgson",
  title =	 "Projection of mesothelioma mortality in {B}ritain
                  using {B}ayesian methods",
  year =	 2010,
  journal =	 "British Journal of Cancer",
  volume =	 103,
  number =	 3,
  pages =	 "430--436"
}

@book{YangLand2013,
  author =	 "Y Yang and K C Land",
  title =	 "Age-Period-Cohort Analysis: New Models, Methods, and
                  Empirical Applications",
  year =	 2013,
  publisher =	 "Chapman \& Hall/CRC",
  address =	 "Boca Raton, FL"
}




