
@article{GodfreyRJournal,
author={Godfrey, A. Jonathan R.},
year=2013,
title={Statistical Software from a Blind Person's Perspective: R is the Best, but We Can Make it Better},
journal={The R Journal},
volume=5,
month=jun,
  number       = { 1 },
  pages        = { 73--80 },
  url          = { http://journal.R-project.org/archive/2013-1/godfrey.pdf }
}








