@preamble{ " \newcommand{\noop}[1]{} " } % a do-nothing command that serves a purpose

@article{choi2018smoothed,
  title={Smoothed quantile regression analysis of competing risks},
  author={Choi, Sangbum and Kang, Sangwook and Huang, Xuelin},
  journal={Biometrical Journal},
  volume={60},
  number={5},
  pages={934--946},
  year={2018},
  url={https://doi.org/10.1002/bimj.201700104},
  publisher={Wiley Online Library}
}

@article{fan2018quantile,
  title={Quantile regression for competing risks analysis under case-cohort design},
  author={Fan, Caiyun and Ma, Huijuan and Zhou, Yong},
  journal={Journal of Statistical Computation and Simulation},
  volume={88},
  number={6},
  pages={1060--1080},
  year={2018},
  url={https://doi.org/10.1080/00949655.2017.1419352},
  publisher={Taylor \& Francis}
}

@article{jung2009regression,
  title={Regression on quantile residual life},
  author={Jung, Sin-Ho and Jeong, Jong-Hyeon and Bandos, Hanna},
  journal={Biometrics},
  volume= 65,
  number= 4,
  pages={1203--1212},
  year=2009,
  url={https://doi.org/10.1111/j.1541-0420.2009.01196.x},
  publisher={Wiley Online Library}
}

@article{kim2012censored,
  title={Censored quantile regression for residual lifetimes},
  author={Kim, Mi-Ok and Zhou, Mai and Jeong, Jong-Hyeon},
  journal={Lifetime Data Analysis},
  volume=18,
  number=2,
  pages={177--194},
  year=2012,
  url={https://doi.org/10.1007/s10985-011-9212-2},
  publisher={Springer}
}

@article{pang2012variance,
  title={Variance estimation in censored quantile regression via induced smoothing},
  author={Pang, Lei and Lu, Wenbin and Wang, Huixia Judy},
  journal={Computational Statistics \& Data Analysis},
  volume=56,
  number=4,
  pages={785--796},
  year=2012,
  url={https://doi.org/10.1016/j.csda.2010.10.018},
  publisher={Elsevier}
}

@article{peng2009competing,
  title={Competing risks quantile regression},
  author={Peng, Limin and Fine, Jason P},
  journal={Journal of the American Statistical Association},
  volume=104,
  number=488,
  pages={1440--1453},
  year=2009,
  url={https://doi.org/10.1198/jasa.2009.tm08228},
  publisher={Taylor \& Francis}
}

@article{peng2008survival,
  title={Survival analysis with quantile regression models},
  author={Peng, Limin and Huang, Yijian},
  journal={Journal of the American Statistical Association},
  volume={103},
  number={482},
  pages={637--649},
  year={2008},
  url={https://doi.org/10.1198/016214508000000355},
  publisher={Taylor \& Francis}
}

@article{chiou2015semiparametric,
  title={Semiparametric accelerated failure time modeling for clustered failure times from stratified sampling},
  author={Chiou, Sy Han and Kang, Sangwook and Yan, Jun},
  journal={Journal of the American Statistical Association},
  volume=110,
  number=510,
  pages={621--629},
  year=2015,
  url={https://doi.org/10.1080/01621459.2014.917978},
  publisher={Taylor \& Francis}
}

@article{brown2007induced,
  title={Induced smoothing for rank regression with censored survival times},
  author={Brown, BM and Wang, You-Gan},
  journal={Statistics in Medicine},
  volume=26,
  number=4,
  pages={828--836},
  year=2007,
  url={https://doi.org/10.1002/sim.2576},
  publisher={Wiley Online Library}
}

@article{koenker1978regression,
  title={Regression quantiles},
  author={Koenker, Roger and Bassett Jr, Gilbert},
  journal={Econometrica: Journal of the Econometric Society},
  pages={33--50},
  year=1978,
  url={https://doi.org/10.2307/1913643},
  publisher={JSTOR}
}

@book{fleming2011counting,
  title={Counting Processes and Survival Analysis},
  author={Fleming, Thomas R and Harrington, David P},
  volume=169,
  year=2011,
  url={https://doi.org/10.1002/9781118150672},
  publisher={John Wiley \& Sons}
}

@article{caplan2019dental,
	title={Dental restoration longevity among geriatric and special needs patients},
	author={Caplan, DJ and Li, Y and Wang, W and Kang, S and Marchini, L and Cowen, HJ and Yan, J},
	journal={JDR Clinical \& Translational Research},
	volume={4},
	number={1},
	pages={41--48},
	year={2019},
        url={https://journals.sagepub.com/doi/pdf/10.1177/2380084418799083},
	publisher={SAGE Publications Sage CA: Los Angeles, CA}
}

@Manual{quantregpackage,
  title = {quantreg: Quantile regression},
  author = {Roger Koenker},
  year = {2022},
  note = {R package version 5.87},
  url = {https://CRAN.R-project.org/package=quantreg}
}

@Manual{R:qris,
  title = {qris: Quantile regression model for residual lifetime using an induced smoothing approach},
  author = {Kyu Hyun Kim and Sangwook Kang and Sy Han Chiou},
  year = {2022},
  note = {R package version 1.0.0},
  url = {https://CRAN.R-project.org/package=qris}
}
  
@article{li2016quantile,
	title={Quantile residual life regression with longitudinal biomarker measurements for dynamic prediction},
	author={Li, Ruosha and Huang, Xuelin and Cortes, Jorge E},
	journal={Journal of the Royal Statistical Society. Series C: Applied Statistics},
	volume={65},
	number={5},
	pages={755--773},
	year={2016},
        url={http://www.jstor.org/stable/44681854},
	publisher={Wiley-Blackwell}
}

@article{chiou2015rank,
  title={Rank-based estimating equations with general weight for accelerated failure time models: {A}n induced smoothing approach},
  author={Chiou, S and Kang, Sangwook and Yan, J},
  journal={Statistics in Medicine},
  volume={34},
  number={9},
  pages={1495--1510},
  year={2015},
  url={https://doi.org/10.1002/sim.6415},
  publisher={Wiley Online Library}
}

@article{zeng2008efficient,
  title={Efficient resampling methods for nonsmooth estimating functions},
  author={Zeng, Donglin and Lin, DY},
  journal={Biostatistics},
  volume={9},
  number={2},
  pages={355--363},
  year={2008},
  url={https://doi.org/10.1093/biostatistics/kxm034},
  publisher={Oxford University Press}
}

@article{cox1972regression,
  title={Regression Models and Life-Tables},
  author={Cox, David R},
  journal={Journal of the Royal Statistical Society: Series B (Methodological)},
  volume={34},
  number={2},
  pages={187--202},
  year={1972},
  url={https://doi.org/10.1111/j.2517-6161.1972.tb00899.x},
  publisher={Wiley Online Library}
}

@article{ying1995survival,
  title={Survival Analysis with Median Regression Models},
  author={Ying, Zhiliang and Jung, Sin-Ho and Wei, Lee-Jen},
  journal={Journal of the American Statistical Association},
  volume={90},
  number={429},
  pages={178--184},
  year={1995},
  url={https://doi.org/10.1080/01621459.1995.10476500},
  publisher={Taylor \& Francis}
}

@article{portnoy2003censored,
  title={Censored regression quantiles},
  author={Portnoy, Stephen},
  journal={Journal of the American Statistical Association},
  volume={98},
  number={464},
  pages={1001--1012},
  year={2003},
  url={https://doi.org/10.1198/016214503000000954},
  publisher={Taylor \& Francis}
}

@article{oakes2003inference,
  title={Inference for the proportional mean residual life model},
  author={Oakes, David and Dasu, Tamraparni},
  journal={Lecture Notes-Monograph Series},
  pages={105--116},
  year={2003},
  url={http://www.jstor.org/stable/4356266},
  publisher={JSTOR}
}

@article{chen2005semiparametric,
  title={Semiparametric estimation of proportional mean residual life model in presence of censoring},
  author={Chen, YQ and Jewell, NP and Lei, X and Cheng, SC},
  journal={Biometrics},
  volume={61},
  number={1},
  pages={170--178},
  year={2005},
  url={https://doi.org/10.1111/j.0006-341X.2005.030224.x},
  publisher={Wiley Online Library}
}

@article{maguluri1994estimation,
  title={Estimation in the mean residual life regression model},
  author={Maguluri, Gangaji and Zhang, Cun-Hui},
  journal={Journal of the Royal Statistical Society: Series B (Methodological)},
  volume={56},
  number={3},
  pages={477--489},
  year={1994},
  url={https://doi.org/10.1111/j.2517-6161.1994.tb01994.x},
  publisher={Wiley Online Library}
}

@article{oakes1990note,
  title={A note on residual life},
  author={Oakes, David and Dasu, Tamraparni},
  journal={Biometrika},
  volume={77},
  number={2},
  pages={409--410},
  year={1990},
  url={https://doi.org/10.1093/biomet/77.2.409},
  publisher={Oxford University Press}
}

@article{chen2006linear,
  title={Linear life expectancy regression with censored data},
  author={Chen, Ying Qing and Cheng, Seu},
  journal={Biometrika},
  volume={93},
  number={2},
  pages={303--313},
  year={2006},
  url={https://doi.org/10.1093/biomet/93.2.303},
  publisher={Oxford University Press}
}

@article{chen2007additive,
  title={Additive Expectancy Regression},
  author={Chen, Ying Qing},
  journal={Journal of the American Statistical Association},
  volume={102},
  number={477},
  pages={153--166},
  year={2007},
  url={https://doi.org/10.1198/016214506000000870},
  publisher={Taylor \& Francis}
}

@article{zhang2010goodness,
  title={Goodness-of-fit tests for additive mean residual life model under right censoring},
  author={Zhang, Zhigang and Zhao, Xingqiu and Sun, Liuquan},
  journal={Lifetime Data Analysis},
  volume={16},
  number={3},
  pages={385--408},
  year={2010},
  url={https://doi.org/10.1007/s10985-010-9152-2},
  publisher={Springer}
}

@techreport{liu2008regression,
  title={Regression analysis of mean residual life function},
  author={Liu, Shufang and Ghosh, Sujit K},
  year={2008},
  institution={North Carolina State University. Dept. of Statistics},
  url = {https://repository.lib.ncsu.edu/bitstream/handle/1840.4/3041/mimeo2613.pdf?sequence=1}
}

@article{sun2009class,
  title={A class of transformed mean residual life models With Censored survival data},
  author={Sun, Liuquan and Zhang, Zhigang},
  journal={Journal of the American Statistical Association},
  volume={104},
  number={486},
  pages={803--815},
  year={2009},
  url={https://doi.org/10.1198/jasa.2009.0130},
  publisher={Taylor \& Francis}
}

@article{sun2012mean,
  title={Mean residual life models with time-dependent coefficients under right censoring},
  author={Sun, Liuquan and Song, Xinyuan and Zhang, Zhigang},
  journal={Biometrika},
  volume={99},
  number={1},
  pages={185--197},
  year={2012},
  url={https://doi.org/10.1093/biomet/asr065},
  publisher={Oxford University Press}
}

@article{jung1996quasi,
  title={Quasi-Likelihood for median regression models},
  author={Jung, Sin-Ho},
  journal={Journal of the American Statistical Association},
  volume={91},
  number={433},
  pages={251--257},
  year={1996},
  url={https://doi.org/10.1080/01621459.1996.10476683},
  publisher={Taylor \& Francis Group}
}

@article{portnoy1997gaussian,
  title={The Gaussian hare and the Laplacian tortoise: computability of squared-error versus absolute-error estimators},
  author={Portnoy, Stephen and Koenker, Roger},
  journal={Statistical Science},
  volume={12},
  number={4},
  pages={279--300},
  year={1997},
  url={https://doi.org/10.1214/ss/1030037960},
  publisher={Institute of Mathematical Statistics}
}

@article{wei2006quantile,
  title={Quantile regression methods for reference growth charts},
  author={Wei, Ying and Pere, Anneli and Koenker, Roger and He, Xuming},
  journal={Statistics in Medicine},
  volume={25},
  number={8},
  pages={1369--1382},
  year={2006},
  url={https://doi.org/10.1002/sim.2271},
  publisher={Wiley Online Library}
}

@article{whang2006smoothed,
  title={Smoothed empirical likelihood methods for quantile regression models},
  author={Whang, Yoon-Jae},
  journal={Econometric Theory},
  pages={173--205},
  year={2006},
  doi={10.1017/S0266466606060087},
  publisher={JSTOR}
}

@article{gelfand2003bayesian,
  title={Bayesian semiparametric regression for median residual life},
  author={Gelfand, Alan E and Kottas, Athanasios},
  journal={Scandinavian Journal of Statistics},
  volume={30},
  number={4},
  pages={651--665},
  year={2003},
  url={https://doi.org/10.1111/1467-9469.00356},
  publisher={Wiley Online Library}
}

@article{wang2009locally,
  title={Locally weighted censored quantile regression},
  author={Wang, Huixia Judy and Wang, Lan},
  journal={Journal of the American Statistical Association},
  volume={104},
  number={487},
  pages={1117--1128},
  year={2009},
  url={https://doi.org/10.1198/jasa.2009.tm08230},
  publisher={Taylor \& Francis}
}

@article{huang2010quantile,
  title={Quantile calculus and censored regression},
  author={Huang, Yijian},
  journal={Annals of Statistics},
  volume={38},
  number={3},
  pages={1607},
  year={2010},
  doi={10.1214/09-AOS771},
  publisher={NIH Public Access}
}

@article{portnoy2010asymptotics,
  title={Asymptotics for censored regression quantiles},
  author={Portnoy, Stephen and Lin, Guixian},
  journal={Journal of Nonparametric Statistics},
  volume={22},
  number={1},
  pages={115--130},
  year={2010},
  url={https://doi.org/10.1080/10485250903105009},
  publisher={Taylor \& Francis}
}

@article{johnson2009induced,
  title={Induced smoothing for the semiparametric accelerated failure time model: {A}symptotics and extensions to clustered data},
  author={Johnson, Lynn M and Strawderman, Robert L},
  journal={Biometrika},
  volume={96},
  number={3},
  pages={577--590},
  year={2009},
  url={https://doi.org/10.1093/biomet/asp025},
  publisher={Oxford University Press}
}

@article{fu2010rank,
  title={Rank regression for analysis of clustered data: {A} natural induced smoothing approach},
  author={Fu, Liya and Wang, You-Gan and Bai, Zhidong},
  journal={Computational Statistics \& Data Analysis},
  volume={54},
  number={4},
  pages={1036--1050},
  year={2010},
  url={https://doi.org/10.1016/j.csda.2009.10.015},
  publisher={Elsevier}
}

@article{chiou2014fast,
  title={Fast accelerated failure time modeling for case-cohort data},
  author={Chiou, Sy Han and Kang, Sangwook and Yan, Jun},
  journal={Statistics and Computing},
  volume={24},
  number={4},
  pages={559--568},
  year={2014},
  url={https://doi.org/10.1007/s11222-013-9388-2},
  publisher={Springer}
}

@Manual{aftgeepackage,
  title = {aftgee: Accelerated failure time model with generalized estimating equations},
  author = {Sy Han Chiou and Sangwook Kang and Jun Yan},
  year = {2021},
  note = {R package version 1.1.6},
  url = {https://CRAN.R-project.org/package=aftgee}
}

@article{bang2002median,
  title={Median regression with censored cost data},
  author={Bang, Heejung and Tsiatis, Anastasios A},
  journal={Biometrics},
  volume={58},
  number={3},
  pages={643--649},
  year={2002},
  url={https://doi.org/10.1111/j.0006-341X.2002.00643.x},
  publisher={Wiley Online Library}
}

@Manual{r2021,
    title = {R: {A} language and environment for statistical computing},
    author = {{R Core Team}},
    organization = {R Foundation for Statistical Computing},
    address = {Vienna, Austria},
    year = {2021},
    url = {https://www.R-project.org/}
  }
  
@incollection{sit2017survival,
	title={Survival analysis: {A} quantile perspective},
	author={Ying, Zhiliang and Sit, Tony},
	booktitle={Handbook of Quantile Regression},
	pages={89--108},
	year={2017},
        url={https://doi.org/10.1201/9781315120256},
	publisher={Chapman and Hall/CRC}
}

@article{brown2005standard,
  author={Brown, BM and Wang, You-Gan},
  title={Standard errors and covariance matrices for smoothed rank estimators},
  journal={Biometrika},
  volume={92},
  number={1},
  pages={149--158},
  year={2005},
  url={https://doi.org/10.1093/biomet/92.1.149.},
  publisher={Oxford University Press}
}

@article{kassebaum2015global,
  title={Global burden of untreated caries: {A} systematic review and metaregression},
  author={Kassebaum, NJ and Bernab{\'e}, E and Dahiya, M and Bhandari, B and Murray, CJL and Marcenes, W},
  journal={Journal of Dental Research},
  volume={94},
  number={5},
  pages={650--658},
  year={2015},
  doi={10.1177/0022034515573272},
  publisher={SAGE Publications Sage CA: Los Angeles, CA}
}

@article{lin2000fitting,
  title={On fitting {C}ox's proportional hazards models to survey data},
  author={Lin, DY},
  journal={Biometrika},
  volume={87},
  number={1},
  pages={37--47},
  year={2000},
  url={https://doi.org/10.1093/biomet/87.1.37},
  publisher={Oxford University Press}
}

@article{Kang:fitt:2016,
title={Fitting semiparametric accelerated failure time models for nested case–control data},
  author={Kang, Sangwook},
  journal={Journal of Statistical Computation and Simulation},
  volume={87},
  number={4},
  pages={652--663},
  year={2017},
  url={https://doi.org/10.1080/00949655.2016.1222611},
  publisher={Taylor \& Francis}
}

@article{ma2010semiparametric,
  title={Semiparametric median residual life model and inference},
  author={Ma, Yanyuan and Yin, Guosheng},
  journal={The Canadian Journal of Statistics},
  volume={38},
  number={4},
  pages={665--679},
  year={2010},
  url={https://doi.org/10.1002/cjs.10076},
  publisher={Wiley Online Library}
}

@article{zhang2015smoothed,
  title={Smoothed estimator of quantile residual lifetime for right censored data},
  author={Zhang, Li and Liu, Peng and Zhou, Yong},
  journal={Journal of Systems Science and Complexity},
  volume={28},
  number={6},
  pages={1374--1388},
  year={2015},
  url={https://doi.org/10.1007/s11424-015-3067-7},
  publisher={Springer}
}

@Manual{Brqpackage,
  title = {Brq: Bayesian Analysis of Quantile Regression Models},
  author = {Rahim Alhamzawi},
  year = {2020},
  note = {R package version 3.0},
  url = {https://CRAN.R-project.org/package=Brq}
}

@Manual{cmprskQRpackage,
  title = {cmprskQR: Analysis of competing risks using quantile regressions},
  author = {Stephan Dlugosz and Limin Peng and Ruosha Li and Shuolin Shi},
  year = {2019},
  note = {R package version 0.9.2},
  url = {https://CRAN.R-project.org/package=cmprskQR}
}

@article{loprinzi1994prospective,
  title={Prospective evaluation of prognostic variables from patient-completed questionnaires. {N}orth {C}entral {C}ancer {T}reatment {G}roup.},
  author={Loprinzi, Charles Lawrence and Laurie, John A and Wieand, H Sam and Krook, James E and Novotny, Paul J and Kugler, John W and Bartel, Joan and Law, Marlys and Bateman, Marilyn and Klatt, Nancy E},
  journal={Journal of Clinical Oncology},
  volume={12},
  number={3},
  pages={601--607},
  year={1994},
  url={https://doi.org/10.1200/JCO.1994.12.3.601}
}

@article{kim2023smoothed,
  title={Smoothed quantile regression for censored residual life},
  author={Kim, Kyu Hyun and Caplan, Daniel J and Kang, Sangwook},
  journal={Computational Statistics},
  volume={38},
  pages={1001--1022},
  year={2023},  
  url = {https://doi.org/10.1007/s00180-022-01262-z}
}

@article{jin2001simple,
  title={A simple resampling method by perturbing the minimand},
  author={Jin, Zhezhen and Ying, Zhiliang and Wei, LJ},
  journal={Biometrika},
  volume={88},
  number={2},
  pages={381--390},
  year={2001},
  url={https://doi.org/10.1093/biomet/88.2.381},
  publisher={Oxford University Press}
}

@article{jin2003rank,
  title={Rank-based inference for the accelerated failure time model},
  author={Jin, Zhezhen and Lin, DY and Wei, LJ and Ying, Zhiliang},
  journal={Biometrika},
  volume={90},
  number={2},
  pages={341--353},
  year={2003},
  url={https://doi.org/10.1093/biomet/90.2.341},
  publisher={Oxford University Press}
}

@article{zhou2006simple,
  title={A simple censored median regression estimator},
  author={Zhou, Lingzhi},
  journal={Statistica Sinica},
  pages={1043--1058},
  year={2006},
  url={https://www.jstor.org/stable/24307586},
  publisher={JSTOR}
}

@article{powell1986censored,
  title={Censored regression quantiles},
  author={Powell, James L},
  journal={Journal of Econometrics},
  volume={32},
  number={1},
  pages={143--155},
  year={1986},
  url={https://doi.org/10.1016/0304-4076(86)90016-3},
  publisher={Elsevier}
}

@Manual{ctqrpackage,
  title = {ctqr: {C}ensored and truncated quantile regression},
  author = {Paolo Frumento},
  year = {2021},
  note = {R package version 2.0},
  url = {https://CRAN.R-project.org/package=ctqr}
}

@article{ackerberg2012practical,
  title={A practical asymptotic variance estimation for two-step semiparametric estimators},
  author={Ackerberg, Daniel and Chen, Xiaohong and Hahn, Jinyong},
  journal={Review of Economics and Statistics},
  volume={94},
  number={2},
  pages={481--498},
  year={2012},
  url={https://doi.org/10.1162/REST_a_00251},
  publisher={The MIT Press}
}

@article{kim2021comparison,
  title={Comparison of variance estimation methods in semiparametric accelerated failure time models for multivariate failure time data},
  author={Kim, Kyuhyun and Ko, Jungyeol and Kang, Sangwook},
  journal={Japanese Journal of Statistics and Data Science},
  volume={4},
  number={2},
  pages={1179--1202},
  year={2021},
  url={https://doi.org/10.1007/s42081-021-00126-y},
  publisher={Springer}
}

@Manual{Rcpppackage,
  title = {Rcpp: Seamless R and C++ Integration},
  author = {Dirk Eddelbuettel and Romain Francois and JJ Allaire and Kevin Ushey and Qiang Kou and Nathan Russell and Inaki Ucar and Douglas Bates and John Chambers},
  year = {2022},
  note = {R package version 1.0.9},
  url = {https://CRAN.R-project.org/package=Rcpp}
}

@Manual{RcppArmadillopackage,
  title = {RcppArmadillo: `Rcpp' Integration for the `Armadillo' Templated Linear Algebra Library},
  author = {Dirk Eddelbuettel and Romain Francois and Doug Bates and Binxiang Ni and Conrad Sanderson},
  year = {2022},
  note = {R package version 0.11.1.1.0},
  url = {https://CRAN.R-project.org/package=RcppArmadillo}
}

@article{siegel2021cancer,
  title={Cancer statistics, 2021},
  author={Siegel, Rebecca L and Miller, Kimberly D and Fuchs, Hannah E and Jemal, Ahmedin},
  journal={CA: A Cancer Journal for Clinicians},
  volume={71},
  number={1},
  pages={7--33},
  year={2021},
  url={https://doi.org/10.3322/caac.21654},
  publisher={Wiley Online Library}
}

@article{prentice1986case,
  title={A case-cohort design for epidemiologic cohort studies and disease prevention trials},
  author={Prentice, Ross L},
  journal={Biometrika},
  volume={73},
  number={1},
  pages={1--11},
  year={1986},
  url={https://doi.org/10.1093/biomet/73.1.1},
  publisher={Oxford University Press}
}

@Manual{ggplot2package,
  title = {ggplot2: Create elegant data visualisations using the grammar of graphics},
  author = {Hadley Wickham and Winston Chang and Lionel Henry and Thomas Lin Pedersen and Kohske Takahashi and Claus Wilke and Kara Woo and Hiroaki Yutani and Dewey Dunnington},
  year = {2022},
  note = {R package version 3.3.6},
  url = {https://CRAN.R-project.org/package=ggplot2}
}

@article{koenker1994quantile,
  title={Quantile smoothing splines},
  author={Koenker, Roger and Ng, Pin and Portnoy, Stephen},
  journal={Biometrika},
  volume={81},
  number={4},
  pages={673--680},
  year={1994},
  url={https://doi.org/10.1093/biomet/81.4.673},
  publisher={Oxford University Press}
}

@article{koenker2004penalized,
  title={Penalized triograms: {T}otal variation regularization for bivariate smoothing},
  author={Koenker, Roger and Mizera, Ivan},
  journal={Journal of the Royal Statistical Society: Series B (Statistical Methodology)},
  volume={66},
  number={1},
  pages={145--163},
  year={2004},
  url={https://doi.org/10.1111/j.1467-9868.2004.00437.x},
  publisher={Wiley Online Library}
}

@Manual{survivalpackage,
  title = {survival: Survival analysis},
  author = {Terry M Therneau},
  year = {2021},
  note = {R package version 3.2-13},
  url = {https://CRAN.R-project.org/package=survival}
}

@Article{brmspackage,
    title = {Advanced {Bayesian} Multilevel Modeling with the {R}
      Package {brms}},
    author = {Paul-Christian Bürkner},
    journal = {The R Journal},
    year = {2018},
    volume = {10},
    number = {1},
    pages = {395--411},
    doi = {10.32614/RJ-2018-017},
    encoding = {UTF-8}
  }

@article{koenker2008censored,
  title={Censored quantile regression redux},
  author={Koenker, Roger},
  journal={Journal of Statistical Software},
  volume={27},
  pages={1--25},
  doi={https://doi.org/10.18637/jss.v027.i06},
  year={2008}
}

