@Article{anderson2009weather,
  title = {Weather-Related Mortality: {H}ow Heat, Cold, and Heat Waves Affect Mortality in the {United States}},
  author = {G. Brooke Anderson and Michelle L. Bell},
  journal = {Epidemiology},
  volume = {20},
  number = {2},
  pages = {205--213},
  year = {2009},
  url = {https://doi.org/10.1097/ede.0b013e318190ee08},
}

@Manual{cfconventions,
  title = {{NetCDF Climate and Forecast (CF)} Metadata Conventions Version 1.6},
  author = {Brian Eaton and Jonathan Gregory and Bob Drach and Karl Taylor and Steve Hankin and John Caron and Rich Signell and Phil Bentley and Greg Rappa and H H{\"o}ck and {others}},
  url = {http://cfconventions.org/Data/cf-conventions/cf-conventions-1.6/build/cf-conventions.html},
  year = {2011},
}

@Article{chen2015influence,
  author = {K Chen and J Bi and J Chen and X Chen and L Huang and L Zhou},
  title = {Influence of Heat Wave Definitions to the Added Effect of Heat Waves on Daily Mortality in {Nanjing, China}},
  journal = {Science of the Total Environment},
  volume = {506-507},
  pages = {18-25},
  year = {2015},
  url = {https://doi.org/10.1016/j.scitotenv.2014.10.092},
}

@Manual{2016-33-dplyr,
  title = {Dplyr: A Grammar of Data Manipulation},
  author = {Hadley Wickham and Romain Francois},
  year = {2016},
  note = {R package version 0.5.0},
  url = {https://CRAN.R-project.org/package=dplyr},
}

@Article{finak2014opencyto,
  title = {OpenCyto: An Open Source Infrastructure for Scalable, Robust, Reproducible, and Automated, End-to-End Flow Cytometry Data Analysis},
  author = {Greg Finak and Jacob Frelinger and Wenxin Jiang and Evan W Newell and John Ramey and Mark M Davis and Spyros A Kalams and Stephen C {De Rosa} and Raphael Gottardo},
  journal = {PLoS Comput Biol},
  volume = {10},
  number = {8},
  pages = {e1003806},
  year = {2014},
  publisher = {Public Library of Science},
}

@Article{gent2011community,
  author = {Peter R Gent and Gokhan Danabasoglu and Leo J Donner and {others}},
  title = {The {Community Climate System Model Version 4}},
  journal = {Journal of Climate},
  volume = {24},
  number = {19},
  pages = {4973--4991},
  year = {2011},
  url = {https://doi.org/10.1175/2011jcli4083.1},
}

@Book{2016-33-ggplot2,
  author = {Hadley Wickham},
  title = {Ggplot2: Elegant Graphics for Data Analysis},
  publisher = {Springer-Verlag},
  year = {2009},
  isbn = {978-0-387-98140-6},
}

@InProceedings{goncalves2015round,
  title = {A Round Table for Multi-Disciplinary Research on Geospatial and Climate Data},
  author = {Romulo Goncalves and Milena Ivanova and Foteini Alvanaki and Jason Maassen and Kostis Kyzirakos and Oscar Martinez-Rubi and Hannes M{\"u}hleisen},
  booktitle = {e-Science (e-Science), 2015 IEEE 11th International Conference on},
  pages = {165--170},
  year = {2015},
  organization = {IEEE},
}

@Manual{gridExtra,
  title = {gridExtra: Miscellaneous Functions for {"}Grid{"} Graphics},
  author = {Baptiste Auguie},
  year = {2015},
  note = {R package version 2.0.0},
  url = {https://CRAN.R-project.org/package=gridExtra},
}

@Article{hawkins2009potential,
  author = {E Hawkins and R Sutton},
  title = {The Potential to Narrow Uncertainty in Regional Climate Predictions},
  journal = {Bulletin of the American Meteorological Society},
  volume = {90},
  number = {8},
  pages = {1095--1107},
  year = {2009},
  url = {https://doi.org/10.1175/2009bams2607.1},
}

@Article{IPCCch1,
  title = {{Introduction. In: Climate Change 2013: The Physical Science Basis. Contribution of Working Group I to the Fifth Assessment Report of the Intergovernmental Panel on Climate Change}},
  author = {U. Cubasch and D. Wuebbles and D. Chen and M. C. Facchini and D. Frame and N. Mahowald and J.-G. Winther},
  journal = {Climate Change 2013},
  volume = {5},
  pages = {119--158},
  year = {2013},
  publisher = {Cambridge University Press},
}

@Article{IPCCch9,
  title = {{Evaluation of Climate Models. In: Climate Change 2013: The Physical Science Basis. Contribution of Working Group I to the Fifth Assessment Report of the Intergovernmental Panel on Climate Change}},
  author = {Gregory Flato and Jochem Marotzke and Babatunde Abiodun and Pascale Braconnot and Sin Chan Chou and William J Collins and Peter Cox and Fatima Driouech and Seita Emori and Veronika Eyring and {others}},
  journal = {Climate Change 2013},
  volume = {5},
  pages = {741--866},
  year = {2013},
  publisher = {Cambridge University Press},
}

@Article{kent2014heat,
  title = {Heat Waves and Health Outcomes in {Alabama (USA)}: The Importance of Heat Wave Definition},
  author = {Shia T Kent and Leslie A McClure and Benjamin F Zaitchik and Tiffany T Smith and Julia M Gohlke},
  journal = {Environmental Health Perspectives},
  volume = {122},
  number = {2},
  pages = {151--158},
  year = {2014},
  url = {https://doi.org/10.1289/ehp.1307262},
}

@Manual{leaflet,
  title = {Leaflet: Create Interactive Web Maps with the JavaScript 'Leaflet' Library},
  author = {Joe Cheng and Yihui Xie},
  year = {2016},
  note = {R package version 1.0.1},
  url = {https://CRAN.R-project.org/package=leaflet},
}

@Manual{maps,
  title = {Maps: Draw Geographical Maps},
  author = {R Becker and A Wilks and R Brownrigg and T Minka and A Deckmyn},
  year = {2016},
  note = {R package version 3.1.0},
  url = {https://CRAN.R-project.org/package=maps},
}

@Manual{mapproj,
  title = {Mapproj: Map Projections},
  author = {D McIlroy and R Brownrigg and T Minka and R Bivand},
  year = {2015},
  note = {R package version 1.2.4},
  url = {https://CRAN.R-project.org/package=mapproj},
}

@Article{meehl2007wcrp,
  title = {THe {WCRP} {CMIP3} {M}ultimodel {D}ataset: A New Era in Climate Change Research},
  author = {Gerald A. Meehl and Curt Covey and Thomas Delworth and Mojib Latif and Bryant McAvaney and John F. B. Mitchell and Ronald J. Stouffer and Karl E. Taylor},
  journal = {Bulletin of the American Meteorological Society},
  pages = {1383--1394},
  year = {2007},
}

@Article{michna2013rnetcdf,
  title = {{RNetCDF}--A Package for Reading and Writing NetCDF Datasets},
  author = {Pavel Michna and Milton Woods},
  journal = {The R Journal},
  volume = {5},
  pages = {29--36},
  year = {2013},
}

@Manual{ncdf4,
  title = {Ncdf4: Interface to Unidata netCDF (Version 4 or Earlier) Format Data Files},
  author = {David Pierce},
  year = {2015},
  note = {R package version 1.15.0},
  url = {https://CRAN.R-project.org/package=ncdf4},
}

@Manual{ncdf4helpers,
  title = {Ncdf4.helpers: Helper Functions for Use with the Ncdf4 Package},
  author = {David Bronaugh},
  year = {2014},
  note = {R package version 0.3.3},
  url = {https://CRAN.R-project.org/package=ncdf4.helpers},
}

@Manual{ncdfFlow,
  title = {ncdfFlow: A Package That Provides {HDF5} Based Storage for Flow Cytometry Data},
  author = {Mike Jiang and Greg Finak and N. Gopalakrishnan},
  year = {2017},
  note = {R package version 2.22.0},
}

@Manual{ncl,
  title = {The NCAR Command Language (NCL)},
  author = {{UCAR/NCAR Computational and Information Systems Laboratory}},
  year = {2017},
  note = {Version 6.4.0},
  url = {https://doi.org/10.5065/d6wd3xh5},
}

@Manual{PCICt,
  title = {PCICt: Implementation of POSIXct Work-Alike for 365 and 360 Day Calendars.},
  author = {David Bronaugh and Ulrich Drepper},
  year = {2013},
  note = {R package version 0.5.4},
  url = {https://CRAN.R-project.org/package=PCICt},
}

@Article{peng2011toward,
  title = {Toward a Quantitative Estimate of Future Heat Wave Mortality under Global Climate Change},
  author = {Roger D Peng and Jennifer F Bobb and Claudia Tebaldi and Larry McDaniel and Michelle L Bell and Francesca Dominici},
  journal = {Environmental Health Perspectives},
  volume = {119},
  number = {5},
  pages = {701--706},
  year = {2011},
  url = {https://doi.org/10.1289/ehp.1002430},
}

@Manual{RCMIP5,
  author = {Kathe Todd-Brown and Ben Bond-Lamberty},
  title = {RCMIP5: Tools for Manipulating and Summarizing CMIP5 Data},
  year = {2016},
  note = {R package version 1.2.0},
  url = {https://cran.r-project.org/web/packages/RCMIP5/},
}

@Article{Rcpp,
  title = {{Rcpp}: Seamless {R} and {C++} Integration},
  author = {Dirk Eddelbuettel and Romain Francois},
  journal = {Journal of Statistical Software},
  volume = {40},
  number = {8},
  pages = {1--18},
  year = {2011},
  url = {https://doi.org/10.18637/jss.v040.i08},
}

@Manual{RNetCDF,
  title = {RNetCDF: Interface to NetCDF Datasets},
  author = {Pavel Michna and Milton Woods},
  year = {2016},
  note = {R package version 1.8.2},
  url = {https://CRAN.R-project.org/package=RNetCDF},
}

@Article{robinson2001definition,
  title = {On the Definition of a Heat Wave},
  author = {Peter J Robinson},
  journal = {Journal of applied Meteorology},
  volume = {40},
  number = {4},
  pages = {762--775},
  year = {2001},
  url = {https://doi.org/10.1175/1520-0450(2001)040<0762:otdoah>2.0.co;2},
}

@Manual{schulzweida2006cdo,
  title = {CDO Userâ€™s Guide},
  author = {Uwe Schulzweida},
  note = {Climate Data Operators, Version 1.8.1},
  year = {2017},
  url = {https://code.zmaw.de/projects/cdo/embedded/cdo.pdf},
}

@Article{smith2013heat,
  title = {Heat Waves in the {United States}: {D}efinitions, Patterns and Trends},
  author = {Tiffany T Smith and Benjamin F Zaitchik and Julia M Gohlke},
  journal = {Climatic Change},
  volume = {118},
  number = {3-4},
  pages = {811--825},
  year = {2013},
  url = {https://doi.org/10.1007/s10584-012-0659-2},
}

@Article{tan2007heat,
  title = {Heat Wave Impacts on Mortality in {Shanghai}, 1998 and 2003},
  author = {Jianguo Tan and Youfei Zheng and Guixiang Song and Laurence S Kalkstein and Adam J Kalkstein and Xu Tang},
  journal = {International Journal of Biometeorology},
  volume = {51},
  number = {3},
  pages = {193--200},
  year = {2007},
  url = {https://doi.org/10.1007/s00484-006-0058-3},
}

@Manual{taylor2010cmip5,
  title = {{CMIP5} Model Output Requirements: File Contents and Format, Data Structure and Metadata},
  author = {Karl E Taylor and Charles Doutriaux},
  url = {http://cmip-pcmdi.llnl.gov/cmip5/docs/CMIP5_output_metadata_requirements.pdf},
  year = {2010},
}

@Article{taylor2012overview,
  title = {An Overview of {CMIP5} and the Experiment Design},
  author = {Karl E Taylor and Ronald J Stouffer and Gerald A Meehl},
  journal = {Bulletin of the American Meteorological Society},
  volume = {93},
  number = {4},
  pages = {485--498},
  year = {2012},
  url = {https://doi.org/10.1175/bams-d-11-00094.1},
}

@Article{wickham2014tidy,
  title = {Tidy Data},
  author = {Hadley Wickham},
  journal = {Journal of Statistical Software},
  volume = {59},
  number = {10},
  pages = {1--23},
  year = {2014},
  doi = {10.18637/jss.v059.i10},
  url = {https://www.jstatsoft.org/v059/i10}
}

@Manual{wux,
  title = {Wux: Wegener Center Climate Uncertainty Explorer},
  author = {Thomas Mendlik and Georg Heinrich and Armin Leuprecht},
  year = {2016},
  note = {R package version 2.2.1},
  url = {https://CRAN.R-project.org/package=wux},
}

@Article{xin2013introduction,
  title = {Introduction of {CMIP5} Experiments Carried out with the Climate System Models of {Beijing Climate Center}},
  author = {Xiao-Ge Xin and Tong-Wen Wu and Zhang Jie},
  journal = {Advances in Climate Change Research},
  volume = {4},
  number = {1},
  pages = {41--49},
  year = {2013},
  url = {https://doi.org/10.3724/sp.j.1248.2013.041},
}
