@ARTICLE{Alon(1999),
  AUTHOR =	 "U. Alon and N. Barkai and D.A. Notterman and K. Gish
                  and S. Ybarra and D. Mack and A.J. Levine",
  TITLE =	 "Broad patterns of gene expression revealed by
                  clustering analysis of tumor and normal colon
                  tissues probed by oligonucleotide arrays",
  JOURNAL =	 "Proceedings of the National Academy of Sciences of
                  the United States of America",
  YEAR =	 1999,
  VOLUME =	 96,
  number =	 12,
  pages =	 "6745--6750"
}

@book{Sarle(1990),
  AUTHOR =	 "W.S. Sarle",
  TITLE =	 "SAS/STAT User's Guide: The Varclus Procedure",
  edition =	 "4th",
  YEAR =	 1990,
  PUBLISHER =	 "SAS Institute, Inc., Cary, NC, USA"
}

@ARTICLE{Bailly(2012),
  AUTHOR =	 "N. Bailly and I. Maitre and M. Amand and C. Herv{é}
                  and D. Alaphilippe",
  TITLE =	 "The {D}utch Eating Behaviour Questionnaire
                  ({DEBQ}). {A}ssessment of eating behaviour in an
                  aging {F}rench population",
  JOURNAL =	 "Appetite",
  YEAR =	 2012,
  VOLUME =	 59,
  number =	 3,
  pages =	 "853--858"
}

@ARTICLE{Chavent(2012),
  AUTHOR =	 "M. Chavent and V. Kuentz-Simonet and B. Liquet and
                  J. Saracco",
  TITLE =	 "Clust{O}f{V}ar: An {R} package for the Clustering of
                  Variables",
  JOURNAL =	 "Journal of Statistical Software",
  YEAR =	 2012,
  VOLUME =	 50,
  NUMBER =	 13,
  PAGES =	 "1--16",
  url =		 {http://www.jstatsoft.org/v50/i13/},
}

@ARTICLE{Chen(2014),
  AUTHOR =	 "M. Chen and E. Vigneau",
  TITLE =	 "Supervised Clustering of Variables",
  JOURNAL =	 "Advanced in Data Analysis and Classification",
  YEAR =	 {{in press}},
  doi =		 "10.1007/s11634-014-0191-5"
}

@ARTICLE{Daillant-Spinnler(1996),
  AUTHOR =	 "B. Daillant-Spinnler and H.J.H. MacFie and
                  P.K. Beyts and D. Hedderley",
  TITLE =	 "Relationships between perceived sensory properties
                  and major preference directions of 12 varieties of
                  apples from the {S}outhern {H}emisphere",
  JOURNAL =	 "Food Quality and Preference",
  YEAR =	 1996,
  VOLUME =	 7,
  NUMBER =	 2,
  PAGES =	 "113--126"
}

@ARTICLE{Dhillon(2003),
  AUTHOR =	 "I. S. Dhillon and E. M. Marcotte and U. Roshan",
  TITLE =	 "Diametrical clustering for identifying
                  anti-correlated gene clusters",
  JOURNAL =	 "Bioinformatics",
  YEAR =	 2003,
  VOLUME =	 19,
  number =	 13,
  pages =	 "1612--1619"
}

@article{Enki(2013),
  author =	 "Enki, D. G. and Trendafilov, N. T. and Jolliffe,
                  I. T.",
  title =	 "A clustering approach to interpretable principal
                  components",
  journal =	 "Journal of Applied Statistics",
  volume =	 40,
  number =	 3,
  pages =	 "583--599",
  year =	 2013
}

@article{Li(2001),
  author =	 "Li, H. and Hong, F.",
  title =	 "Cluster-{R}asch model for microarray gene expression
                  data",
  journal =	 "Genome Biology",
  volume =	 2,
  number =	 3,
  pages =	 "1--13",
  year =	 2001
}

@ARTICLE{Jacob(2013),
  AUTHOR =	 "D. Jacob and C. Deborde and A. Moing",
  TITLE =	 "An efficient spectra processing method for
                  metabolite identification from 1{H-NMR} metabolomics
                  data",
  JOURNAL =	 "Analytical and Bioanalytical Chemistry",
  YEAR =	 2013,
  VOLUME =	 405,
  number =	 15,
  PAGES =	 "5049--5061"
}

@BOOK{Jolliffe(2002),
  AUTHOR =	 "I. Jolliffe",
  TITLE =	 "Principal Component Analysis",
  edition =	 "2nd",
  PUBLISHER =	 "Springer-Verlag",
  YEAR =	 2002,
  ADDRESS =	 "New York",
}

@ARTICLE{Kiers(1991),
  AUTHOR =	 "H. Kiers",
  TITLE =	 "Simple Structure in Component Analysis Techniques
                  for Mixtures of Qualitative and Quantitative
                  Variables",
  JOURNAL =	 "Psychometrika",
  YEAR =	 1991,
  VOLUME =	 56,
  number =	 2,
  PAGES =	 "197--212"
}


@BOOK{Lebart(2000),
  AUTHOR =	 "L. Lebart and A. Morineau and M. Piron",
  TITLE =	 "Statistique exploratoire multidimensionnelle",
  edition =	 "3ieme",
  PUBLISHER =	 "Dunod",
  YEAR =	 2000,
  ADDRESS =	 "Paris",
}


@ARTICLE{Lovaglio(2011),
  AUTHOR =	 "P. G. Lovaglio",
  TITLE =	 "Model building and estimation strategies for
                  implementing the Balanced Scorecard in Health
                  sector",
  JOURNAL =	 "Quality \& Quantity",
  YEAR =	 2011,
  VOLUME =	 45,
  number =	 1,
  PAGES =	 "199--212"
}

@ARTICLE{Martens(2005),
  AUTHOR =	 "H. Martens and E. Anderssen and A. Flatberg and
                  L. H. Gidskehaug and M. Hoy and F. Westad and
                  A. Thybo and M. Martens",
  TITLE =	 "Regression of a matrix on descriptors of both its
                  rows and its columns via latent variables: {L-PLSR}",
  JOURNAL =	 "Computational Statistics and Data Analysis",
  YEAR =	 2005,
  VOLUME =	 48,
  NUMBER =	 1,
  PAGES =	 "103--123",
}

@BOOK{Naes(2010),
  AUTHOR =	 "T. Naes and P. B. Brockhoff and O. Tomic",
  TITLE =	 "Statistics for sensory and consumer science",
  PUBLISHER =	 "John Wiley \& Sons.",
  YEAR =	 2010,
  ADDRESS =	 "Chichester, UK"
}

@INPROCEEDINGS{Saporta(1990),
  AUTHOR =	 "G. Saporta",
  TITLE =	 "Simultaneous Analysis of Qualitative and
                  Quantitative Data",
  BOOKTITLE =	 "Atti Della XXXV Riunione Scientifica",
  YEAR =	 1990,
  EDITOR =	 "{Societa Italiana di Statistica}",
  PAGES =	 "63--72"
}

@ARTICLE{Pages(2004),
  AUTHOR =	 "J. Pag{è}s",
  TITLE =	 "Analyse Factorielle de donn{é}es mixtes",
  JOURNAL =	 "Revue de Statistique Appliqu{é}e",
  YEAR =	 2004,
  VOLUME =	 52,
  NUMBER =	 4,
  PAGES =	 "93--111"
}

@ARTICLE{Vichi(2009),
  AUTHOR =	 "M. Vichi and G. Saporta",
  TITLE =	 "Clustering and disjoint principal component
                  analysis",
  JOURNAL =	 "Computational Statistics and Data Analysis",
  YEAR =	 2009,
  VOLUME =	 53,
  number =	 8,
  PAGES =	 "3194--3208"
}

@ARTICLE{Vigneau(2003),
  AUTHOR =	 "E. Vigneau and E.M. Qannari",
  TITLE =	 "Clustering of Variables Around Latent Components",
  JOURNAL =	 "Communications in Statistics -- Simulation and
                  Computation",
  YEAR =	 2003,
  VOLUME =	 32,
  NUMBER =	 4,
  PAGES =	 "1131--1150"
}

@ARTICLE{Vigneau(2001),
  AUTHOR =	 "E. Vigneau and E. M. Qannari and P. H. Punter and
                  S. Knoops",
  TITLE =	 "Segmentation of a panel of consumers using
                  clustering of variables around latent directions of
                  preference",
  JOURNAL =	 "Food Quality and Preference",
  YEAR =	 2001,
  VOLUME =	 12,
  number =	 {5--7},
  PAGES =	 "359--363"
}

@ARTICLE{Vigneau(2006),
  AUTHOR =	 "E. Vigneau and E. M. Qannari and K. Sahmer and
                  D. Ladiray",
  TITLE =	 "Classification de variables autour de composantes
                  latentes",
  JOURNAL =	 "Revue de Statistique Appliqu{é}e",
  YEAR =	 2006,
  VOLUME =	 54,
  NUMBER =	 1,
  PAGES =	 "27--45"
}

@ARTICLE{Vigneau(2002),
  AUTHOR =	 "E. Vigneau and E. M. Qannari",
  TITLE =	 "Segmentation of consumers taking account of external
                  data: A clustering of variables approach",
  JOURNAL =	 "Food Quality and Preference",
  YEAR =	 2002,
  VOLUME =	 13,
  NUMBER =	 "7--8",
  PAGES =	 "515--521",
}

@ARTICLE{Vigneau(2005),
  AUTHOR =	 "E. Vigneau and K. Sahmer and E. M. Qannari and
                  D. Bertrand",
  TITLE =	 "Clustering of variables to analyze spectral data",
  JOURNAL =	 "Journal of Chemometrics",
  YEAR =	 2005,
  VOLUME =	 19,
  NUMBER =	 3,
  PAGES =	 "122--128"
}

@ARTICLE{Vigneau(2011),
  AUTHOR =	 "E. Vigneau and I. Endrizzi and E.M. Qannari",
  TITLE =	 "Finding and explaining clusters of consumers using
                  the {CLV} approach",
  JOURNAL =	 "Food Quality and Preference",
  YEAR =	 2011,
  VOLUME =	 22,
  NUMBER =	 4,
  PAGES =	 "705--713"
}

@ARTICLE{Vigneau(2012),
  AUTHOR =	 "E. Vigneau and F. Thomas",
  TITLE =	 "Model calibration and feature selection for orange
                  juice authentication by 1{H NMR} spectroscopy",
  JOURNAL =	 "Chemometrics and Intelligent Laboratory Systems",
  YEAR =	 2012,
  VOLUME =	 117,
  PAGES =	 "22--30"
}

@ARTICLE{Vigneau(2014),
  AUTHOR =	 "E. Vigneau and M. Charles and M. Chen",
  TITLE =	 "External preference segmentation with additional
                  information on consumers: A case study on apples",
  JOURNAL =	 "Food Quality and Preference",
  YEAR =	 2014,
  VOLUME =	 22,
  NUMBER =	 4,
  PAGES =	 "83--92"
}

@ARTICLE{Warms(2010),
  AUTHOR =	 "E. Warms-Petit and E. Morignat and M. Artois and D. Calavas",
  TITLE =	 "Unsupervised clustering of wildlife necropsy data for syndromic surveillance",
  JOURNAL =	 "BMC Veterinary Research",
  YEAR =	 2010,
  VOLUME =	 6,
  PAGES =	 56,
  url =		 "http://www.biomedcentral.com:1746-6148/6/56",
}

@ARTICLE{Zou(2006),
  AUTHOR =	 "H. Zou and T.Hastie and R.Tibshirani",
  TITLE =	 "Sparse principal component analysis",
  JOURNAL =	 "Journal of Computational and Graphical Statistics",
  YEAR =	 2006,
  VOLUME =	 15,
  NUMBER =	 2,
  PAGES =	 "262--286"
}

@Manual{CLERE(2014),
  AUTHOR =	 "L. Yengo and M. Canoui",
  TITLE =	 "clere: Simultaneous Variables Clustering and
                  Regression",
  note =	 "R package version 1.1.2",
  year =	 2014,
  url =		 "https://CRAN.R-project.org/package=clere",
}

@Manual{biclust(2015),
  author =	 {Sebastian Kaiser and Rodrigo Santamaria and Tatsiana
                  Khamiakova and Martin Sill and Roberto Theron and
                  Luis Quintales and Friedrich Leisch and Ewoud {De
                  Troyer}},
  title =	 {biclust: BiCluster Algorithms},
  YEAR =	 2015,
  note =	 "R package version 1.2.0",
  url =		 {https://CRAN.R-project.org/package=biclust},
}

@Manual{ClustVarLV(2015),
  author =	 "E. Vigneau and M. Chen",
  title =	 {ClustVarLV: Clustering of Variables Around Latent
                  Variables},
  year =	 {2015},
  note =	 {R package version 1.4.1},
  url =		 {https://CRAN.R-project.org/package=ClustVarLV},
}

@Manual{pvclust(2014),
  author =	 "R. Suzuki and H. Shimodaira",
  title =	 "pvclust: Hierarchical Clustering with P-Values via
                  Multiscale Bootstrap Resampling",
  year =	 2014,
  note =	 "R package version 1.3-2",
    url = {https://CRAN.R-project.org/package=pvclust},
}

@article{Buhlmann(2013),
  author =	 "P. B{\"u}hlmann and P. R{\"u}timann and S. van de
                  Geer and C.-H. Zhang",
  title =	 "Correlated variables in regression: Clustering and
                  sparse estimation",
  journal =	 "Journal of Statistical Planning and Inference",
  volume =	 143,
  number =	 11,
  pages =	 "1835-–1858",
  year =	 2013
}

@article{Hastie(2000),
  author =	 "T. Hastie and R. Tibshirani and M. B. Eisen and
                  A. Alizadeh and R. Levy and L. Staudt and W. C. Chan
                  and D. Botstein and P. Brown",
  title =	 "`{G}ene shaving' as a method for identifying
                  distinct sets of genes with similar expression
                  patterns",
  journal =	 "Genome Biology",
  volume =	 1,
  number =	 2,
  pages =	 "1--21",
  year =	 2000
}

@article{Eisen(1998),
  author =	 "M. B. Eisen and P. T. Spellman and P. O. Brown and
                  D. Botstein",
  title =	 "Cluster analysis and display of genome-wide
                  expression patterns",
  JOURNAL =	 "Proceedings of the National Academy of Sciences of
                  the United States of America",
  volume =	 95,
  number =	 25,
  pages =	 "14863--14868",
  year =	 1998
}

@article{Park(2007),
  author =	 "M. Y. Park and T. Hastie and R. Tibshirani",
  title =	 "Averaged gene expressions for regression",
  journal =	 "Biostatistics",
  volume =	 8,
  number =	 2,
  pages =	 "212--227",
  year =	 2007
}

@article{Tolosi(2011),
  author =	 "L. Tolosi and T. Lengauer",
  title =	 "Classification with correlated features:
                  unreliability of feature ranking and solutions",
  journal =	 "Bioinformatics",
  volume =	 27,
  number =	 14,
  pages =	 "1986--1994",
  year =	 2011
}

@article{Kojadinovic(2010),
  author =	 "I. Kojadinovic",
  title =	 "Hierarchical clustering of continuous variables
                  based on the empirical copula process and
                  permutation linkages",
  journal =	 "Computational Statistic and Data Analysis",
  volume =	 54,
  number =	 1,
  pages =	 "90--108",
  year =	 2010
}

@Misc{task,
  author =	 {Friedrich Leisch and Bettina Gr{\" u}n},
  note =	 {Version~2015-07-24},
  title =	 {{CRAN} Task View: Cluster Analysis \& Finite Mixture
                  Models},
  year =	 2015,
  url =		 {https://CRAN.R-project.org/view=Cluster}
}

@Manual{cluster,
  title =	 {cluster: ``Finding Groups in Data'': Cluster Analysis
                  Extended Rousseeuw et al.},
  author =	 {Martin Maechler and Peter Rousseeuw and Anja Struyf
                  and Mia Hubert},
  year =	 {2015},
  note =	 {R package version 2.0.3},
  url =		 {https://CRAN.R-project.org/package=cluster},
}

@Manual{ClustOfVar,
  title =	 {ClustOfVar: Clustering of Variables},
  author =	 {Marie Chavent and Vanessa Kuentz and Benoit Liquet
                  and Jerome Saracco},
  year =	 {2013},
  note =	 {R package version 0.8},
  url =		 {https://CRAN.R-project.org/package=ClustOfVar},
}

@Manual{Hmisc,
  title =	 {Hmisc: Harrell Miscellaneous},
  author =	 {Frank E {Harrell Jr} and Charles Dupont and others},
  year =	 {2015},
  note =	 {R package version 3.17-0},
  url =		 {https://CRAN.R-project.org/package=Hmisc},
}

@Manual{FactoMineR,
  title =	 {FactoMineR: Multivariate Exploratory Data Analysis
                  and Data Mining},
  author =	 {Francois Husson and Julie Josse and Sebastien Le and
                  Jeremy Mazet},
  year =	 {2015},
  note =	 {R package version 1.31.4},
  url =		 {https://CRAN.R-project.org/package=FactoMineR},
}

@Article{Rcpp,
  title = {{Rcpp}: Seamless {R} and {C++} Integration},
  author = {Dirk Eddelbuettel and Romain Fran\c{c}ois},
  journal = {Journal of Statistical Software},
  year = {2011},
  volume = {40},
  number = {8},
  pages = {1--18},
  url = {http://www.jstatsoft.org/v40/i08/},
}

@Book{Rcpp1,
  title =	 {Seamless {R} and {C++} Integration with {Rcpp}},
  author =	 {Dirk Eddelbuettel},
  publisher =	 {Springer},
  address =	 {New York},
  year =	 {2013},
}

@Manual{plsgenomics,
  title =	 {plsgenomics: PLS Analyses for Genomics},
  author =	 {Anne-Laure Boulesteix and Ghislain Durif and Sophie
                  Lambert-Lacroix and Julie Peyre and Korbinian
                  Strimmer},
  year =	 {2015},
  note =	 {R package version 1.3-1},
  url =		 {https://CRAN.R-project.org/package=plsgenomics},
}





