@book{R:Alam+Ronnegard+Shen:2010,
author = {M.~{Alam, L.~Ronnegard, and X.~Shen}},
title = {{em hglm: hierarchical generalized linear models, }},
publisher = {R package version 1.1.1},
year = {2010},
url = {http://CRAN.R-project.org/package=hglm}
}
@book{R:Breslow:1972,
author = {N.~E. {Breslow}},
title = {{Discussion of Professor Cox's paper}},
publisher = {Journal of the Royal Statistical Society Series B 34:},
pages = {216--217},
year = {1972}
}
@book{R:Breslow:1974,
author = {N.~E. {Breslow}},
title = {{Covariance analysis of censored survival data}},
publisher = {Biometrics 30:},
pages = {89--99},
year = {1974}
}
@book{R:Cox+Reid:1987,
author = {D.~R. {Cox and N.~Reid}},
title = {{Parameter orthogonality and approximate conditional inference (with discussion)}},
publisher = {Journal of the Royal Statistical Society Series B 49:},
pages = {1--39},
year = {1987}
}
@book{R:Duchateau+Janssen:2008,
author = {L.~{Duchateau and P.~Janssen}},
title = {{The Frailty Model}},
publisher = {Springer-Verlag: New York},
year = {2008}
}
@book{R:Donohue+Overholser:2011,
author = {M.~{Donohue, R.~Overholser, R.~Xu, and F.~Vaida}},
title = {{Conditional Akaike information under generalized linear and proportional hazards mixed models}},
publisher = {Biometrika 98:},
pages = {685--700},
year = {2011}
}
@book{R:Donohue+Xu:2012,
author = {M.~{Donohue and R.~Xu}},
title = {{phmm: proportional hazards mixed-effects model, }},
publisher = {R package version 0.7-4},
year = {2012},
url = {http://CRAN.R-project.org/package=phmm}
}
@book{R:Fleming+Harrington:1991,
author = {T.~R. {Fleming and D.~P. Harrington}},
title = {{Counting Processes and Survival Analysis}},
publisher = {Wiley: New York .%bibitem[Goldstein(1995)]R:Goldstein:1995  H.~Goldstein  %Multilevel statistical models Arnold: London 1995},
year = {1991}
}
@book{R:Gonzalez+Rondeau+Mazroui:2012,
author = {J.~R. {Gonzalez, V.~Rondeau Y.~Mazroui, A.~Mauguen, and A.~Diakit\'{e}}},
title = {{frailtypack: frailty models using a semi-parametrical penalized likelihood estimation or a parametrical estimation, }},
publisher = {R package version 2.2-23},
year = {2012},
url = {http://CRAN.R-project.org/package=frailtypack}
}
@book{R:Ha+Lee:2003,
author = {I.~D. {Ha and Y.~Lee}},
title = {{Estimating frailty models via Poisson hierarchical generalized linear models}},
publisher = {Journal of Computational and Graphical Statistics 12:},
pages = {663--681},
year = {2003}
}
@book{R:Ha+Lee:2005,
author = {I.~D. {Ha and Y.~Lee}},
title = {{Comparison of hierarchical likelihood versus orthodox best linear unbiased predictor approaches for frailty models}},
publisher = {Biometrika 92:},
pages = {717--723},
year = {2005}
}
@book{R:Ha+Lee+MacKenzie:2007,
author = {I.~D. {Ha, Y.~Lee and G.~MacKenzie}},
title = {{Model selection for multi-component frailty models}},
publisher = {Statistics in Medicine 26:},
pages = {4790--4807},
year = {2007}
}
@book{R:Ha+Lee+Song:2001,
author = {I.~D. {Ha, Y.~Lee and J.~K. Song}},
title = {{Hierarchical likelihood approach for frailty models}},
publisher = {Biometrika 88:},
pages = {233--243},
year = {2001}
}
@book{R:Ha+Noh+Lee:2010,
author = {I.~D. {Ha, M.~Noh and Y.~Lee}},
title = {{Bias reduction of likelihood estimators in semi-parametric frailty models}},
publisher = {Scandinavian Journal of Statistics 37:},
pages = {307--320},
year = {2010}
}
@book{R:Ha+Noh+Lee:2012,
author = {I.~D. {Ha, M.~Noh and Y.~Lee}},
title = {{frailtyHL: frailty models using h-likelihood, }},
publisher = {R package version 1.1},
year = {2012},
url = {http://CRAN.R-project.org/package=frailtyHL}
}
@book{R:Ha+Park+Lee:2003,
author = {I.~D. {Ha, T.~Park and Y.~Lee}},
title = {{Joint modelling of repeated measures and survival time data}},
publisher = {Biometrical Journal 45:},
pages = {647--658},
year = {2003}
}
@book{R:Ha+Sylvester+Legrand:2011,
author = {I.~D. {Ha, R.~Sylvester, C.~Legrand and G.~MacKenzie}},
title = {{Frailty modelling for survival data from multi-centre clinical trials}},
publisher = {Statistics in Medicine 30:},
pages = {2144--2159},
year = {2011}
}
@book{R:Hougaard:2000,
author = {P.~{Hougaard}},
title = {{Analysis of Multivariate Survival Data}},
publisher = {Springer-Verlag: New York},
year = {2000}
}
@book{R:Lee+Ha:2010,
author = {Y.~{Lee and I.~D. Ha}},
title = {{Orthodox BLUP versus h-likelihood methods for inferences about random effects in Tweedie mixed models}},
publisher = {Statistics and Computing 20:},
pages = {295--303},
year = {2010}
}
@book{R:Lee+Jang+Lee:2011,
author = {Y.~{Lee, M.~Jang and W.~Lee}},
title = {{Prediction interval for disease mapping using hierarchical likelihood}},
publisher = {Computational Statistics 26:},
pages = {159--179},
year = {2011}
}
@book{R:Lee+Nelder:1996,
author = {Y.~{Lee and J.~A. Nelder}},
title = {{Hierarchical generalized linear models (with discussion)}},
publisher = {Journal of the Royal Statistical Society Series B,58:},
pages = {619--678},
year = {1996}
}
@book{R:Lee+Nelder:2001,
author = {Y.~{Lee and J.~A. Nelder}},
title = {{Hierarchical generalised linear models: a synthesis of generalised linear models, random-effect models and structured dispersions}},
publisher = {Biometrika 88:},
pages = {987--1006},
year = {2001}
}
@book{R:Lee+Nelder:2006,
author = {Y.~{Lee and J.~A. Nelder}},
title = {{Double hierarchical generalised linear models (with discussion)}},
publisher = {Applied Statistics 55:},
pages = {139--185},
year = {2006}
}
@book{R:Lee+Nelder+Pawitan:2006,
author = {Y.~{Lee, J.~A. Nelder and Y.~Pawitan}},
title = {{Generalised Linear Models with Random Effects: Unified Analysis via H-likelihood}},
publisher = {Chapman & Hall: London},
year = {2006}
}
@book{R:Mantel+Bohidar+Ciminera:1977,
author = {N.~{Mantel, N.~R. Bohidar and J.~L. Ciminera}},
title = {{Mantel-Haenszel analyses of litter-matched time-to-response data, with modifications for recovery of interlitter information}},
publisher = {Cancer Research 37:},
pages = {3863--3868},
year = {1977}
}
@book{R:McGilchrist+Aisbett:1991,
author = {C.~A. {McGilchrist and C.~W. Aisbett}},
title = {{Regression with frailty in survival analysis}},
publisher = {Biometrics 47:},
pages = {461--466},
year = {1991}
}
@book{R:Molas:2010,
author = {M.~{Molas}},
title = {{HGLMMM: hierarchical generalized linear models, }},
publisher = {R package version 0.1.1},
year = {2010},
url = {http://CRAN.R-project.org/package=HGLMMM}
}
@book{R:Noh+Lee:2011,
author = {M.~{Noh and Y.~Lee}},
title = {{dhglm: double hierarchical generalized linear models, }},
publisher = {R package version 1.0},
year = {2011},
url = {http://CRAN.R-project.org/package=dhglm}
}
@book{R:Ripatti+Palmgren:2000,
author = {S.~{Ripatti and J.~Palmgren}},
title = {{Estimation of multivariate frailty models using penalized partial likelihood}},
publisher = {Biometrics 56:},
pages = {1016--1022},
year = {2000}
}
@book{R:Rondeau+Michiels+Liquet+Pignon:2008,
author = {V.~{Rondeau, S.~Michiels, B.~Liquet and J.~P. Pignon}},
title = {{Investigating trial and treatment heterogeneity in an individual patient data meta-analysis of survival data by means of the penalized maximum likelihood approach}},
publisher = {Statistics in Medicine 27: 1894-910},
year = {2008}
}
@book{R:Sakamoto+Ishiguro+Kitagawa:1986,
author = {Y.~{Sakamoto, M.~Ishiguro and G.~Kitagawa}},
title = {{Akaike Information Criterion Statistics}},
publisher = {KTK Scientific Publisher: Tokyo},
year = {1986}
}
@book{R:Therneau:2010,
author = {T.~M. {Therneau}},
title = {{survival: survival analysis, including penalised likelihood, }},
publisher = {R package version 2.36-2},
year = {2010},
url = {http://CRAN.R-project.org/package=survival}
}
@book{R:Therneau:2011,
author = {T.~M. {Therneau}},
title = {{coxme: Mixed Effects Cox Models, }},
publisher = {R package version 2.2-1},
year = {2011},
url = {http://CRAN.R-project.org/package=coxme}
}
@book{R:Therneau+Grambsch:2000,
author = {T.~M. {Therneau and P.~M. Grambsch}},
title = {{Modelling Survival Data: Extending the Cox Model}},
publisher = {Springer-Verlag: New York},
year = {2000}
}
@book{R:Vaida+Xu:2000,
author = {F.~{Vaida and R.~Xu}},
title = {{Proportional hazards model with random effects}},
publisher = {Statistics in Medicine 19:},
pages = {3309--3324},
year = {2000}
}
@book{R:Yau:2001,
author = {K.~K.~W. {Yau}},
title = {{Multilevel models for survival analysis with random effects}},
publisher = {Biometrics 57:},
pages = {96--102},
year = {2001}
}



