@Article{Dannemann:2012,
AUTHOR = {Dannemann, Michael and Lachmann, Michael and Lorenc, Anna},
TITLE = {{'maskBAD' - A Package to Detect and Remove Affymetrix Probes With Binding Affinity Differences}},
JOURNAL = {BMC Bioinformatics},
VOLUME = {13},
YEAR = {2012},
NUMBER = {1},
PAGES = {56},
URL = {http://www.biomedcentral.com/1471-2105/13/56},
DOI = {10.1186/1471-2105-13-56},
PubMedID = {22507266},
ISSN = {1471-2105}}

@article{Duan:2008,
  title={{SNPinProbe\_1. 0: A Database for Filtering Out Probes in the Affymetrix GeneChip{\textregistered} Human Exon 1.0 ST Array Potentially Affected by SNPs}},
  author={Duan, Shiwei and Zhang, Wei and Bleibel, Wasim Kamel and Cox, Nancy Jean and Dolan, M Eileen},
  journal={Bioinformation},
  volume={2},
  number={10},
  pages={469},
  year={2008},
  publisher={Biomedical Informatics Publishing Group}
}

@Article{Kumari:2007,
AUTHOR = {Kumari, Sunita and Verma, Lalit and Weller, Jennifer},
TITLE = {{AffyMAPSDetector: A Software Tool to Characterize Affymetrix GeneChip{\textregistered} Expression Arrays With Respect to SNPs}},
JOURNAL = {BMC Bioinformatics},
VOLUME = {8},
YEAR = {2007},
NUMBER = {1},
PAGES = {276},
URL = {http://www.biomedcentral.com/1471-2105/8/276},
DOI = {10.1186/1471-2105-8-276},
PubMedID = {17663786},
ISSN = {1471-2105}},
}

@article{Dai:2005,
  title={{Evolving Gene/Transcript Definitions Significantly Alter the Interpretation of GeneChip Data}},
  author={Dai, Manhong and Wang, Pinglang and Boyd, Andrew D and Kostov, Georgi and Athey, Brian and Jones, Edward G and Bunney, William E and Myers, Richard M and Speed, Terry P and Akil, Huda and others},
  journal={Nucleic Acids Research},
  volume={33},
  number={20},
  pages={e175--e175},
  year={2005},
  publisher={Oxford Univ Press}
}

@Article{Fujisawa:2009,
AUTHOR = {Fujisawa, Hironori and Horiuchi, Youko and Harushima, Yoshiaki and Takada, Toyoyuki and Eguchi, Shinto and Mochizuki, Takako and Sakaguchi, Takayuki and Shiroishi, Toshihiko and Kurata, Nori},
TITLE = {{SNEP: Simultaneous Detection of Nucleotide and Expression Polymorphisms Using Affymetrix GeneChip}},
JOURNAL = {BMC Bioinformatics},
VOLUME = {10},
YEAR = {2009},
NUMBER = {1},
PAGES = {131},
URL = {http://www.biomedcentral.com/1471-2105/10/131},
DOI = {10.1186/1471-2105-10-131},
PubMedID = {19419536},
ISSN = {1471-2105}
}

@article{Benovoy:2008,
author = {Benovoy, David and Kwan, Tony and Majewski, Jacek}, 
title = {{Effect of Polymorphisms Within Probe-Target Sequences on Olignonucleotide Microarray Experiments}},
volume = {36}, 
number = {13}, 
pages = {4417-4423}, 
year = {2008}, 
doi = {10.1093/nar/gkn409},  
URL = {http://nar.oxfordjournals.org/content/36/13/4417.abstract}, 
eprint = {http://nar.oxfordjournals.org/content/36/13/4417.full.pdf+html}, 
journal = {Nucleic Acids Research} 
}

@article{Walter:2007,
  title={{SNPs Matter: Impact on Detection of Differential Expression}},
  author={Walter, Nicole AR and McWeeney, Shannon K and Peters, Sandra T and Belknap, John K and Hitzemann, Robert and Buck, Kari J},
  journal={Nature Methods},
  volume={4},
  number={9},
  pages={679--680},
  year={2007},
  publisher={Nature Publishing Group}
}

@article{Alberts:2007,
  title={{Sequence Polymorphisms Cause Many False Cis eQTLs}},
  author={Alberts, Rudi and Terpstra, Peter and Li, Yang and Breitling, Rainer and Nap, Jan-Peter and Jansen, Ritsert C},
  journal={PloS ONE},
  volume={2},
  number={7},
  pages={e622},
  year={2007},
  publisher={Public Library of Science}
}

@Article{Benilton:2010,
    author = {Benilton S Carvalho and Rafael A. Irizarry},
    title = {{A Framework for Oligonucleotide Microarray Preprocessing}},
    journal = {Bioinformatics},
    year = {2010},
    issn = {1367-4803},
    doi = {http://dx.doi.org/10.1093/bioinformatics/btq431},
    publisher = {Oxford University Press},
    address = {Oxford, UK},
  }

@article{Svenson:2012,
  title={{High-Resolution Genetic Mapping Using the Mouse Diversity Outbred Population}},
  author={Svenson, Karen L and Gatti, Daniel M and Valdar, William and Welsh, Catherine E and Cheng, Riyan and Chesler, Elissa J and Palmer, Abraham A and McMillan, Leonard and Churchill, Gary A},
  journal={Genetics},
  volume={190},
  number={2},
  pages={437--447},
  year={2012},
  publisher={Genetics Soc America}
}

@article{Consortium:2012,
  title={{The Genome Architecture of the Collaborative Cross Mouse Genetic Reference Population}},
  author={{Collaborative Cross Consortium}},
  journal={Genetics},
  volume={190},
  pages={389--401},
  year={2012},
  publisher={Genetics Soc America}
}

@article{Chia:2005,
  title={{The Origins and Uses of Mouse Outbred Stocks}},
  author={Chia, Ruth and Achilli, Francesca and Festing, Michael FW and Fisher, Elizabeth MC},
  journal={Nature Genetics},
  volume={37},
  number={11},
  pages={1181--1186},
  year={2005},
  publisher={Nature Publishing Group}
}

@article{KG:2012,
  title={{An Integrated Map of Genetic Variation From 1,092 Human Genomes}},
  author={{1000 Genomes Project Consortium}},
  journal={Nature},
  volume={491},
  pages={1},
  year={2012}
}

@article{Keane:2011,
  title={{Mouse Genomic Variation and Its Effect on Phenotypes and Gene Regulation}},
  author={Keane, Thomas M and Goodstadt, Leo and Danecek, Petr and White, Michael A and Wong, Kim and Yalcin, Binnaz and Heger, Andreas and Agam, Avigail and Slater, Guy and Goodson, Martin and others},
  journal={Nature},
  volume={477},
  number={7364},
  pages={289--294},
  year={2011},
  publisher={Nature Publishing Group}
}

@article{Irizarry:2003,
  title={{Exploration, Normalization, and Summaries of High Density Oligonucleotide Array Probe Level Data}},
  author={Irizarry, Rafael A and Hobbs, Bridget and Collin, Francois and Beazer-Barclay, Yasmin D and Antonellis, Kristen J and Scherf, Uwe and Speed, Terence P},
  journal={Biostatistics},
  volume={4},
  number={2},
  pages={249--264},
  year={2003},
  publisher={Biometrika Trust}
}

@article{Sun:2012,
  title={{Transcriptome Atlases of Mouse Brain Reveals Differential Expression Across Brain Regions and Genetic Backgrounds}},
  author={Sun, Wei and Lee, Seunggeun and Zhabotynsky, Vasyl and Zou, Fei and Wright, Fred A and Crowley, James J and Yun, Zaining and Buus, Ryan J and Miller, Darla R and Wang, Jeremy and others},
  journal={G3: Genes| Genomes| Genetics},
  volume={2},
  number={2},
  pages={203--211},
  year={2012},
  publisher={Genetics Society of America}
}
  
@article{Obenchain:2013,
author = {Obenchain, Valerie and Lawrence, Michael and Carey, Vincent and Gogarten, Stephanie and Shannon, Paul and Morgan, Martin}, 
title = {{VariantAnnotation: A Bioconductor Package for Exploration and Annotation of Genetic Variants.}},
year = {2014}, 
doi = {10.1093/bioinformatics/btu168}, 
URL = {http://bioinformatics.oxfordjournals.org/content/early/2014/03/28/bioinformatics.btu168.abstract}, 
journal = {Bioinformatics} 
}
  
  @Manual{Pages:2013a,
    title = {{BSgenome: Infrastructure for Biostrings-Based Genome Data Packages}},
    author = {Pages, Herve},
    note = {R package version 1.30.0},
     year={2013}
  }
  
  @Manual{Pages:2013b,
    title = {{Biostrings: String Objects Representing Biological Sequences, and Matching Algorithms}},
    author = {Pages, H. and Aboyoun, P. and Gentleman, R. and DebRoy, S.},
    note = {R package version 2.30.0},
     year={2013}
  }
  
  @Manual{Stratowa:2014,
    title = {{xps: Processing and Analysis of Affymetrix Oligonucleotide Arrays
including Exon Arrays, Whole Genome Arrays and Plate Arrays}},
    author = {Christian Stratowa and {Vienna} and {Austria}},
    year={2013}
  }
@book{Pages:2013a,
author = {H.~{Pages}},
title = {{BSgenome: Infrastructure for Biostrings-Based Genome Data Packages, }},
publisher = {R package version 1.30.0},
year = {2013}
}
@book{Pages:2013b,
author = {H.~{Pages, P.~Aboyoun, R.~Gentleman, and S.~DebRoy}},
title = {{Biostrings: String Objects Representing Biological Sequences, and Matching Algorithms, }},
publisher = {R package version 2.30.0},
year = {2013}
}
@book{Stratowa:2014,
author = {C.~{Stratowa, {Vienna}, and {Austria}}},
title = {{xps: Processing and Analysis of Affymetrix Oligonucleotide}},
publisher = {Arrays including Exon Arrays Whole Genome Arrays and Plate Arrays},
year = {2013}
}

