@book{Araietal09,
author = {M.~{Arai, J.~Karlsson, and M.~Lundholm}},
title = {{On fragile grounds: A replication of Are Muslim immigrants different in terms of cultural integration?}},
publisher = {Accepted for publication in the Journal of the European EconomicAssociation},
year = {2009},
url = {http://www.eeassoc.org/index.php?site=JEEA&page=55}
}
@book{Buckheit95,
author = {J.~B. {Buckheit and D.~L. Donoho}},
title = {{WaveLab and reproducible research}},
publisher = {In A.~Antoniadis and G.~Oppenheim editors Wavelets andstatistics Lecture notes in statistics 103 pages  Springer Verlag},
pages = {55--81},
year = {1995}
}
@book{Gentleman05,
author = {R.~{Gentleman}},
title = {{Reproducible research: A bioinformatics case study}},
year = {2005},
url = {http://www.bioconductor.org/docs/papers/2003/Compendium/Golub.pdf}
}
@book{Gentleman04,
author = {R.~{Gentleman and D.~T. Lang}},
title = {{Statistical analyses and reproducible research}},
publisher = {Journal of Computational and Graphical Statistics,16:},
pages = {1--23},
year = {2007},
url = {http://pubs.amstat.org/doi/pdfplus/10.1198/106186007X178663}
}
@book{Goossens94,
author = {M.~{Goossens, F.~Mittelbach, and A.~Samarin}},
title = {{The LaTeX Companion}},
publisher = {Ad-di-son-Wes-ley Reading MA USA second edition},
year = {1994}
}
@book{Hothorn06,
author = {T.~{Hothorn}},
title = {{Praktische aspekte der reproduzierbarkeit statistischer analysen in klinischen studien}},
publisher = {Institut f"ur Medizininformatik Biometrie und Epidemiologie,Friedrich-Alexander-Universit"at Erlangen-N"urnberg   ~hothorn/talks/AV.pdf},
year = {2006},
url = {http://www.imbe.med.uni-erlangen.de/}
}
@book{Leisch02,
author = {F.~{Leisch}},
title = {{Sweave: Dynamic generation of statistical reports using literate data analysis}},
publisher = {In W.~H"ardle and y.~.~ Bernd~R"onz pages =~,editors Compstat  -- Proceedings in Computational Statistics},
pages = {575--580},
year = {2002}
}
@book{Sweave,
author = {F.~{Leisch}},
title = {{Sweave User Manual, }},
publisher = {~leisch/Sweave/Sweave-manual.pdf R version 2.7.1},
year = {2008},
url = {http://www.stat.uni-muenchen.de/}
}
@book{Lundholm10b,
author = {M.~{Lundholm}},
title = {{Are inflation forecasts from major swedish forecasters biased?}},
publisher = {Research paper in economics :10 Department of Economics,Stockholm University natexlaba},
year = {2010},
url = {http://swopec.hhs.se/sunrpe/abs/sunrpe2010_0010.htm}
}
@book{Lundholm10e,
author = {M.~{Lundholm}},
title = {{Sveriges riksbank's inflation interval forecasts --2005}},
publisher = {Research paper in economics :11 Department of Economics,Stockholm University natexlabb},
year = {2010},
url = {http://swopec.hhs.se/sunrpe/abs/sunrpe2010_0010.htm}
}
@book{sifds10,
author = {M.~{Lundholm}},
title = {{sifds: Swedish inflation forecast data set, natexlabc}},
publisher = {R package version 0.9},
year = {2010},
url = {http://www.cran.r-project.org/web/packages/sifds/index.html}
}
@book{Meredith08,
author = {E.~{Meredith and J.~S. Racine}},
title = {{Towards reproducible econometric research: The Sweave framework}},
publisher = {Journal of Applied Econometrics    Published Online: 12 Nov},
year = {2008},
url = {http://dx.doi.org/10.1002/jae.1030}
}
@book{Mittelbach05,
author = {F.~{Mittelbach, D.~Duchier, J.~Braams, M.~Woli{\'n}sky, and M.~Wooding}},
title = {{The DOCSTRIP program}},
publisher = {Version 2.5d},
year = {2005},
url = {http://tug.ctan.org/tex-archive/macros/latex/base/}
}
@book{Rising08,
author = {B.~{Rising}},
title = {{Reproducible research: Weaving with Stata}},
publisher = {StataCorp LP},
year = {2008},
url = {http://www.stata.com/meeting/italy08/rising_2008.pdf}
}




