@inproceedings{chuang1993real,
  title =	 {Real-time deques, multihead {Turing} machines, and
                  purely functional programming},
  author =	 {Chuang, Tyng-Ruey and Goldberg, Benjamin},
  booktitle =	 {Proceedings of the Conference on Functional
                  Programming Languages and Computer Architecture},
  pages =	 {289--298},
  year =	 1993
}

@INPROCEEDINGS{Kaplan95persistentdata,
  author =	 {Haim Kaplan},
  title =	 {Persistent data structures},
  booktitle =	 {Handbook on Data Structures and Applications},
  year =	 1995,
  pages =	 {241--246},
  publisher =	 {CRC Press}
}

@article{sarnak1986,
  author =	 {Sarnak, Neil and Tarjan, Robert E.},
  title =	 {Planar Point Location Using Persistent Search Trees},
  journal =	 {Communications of the ACM},
  volume =	 29,
  number =	 7,
  year =	 1986,
  pages =	 {669--679}
}

@book{cormen2001introduction,
  title =	 {Introduction to Algorithms},
  author =	 {Cormen, T.H. and Leiserson, C.E. and Rivest,
                  R.L. and Stein, C.},
  year =	 2001,
  publisher =	 {MIT Press}
}

@article{bohringer2013dynamic,
  title =	 {Dynamic Parallelization of {R} Functions},
  author =	 {B{\"o}hringer, Stefan},
  journal =	 {The R Journal},
  volume =	 5,
  number =	 2,
  pages =	 {88--96},
  year =	 2013
}

@book{okasaki1999purely,
  title =	 {Purely Functional Data Structures},
  author =	 {Okasaki, C.},
  year =	 1999,
  publisher =	 {Cambridge University Press}
}

@inproceedings{conchon2007persistent,
  title =	 {A persistent union-find data structure},
  author =	 {Conchon, Sylvain and Filli{\^a}tre, Jean-Christophe},
  booktitle =	 {Proceedings of the 2007 Workshop on ML},
  pages =	 {37--46},
  year =	 2007,
  organization = {ACM}
}

@article{grether2012simulation,
  title =	 {Simulation of urban traffic control: A queue model
                  approach},
  author =	 {Grether, D and Neumann, Andreas and Nagel, Kai},
  journal =	 {Procedia Computer Science},
  volume =	 10,
  pages =	 {808--814},
  year =	 2012,
  publisher =	 {Elsevier}
}

@article{okasaki1995simple,
  title =	 {Simple and efficient purely functional queues and
                  deques},
  author =	 {Okasaki, Chris},
  journal =	 {Journal of Functional Programming},
  volume =	 5,
  number =	 04,
  pages =	 {583--592},
  year =	 1995,
  publisher =	 {Cambridge Univ Press}
}

@article{burton1982efficient,
  title =	 {An efficient functional implementation of {FIFO}
                  queues},
  author =	 {Burton, F Warren},
  journal =	 {Information Processing Letters},
  volume =	 14,
  number =	 5,
  pages =	 {205--206},
  year =	 1982,
  publisher =	 {Elsevier}
}

@book{paulson1996ml,
  title =	 {ML for the Working Programmer},
  author =	 {Paulson, L.C.},
  year =	 1996,
  publisher =	 {Cambridge University Press}
}

@Article{rcpp,
  title =	 {{Rcpp}: Seamless {R} and {C++} Integration},
  author =	 {Dirk Eddelbuettel and Romain Fran\c{c}ois},
  journal =	 {Journal of Statistical Software},
  year =	 2011,
  volume =	 40,
  number =	 8,
  pages =	 {1--18}
}

@Book{rcpp2,
  title =	 {Seamless {R} and {C++} Integration with {Rcpp}},
  author =	 {Dirk Eddelbuettel},
  publisher =	 {Springer},
  address =	 {New York},
  year =	 2013,
}

@article{mcnamara2000functional,
  title =	 {Functional programming in {C++}},
  author =	 {McNamara, Brian and Smaragdakis, Yannis},
  journal =	 {ACM SIGPLAN Notices},
  volume =	 35,
  number =	 9,
  pages =	 {118--129},
  year =	 2000,
  publisher =	 {ACM}
}

@Manual{hashpackage,
  title =	 {hash: Full Feature Implementation of Hash/Associated
                  Arrays/Dictionaries},
  author =	 {Christopher Brown},
  year =	 2013,
  note =	 {R package version 2.2.6},
  url =		 {http://CRAN.R-project.org/package=hash},
}

@Manual{dplyr,
  title =	 {dplyr: A Grammar of Data Manipulation},
  author =	 {Hadley Wickham and Romain Francois},
  year =	 2015,
  note =	 {R package version 0.4.2},
  url =		 {http://CRAN.R-project.org/package=dplyr},
}

@Manual{microbenchmark,
  title =	 {microbenchmark: Accurate Timing Functions},
  author =	 {Olaf Mersmann},
  year =	 2014,
  note =	 {R package version 1.4-2},
  url =		 {http://CRAN.R-project.org/package=microbenchmark},
}

@Book{ggplot2,
  author =	 {Hadley Wickham},
  title =	 {ggplot2: Elegant Graphics for Data Analysis},
  publisher =	 {Springer},
  address =	 {New York},
  year =	 2009,
  url =		 {http://had.co.nz/ggplot2/book},
}

