@Article{Anafi+Francey+Hogenesch+Kim:2017,
   author = {Ron C Anafi and Lauren J Francey and John B Hogenesch and Junhyong Kim},
   title = {{CYCLOPS} Reveals Human Transcriptional Rhythms in Health and Disease},
   year={2017},
   journal = {Proceedings of the National Academy of Sciences},
   volume = {114},
   number = {20},
   pages = {5312-5317},
   url = {https://doi.org/10.1073/pnas.1619320114}
}

@Manual{Auguie:2017,
  title = {{gridExtra}: Miscellaneous Functions for Grid Graphics},
  author = {Baptiste Auguie},
  year = {2017},
  note = {R package version 2.3},
  url = {https://CRAN.R-project.org/package=gridExtra},
}

@Book{Bayes:2007,
   author = {Antoni {Bayes de Luna}},
   title = {Basic Electrocardiography: Normal and Abnormal ECG Patterns},
   year = {2007},
   publisher = {John Wiley \& Sons, Ltd},
   url = {https://doi.org/10.1002/9780470692622},
}

@Book{Boashash:2016,
  author = {Boualem Boashash},
  title = {Time-Frequency Signal Analysis and Processing: A Comprehensive Reference},
  year = {2016},
  edition = {2nd},
  publisher = {Academic Press},
  address = {San Francisco, CA},
}

@Article{Calucci+Kris+Li+al:2020,
  author = {Matthew Carlucci and Algimantas Kri\v{s}\v{c}i\={u}nas and Haohan Li and Povilas Gibas and Karolis Koncevi\v{c}ius and Art Petronis and Gabriel Oh},
  title = {{DiscoRhythm}: An Easy-To-Use Web Application And {R} Package for Discovering Rhythmicity},
  year = {2020},
  journal = {Bioinformatics},
  volume = {36},
  number = {6},
  pages = {1952–1954},
  url = {https://doi.org/10.1093/bioinformatics/btz834},
}

@Article{Caro+Delgado+Gruart+Sanchez:2018,
  author = {Caro-Mart{\'\i}n and Delgado-Garc{\'\i}a and Gruart and S{\'a}nchez-Campusano},  
  title = {Spike Sorting Based on Shape, Phase, and Distribution Features, and {K-TOPS} Clustering with Validity and Error Indices},
  year = {2018},
  journal = {Scientific Reports},
  volume = {8},
  number = {1},
  pages = {1-28},
  url = {https://doi.org/10.1038/s41598-018-35491-4},
}

@Manual{Chang+Cheng+Allaire+etal:2021,
  title = {shiny: Web Application Framework for R},
  author = {Winston Chang and Joe Cheng and JJ Allaire and Carson Sievert and Barret Schloerke and Yihui Xie and Jeff Allen and Jonathan McPherson and Alan Dipert and Barbara Borges},
  year = {2021},
  note = {R package version 1.6.0},
  url = {https://CRAN.R-project.org/package=shiny},
}

@Article{Cornelissen:2014,
  author = {Germaine Cornelissen},
  title = {Cosinor-Based Rhythmometry},
  year = {2014},
  journal = {Theoretical Biology and Medical Modelling},
  volume = {11},
  pages = {16},
  url = {https://doi.org/10.1186/1742-4682-11-16},
}

@Article{Downs+Mardia:2002,
    author = {Thomas D. Downs and Kanti V. Mardia},
    title = {Circular Regression},
    year = {2002},
    journal = {Biometrika},
    volume = {89},
    number = {3},
    pages = {683-698},
    url = {https://doi.org/10.1093/biomet/89.3.683},
}

@Manual{Fernandez+etal:2021,
  title = {{FMM}: Rhythmic Patterns Modeling by {FMM} Models},
  author = {Itziar Fern{\'a}ndez and Alejandro Rodr{\'i}guez-Collado and Yolanda Larriba and Adrian Lamela and Christian Canedo and Cristina Rueda},
  year = {2021},
  note = {R package version 0.3.0},
  url = {https://CRAN.R-project.org/package=FMM},
}

@Book{Gerstner+Kistler+Naud+Paninski:2014,
  author = {Wulfram Gerstner and Werner M Kistler and Richard Naud and Liam Paninski},
  title = {Neuronal Dynamics: From Single Neurons to Networks and Models of Cognition},
  year={2014},
  publisher = {Cambridge University Press},
  url = {https://doi.org/10.1017/CBO9781107447615},
}

@Manual{Gierke+Helget+Cronelissen:2018,
    title = {{CATkit}: Chronomics Analysis Toolkit (CAT): Periodicity Analysis},
    author = {Cathy Lee Gierke and Ruth Helget and Germaine Cornelissen-Guillaume},
    year = {2018},
    note = {R package version 3.3.3},
    url = {https://CRAN.R-project.org/package=CATkit},
}

@Article{Goldberger+Amaral+Glass+Hausdorff+etal:2000,
  author = {Ary L Goldberger and Luis A Amaral and Leon Glass and Jeffrey M Hausdorff and Plamen C Ivanov and Roger G Mark and Joseph E Mietus and George B Moody and Chung-Kang Peng and H Eugene Stanley},
  title = {{PhysioBank}, {PhysioToolkit}, and {PhysioNet}: Components of a New Research Resource for Complex Physiologic Signals},
  year = {2000},
  journal = {Circulation},
  volume = {101},
  number = {23},
  pages = {E215-20},
  url = {https://doi.org/10.1161/01.cir.101.23.e215},
}

@Article{Gouwens+Sorense+Berg+al:2019,
 author = {Nathan W Gouwens and Staci A Sorense and Jim Berg and Changkyu Lee and others},
  title = {Classification of Electrophysiological and Morphological Neuron Types in the Mouse Visual Cortex},
 year = {2019},
 journal = {Nature Neuroscience},
 volume = {22},
 pages = {1182–1195},
 url = {https://doi.org/10.1038/s41593-019-0417-0},
}

@Article{Hodgkin+Huxley:1952,
  author = {Alan L Hodgkin and Andrew F Huxley},  
  title = {A Quantitative Description of Membrane Current and Its Application to Conduction and Excitation in Nerve},
  year = {1952},
  journal = {The Journal of Physiology},
  volume = {117},
  number = {4},
  pages = {500-544},
  url = {https://doi.org/10.1113/jphysiol.1952.sp004764},
}

@Article{Hughes+Hogenesch+Kornacker:2010,
  author = {Michael E. Hughes and John B. Hogenesch and Karl Kornacker},
  title = {{JTK\_CYCLE}: An Efficient Nonparametric Algorithm for Detecting Rhythmic Components in Genome Scale Data Sets},
  year = {2010},
  journal = {Journal of Biological Rhythms},
  volume = {25},
  number = {5},
  pages = {372-380},
  url = {https://doi.org/10.1177/0748730410379711},
}

@Article{Kato+Shimizu+Shieh:2008,
    author = {Shogo Kato and Kunio Shimizu and Grace S. Shieh},
    title = {A Circular - Circular Regression Model},
    year = {2008},
    journal = {Statistica Sinica},
    volume = {18},
    number = {2},
    pages = {633-645},
    url = {https://www.jstor.org/stable/24308499},
}

@Inproceedings{Laguna+Mark+Goldberg+Moody:1997,
  title = {A Database for Evaluation of Algorithms for Measurement of QT and Other Waveform Intervals in the ECG},
  author = {Pablo Laguna and Roger G Mark and A Goldberg and George B Moody},
  booktitle = {Computers in Cardiology 1997},
  pages = {673-676},
  year = {1997},
  organization = {IEEE},
  url = {https://doi.org/10.1109/CIC.1997.648140},
}

@Article{Larriba+Rueda+Fernandez+Peddada:2018,
    author = {Yolanda Larriba and Cristina Rueda and Miguel A Fern\'andez and Shyamal D Peddada},
    title = {A Bootstrap Based Measure Robust to the Choice of Normalization Methods for Detecting Rhythmic Features in High Dimensional Data},
    year = {2018},
    journal = {Frontiers in Genetics},
    volume = {9},
    pages = {24},
    url = {https://doi.org/10.3389/fgene.2018.00024}
}

@Article{Larriba+Rueda+Fernandez+Peddada:2020,
  author = {Yolanda Larriba and Cristina Rueda and Miguel A Fern\'andez and Shyamal D Peddada},
  title = {Order Restricted Inference in Chronobiology},
  year = {2020},
  journal = {Statistics in Medicine},
  volume = {39},
  number = {3},
  pages = {265-278},
  url = {https://doi.org/10.1002/sim.8397},
}

@Article{Lynch+Houghton:2015, 
  author = {Eoin P Lynch and Conor J Houghton}, 
  title = {Parameter Estimation of Neuron Models Using In-Vitro and In-Vivo Electrophysiological Data}, 
  journal = {Frontiers in Neuroinformatics},
  volume = {9},
  pages = {10},
  year = {2015},
  url = {https://doi.org/10.3389/fninf.2015.00010},      
}

@Article{Meek+Morris:2002,
	author = {Meek, Steve and Morris, Francis},
	title = {Introduction. {I—Leads}, rate, rhythm, and cardiac axis},
	volume = {324},
	number = {7334},
	pages = {415-418},
	year = {2002},
	doi = {10.1136/bmj.324.7334.415},
	publisher = {British Medical Journal Publishing Group},
	issn = {0959-8138},
	journal = {BMJ}
}

@Article {Mermet+Yeung+Naef:2017,
	author = {J\'er\hat{o}me Mermet and Jake Yeung and Felix Naef},
	title = {Systems Chronobiology: Global Analysis of Gene Regulation in a 24-Hour Periodic World},
	year = {2017},
	journal = {Cold Spring Harbor Perspectives in Biology},
	number = {3},
	volume = {9},
	url = {https://doi.org/10.1101/cshperspect.a028720},
}

@Article{Mosher+Wei+Kaminski+Nandi+Mamelak+Anastassiou+Rutishauser:2020,
 author = {Clayton P Mosher and Yina Wei and Jan Kami\'nski and Anirban Nandi and Adam N Mamelak and Costas A Anastassiou and Ueli Rutishauser}, 
 title = {Cellular Classes in the Human Brain Revealed In Vivo by Heartbeat-Related Modulation of the Extracellular Action Potential Waveform},
 year = {2020},
 journal = {Cell Reports},
 volume = {30},
 number = {10},
 pages = {3536-3551.e6},
 url = {https://doi.org/10.1016/j.celrep.2020.02.027},
}

@Article{Moskon:2020,
  author = {Miha Moskon},  
  title = {{CosinorPy}: A python Package for Cosinor-Based Rhythmometry},
  year = {2020},
  journal = {BMC Bioinformatics},
  volume = {21},
  number = {1},
  pages = {485},
  url = {https://doi.org/10.1186/s12859-020-03830-w},
}

@Manual{Mutak:2018,
  title = {{cosinor2}: Extended Tools for Cosinor Analysis of Rhythms},
  author = {Augustin Mutak},
  year = {2018},
  note = {R package version 0.2.1},
  url = {https://CRAN.R-project.org/package=cosinor2},
}

@Article{Nelder+Mead:1965,
    author = {John A. Nelder and Roger Mead},
    title = {A Simplex Method for Function Minimization},
    year = {1965},
    journal = {The Computer Journal},
    volume = {7},
    number = {4},
    pages = {308-313},
    url = {https://doi.org/10.1093/comjnl/7.4.308},
}

@Manual{Neuwirth:2014,
    title = {{RColorBrewer}: ColorBrewer Palettes},
    author = {Erich Neuwirth},
    year = {2014},
    note = {R package version 1.1-2},
    url = {https://CRAN.R-project.org/package=RColorBrewer},
}

@Article{Parsons+Garner+Oster+Rawashdeh:2020,
    author = {Rex Parsons and Richard Parsons and Nicholas Garner and Henrik Oster and Oliver Rawashdeh},
    title = {{CircaCompare}: A Method to Estimate and Statistically Support Differences in Mesor, Amplitude and Phase, Between Circadian Rhythms},
    year = {2020},
    journal = {Bioinformatics},
    volume = {36},
    number = {4},
    pages = {1208-1212},
    url = {https://doi.org/10.1093/bioinformatics/btz730},
}

@Article{Thaben+Westermark:2014,
  author = {Paul F. Thaben and P{\\a}l O. Westermark},
  title = {Detecting Rhythms in Time Series with {RAIN}},
  year = {2014},
  journal = {Journal of Biological Rhythms},
  volume = {29},
  number = {6},
  pages = {391-400},
  url = {https://doi.org/10.1177/0748730414553029},
}

@Article{Racz+Liber+Nemeth+Fiath+Rokai+Harmati+Ulbert+Marton:2020,
  author={Melinda R{\'a}cz and Csaba Liber and Erik N{\'e}meth and Richárd Fi{\'a}th and J\'anos Rokai and Istv\'an Harmati and Istv\'an Ulbert and Gergely M{\'a}rton},  
  title = {Spike Detection and Sorting with Deep Learning},
  year = {2020},
  journal = {Journal of Neural Engineering},
  volume = {17},
  number = {1},
  pages = {016038},
  url = {https://doi.org/10.1088/1741-2552/ab4896},  
}

@Manual{Revelle:2018,
  title = {{psych}: Procedures for Psychological, Psychometric, and Personality Research},
  author = {William Revelle},
  organization = {Northwestern University},
  address = {Evanston, Illinois},
  year = {2021},
  note = {R package version 2.1.6},
  url = {https://CRAN.R-project.org/package=psych},
}

@Article{RodriguezCollado+Rueda:2021,
  author = {Alejandro Rodr{\'\i}guez-Collado and Cristina Rueda},
  title = {A Simple Parametric Representation of the {Hodgkin-Huxley} Model},
  year = {2021},
  journal = {{PLoS ONE}},
  volume = {16},
  number = {7},
  pages = {e0254152},
  url = {https://doi.org/110.1371/journal.pone.0254152},
}

@Article{RodriguezCollado+Rueda:2021b,
  author={Alejandro Rodr{\'\i}guez-Collado and Cristina Rueda},   
  title={Electrophysiological and Transcriptomic Features Reveal a Circular Taxonomy of Cortical Neurons},      
  journal={Frontiers in Human Neuroscience},      
  volume={15},      
  pages={410},     
  year={2021},      
  url={https://doi.org/10.3389/fnhum.2021.684950},      
}

@Article{Rueda+Fernandez+Larriba+Rodriguez:2021,
  title={The {FMM} Approach to Analyze Biomedical Signals: Theory, Software, Applications and Future},
  author={Rueda, Cristina and Fern{\'a}ndez, Itziar and Larriba, Yolanda and Rodr{\'\i}guez-Collado, Alejandro},
  journal={Mathematics},
  volume={9},
  number={10},
  pages={1145},
  year={2021},
  url = {https://doi.org/10.3390/math9101145},
  publisher={Multidisciplinary Digital Publishing Institute}   
}

@Article{Rueda+Larriba+Peddada:2019,
  author = {Cristina Rueda and Yolanda Larriba and Shyamal D. Peddada},
  title = {Frequency Modulated {M\"obius} Model Accurately Predicts Rhythmic Signals in Biological and Physical Sciences},
  year = {2019},
  journal = {Scientific Reports},
  volume = {9},
  number = {1},
  pages = {18701},
  url = {https://doi.org/10.1038/s41598-019-54569-1},
}

@Article{Rueda+Larriba+Lamela:2021,
  author={Cristina Rueda and Yolanda Larriba and Adri{\'a}n Lamela},  
  title={The Hidden Waves in the {ECG} Uncovered Revealing a Sound Automated Interpretation Method},
  year = {2021},
  journal = {Scientific Reports},
  volume = {11},
  pages = {3724},
  url = {https://doi.org/10.1038/s41598-021-82520-w},
}

@Article{Rueda+Rodriguez+Larriba:2021,
   author={Cristina Rueda and Alejandro Rodr\'iguez-Collado and Yolanda Larriba},   
   title={A Novel Wave Decomposition for Oscillatory Signals},  
   year={2021},
   journal={IEEE Transactionns on Signal Processing},
   volume = {69},
   pages = {960-972},
   url = {https://doi.org/10.1109/TSP.2021.3051428},
}

@Manual{Sachs:2014,
  title = {{cosinor}: Tools for estimating and predicting the cosinor model},
  author = {Michael Sachs},
  year = {2014},
  note = {R package version 1.1},
  url = {https://CRAN.R-project.org/package=cosinor},
}

@Manual{Shah:2020,
  title = {{card}: Cardiovascular and Autonomic Research Design},
  author = {Anish S. Shah},
  year = {2020},
  note = {R package version 0.1.0},
  url = {https://CRAN.R-project.org/package=card},
}

@Article{Singer+Hughey:2019,
 author = {Jordan M. Singer and Jacob J. Hughey},
 title ={{LimoRhyde}: A Flexible Approach for Differential Analysis of Rhythmic Transcriptome Data},
 journal = {Journal of Biological Rhythms},
 volume = {34},
 number = {1},
 pages = {5-18},
 year = {2019},
 url = {https://doi.org/10.1177/0748730418813785},
}

@Article{Souza+Lopes+Bacelo+Tort:2019,
  author = {Bryan C Souza and V{\'\i}tor Lopes-dos-Santos and Jo{\~a}o Bacelo and Adriano BL Tort},  
  title = {Spike Sorting with {Gaussian} Mixture Models},
  year={2019},
  journal = {Scientific Reports},
  volume = {9},
  number = {1},
  pages = {1-14},
  url = {https://doi.org/10.1038/s41598-019-39986-6},
}
  
@Article{Teeter+Iyer+Menon+al:2018,
  author = {Corinne Teeter and Ramakrishnan Iyer and Vilas Menon and Nathan Gouwens and David Feng and Jim Berg and Aaron Szafer and Nicholas Cain and Hongkui Zeng and Michael Hawrylycz and Christof Koch and Stefan Mihalas},
  title = {Generalized Leaky Integrate-and-Fire Models Classify Multiple Neuron Types},
  year = {2018},
  journal = {Nature Communications},
  volume = {9},
  number = {1},
  pages = {1-15},
  url = {https://doi.org/10.1038/s41467-017-02717-4},
}

@Manual{Weston:2020,
    title = {{doParallel}: Foreach Parallel Adaptor for the 'parallel' Package},
    author = {Microsoft Corporation and Steve Weston},
    year = {2020},
    note = {R package version 1.0.16},
    url = {https://CRAN.R-project.org/package=doParallel},
}

@Book{Wickham:2016,
    author = {Hadley Wickham},
    title = {{ggplot2}: Elegant Graphics for Data Analysis},
    publisher = {Springer-Verlag New York},
    year = {2016},
    isbn = {978-3-319-24277-4},
    url = {https://ggplot2.tidyverse.org},
}

@Article{Zhang+Lahens+Ballance+Hughes+Hogenesch:2014,
  author = {Ray Zhang and Nicholas F Lahens and Heather I Ballance and Michael E Hughes and John B Hogenesch},
  title = {A Circadian Gene Expression Atlas in Mammals: Implications for Biology and Medicine},
  year = {2014},
  journal = {Proceedings of the National Academy of Sciences},
  volume = {111},
  number = {45},
  pages = {16219-16224},
  url = {https://doi.org/10.1073/pnas.1408886111},
}
