@Book{vynnycky2010introduction,
  title = {An Introduction to Infectious Disease Modelling},
  author = {Emilia Vynnycky and Richard White},
  year = {2010},
  publisher = {OUP Oxford},
}

@Book{anderson1992infectious,
  title = {Infectious Diseases of Humans: Dynamics and Control},
  author = {Roy M Anderson and Robert M May and B Anderson},
  year = {1991},
  publisher = {Oxford University Press},
  address = {Oxford, UK.},
}

@Book{duggan2016,
  title = {{System Dynamics Modeling with R}},
  author = {Jim Duggan},
  year = {2016},
  publisher = {Springer-Verlag},
  address = {Switzerland},
  url = {https://doi.org/10.1007/978-3-319-34043-2},
}

@Book{sterman2000business,
  title = {{Business Dynamics: Systems Thinking and Modeling for a Complex World}},
  author = {John D Sterman},
  volume = {19},
  year = {2000},
  publisher = {Irwin/McGraw-Hill Boston},
  address = {New York},
}

@Book{keeling2008modeling,
  title = {Modeling Infectious Diseases in Humans and Animals},
  author = {Matt J Keeling and Pejman Rohani},
  year = {2008},
  publisher = {Princeton University Press},
  address = {Princeton, New Jersey 08540},
}

@Book{chambers2008software,
  title = {{Software for Data Analysis: Programming with R}},
  author = {John Chambers},
  year = {2008},
  publisher = {Springer-Verlag},
  address = {New York, NY},
  url = {https://doi.org/10.1007/978-0-387-75936-4},
}

@Book{matloff2011art,
  title = {The Art of R Programming: A Tour of Statistical Software Design},
  author = {Norman Matloff},
  year = {2011},
  publisher = {No Starch Press},
  address = {San Francisco, CA 94103 USA},
}

@Book{Bivand2013,
  author = {Roger S. Bivand and Edzer Pebesma and Virgilio G{\'o}mez-Rubio},
  title = {Applied Spatial Data Analysis with R},
  year = {2013},
  publisher = {Springer-Verlag},
  address = {New York, NY},
}

@Article{bass1969new,
  author = {Frank M. Bass},
  title = {A New Product Growth for Model Consumer Durables},
  journal = {Management Science},
  volume = {15},
  number = {5},
  pages = {215-227},
  year = {1969},
  url = {https://doi.org/10.1287/mnsc.15.5.215},
}

@Article{borgdorff1999transmission,
  title = {Transmission of Tuberculosis between People of Different Ages in The Netherlands: An Analysis Using DNA Fingerprinting},
  author = {MW Borgdorff and NJD Nagelkerke and D {Van Soolingen} and JF Broekmans},
  journal = {The International Journal of Tuberculosis and Lung Disease},
  volume = {3},
  number = {3},
  pages = {202--206},
  year = {1999},
  publisher = {International Union Against Tuberculosis and Lung Disease},
}

@Article{eberlein2013xmile,
  title = {XMILE: a New Standard for System Dynamics},
  author = {Robert L Eberlein and Karim J Chichakly},
  journal = {System Dynamics Review},
  volume = {29},
  number = {3},
  pages = {188--195},
  year = {2013},
  publisher = {John Wiley \& Sons},
  url = {https://doi.org/10.1002/sdr.1504},
}

@Article{ford2005statistical,
  title = {Statistical Screening of System Dynamics Models},
  author = {Andrew Ford and Hilary Flynn},
  journal = {System Dynamics Review},
  volume = {21},
  number = {4},
  pages = {273--303},
  year = {2005},
  publisher = {John Wiley \& Sons},
  url = {https://doi.org/10.1002/sdr.322},
}

@Article{mossong2008social,
  title = {Social Contacts and Mixing Patterns Relevant to the Spread of Infectious Diseases},
  author = {Jo{\"e}l Mossong and Niel Hens and Mark Jit and Philippe Beutels and Kari Auranen and Rafael Mikolajczyk and Marco Massari and Stefania Salmaso and Gianpaolo Scalia Tomba and Jacco Wallinga and {others}},
  journal = {PLoS Med},
  volume = {5},
  number = {3},
  pages = {e74},
  year = {2008},
  publisher = {Public Library of Science},
  url = {https://doi.org/10.1371/journal.pmed.0050074},
}

@Article{norton1987diffusion,
  title = {A Diffusion Theory Model of Adoption and Substitution for Successive Generations of High-Technology Products},
  author = {John A Norton and Frank M Bass},
  journal = {Management science},
  volume = {33},
  number = {9},
  pages = {1069--1086},
  year = {1987},
  publisher = {INFORMS},
  url = {https://doi.org/10.1287/mnsc.33.9.1069},
}

@Article{RS08,
  title = {Heterogeneity and Network Structure in the Dynamics of Diffusion: Comparing Agent-Based and Differential Equation Models},
  author = {Hazhir Rahmandad and John Sterman},
  journal = {Management Science},
  volume = {54},
  number = {5},
  pages = {998--1014},
  year = {2008},
  publisher = {INFORMS},
}

@Article{soetaert2010solving,
  title = {{Solving Differential Equations in R: Package deSolve}},
  author = {KER Soetaert and Thomas Petzoldt and R Woodrow Setzer},
  journal = {Journal of Statistical Software},
  volume = {33},
  year = {2010},
}

@Article{2016-43-wickham2014tidy,
  title = {Tidy Data},
  author = {Hadley Wickham},
  journal = {Journal of Statistical Software},
  volume = {59},
  number = {10},
  year = {2014},
}

@Article{meyer2014power,
  title = {Power-Law Models for Infectious Disease Spread},
  author = {Sebastian Meyer and Leonhard Held and {others}},
  journal = {The Annals of Applied Statistics},
  volume = {8},
  number = {3},
  pages = {1612--1639},
  year = {2014},
  publisher = {Institute of Mathematical Statistics},
  url = {https://doi.org/10.1214/14-aoas743},
}

@Article{brockmann2006scaling,
  title = {The Scaling Laws of Human Travel},
  author = {Dirk Brockmann and Lars Hufnagel and Theo Geisel},
  journal = {Nature},
  volume = {439},
  number = {7075},
  pages = {462--465},
  year = {2006},
  publisher = {Nature Publishing Group},
}

@Manual{BASSRPK,
  title = {BASS R Package},
  author = {Tomasz Bartlomowicz},
  year = {2012},
  note = {R package version 1.04},
  url = {http://keii.ue.wroc.pl/BASS/BASS_1.04.pdf},
}

@Manual{deSolvePK,
  title = {deSolve: Solvers for Initial Value Problems of Differential Equations (ODE, DAE, DDE)},
  author = {Karline Soetaert and Thomas Petzoldt and R. Woodrow Setzer},
  year = {2016},
  note = {R package version 1.14},
  url = {https://cran.r-project.org/package=deSolve},
}

@Manual{epiD,
  title = {EpiDynamics: Dynamic Models in Epidemiology},
  author = {Oswaldo Santos Baquero and Fernando Silveira Marques},
  year = {2015},
  note = {R package version 0.3.0},
  url = {https://cran.r-project.org/package=EpiDynamics},
}

@Manual{epiModel,
  title = {EpiModel: Mathematical Modeling of Infectious Disease},
  author = {Samuel Jenness and Steven M. Goodreau and Martina Morris and Emily Beylerian and Skye Bender-deMoll and Kevin Weiss},
  year = {2016},
  note = {R package version 1.2.8},
  url = {https://cran.r-project.org/package=EpiModel},
}

@Article{vynnycky2008analyses,
  title = {{Analyses of the 1957 (Asian) Influenza Pandemic in the United Kingdom and the Impact of School Closures}},
  author = {E Vynnycky and WJ Edmunds},
  journal = {Epidemiology and infection},
  volume = {136},
  number = {2},
  pages = {166--179},
  year = {2008},
  publisher = {Cambridge Univ Press},
}

@Article{lane2006,
  title = {{IFORS} Operational Research {Hall of Fame Jay Wright Forrester}},
  author = {David C Lane},
  journal = {International Transactions in Operational Research},
  volume = {13},
  number = {5},
  pages = {483--492},
  year = {2006},
  publisher = {John Wiley \& Sons},
}

@Article{mungovan2011influence,
  title = {The Influence of Random Interactions and Decision Heuristics on Norm Evolution in Social Networks},
  author = {Declan Mungovan and Enda Howley and Jim Duggan},
  journal = {Computational and Mathematical Organization Theory},
  volume = {17},
  number = {2},
  pages = {152--178},
  year = {2011},
  publisher = {Springer-Verlag},
  url = {https://doi.org/10.1007/s10588-011-9085-7},
}

@Article{liu2012co,
  title = {Co-Evolutionary Analysis: a Policy Exploration Method for System Dynamics Models},
  author = {Hongliang Liu and Enda Howley and Jim Duggan},
  journal = {System Dynamics Review},
  volume = {28},
  number = {4},
  pages = {361--369},
  year = {2012},
  publisher = {John Wiley \& Sons},
  url = {https://doi.org/10.1002/sdr.1482},
}

@InProceedings{li2005effectively,
  title = {Effectively Teaching Coding Standards in Programming},
  author = {Xiaosong Li and Christine Prasad},
  booktitle = {Proceedings of the 6th Conference on Information Technology Education},
  pages = {239--244},
  year = {2005},
  organization = {ACM},
}
