@Manual{R,
  title = {R: A Language and Environment for Statistical Computing},
  author = {{R Core Team}},
  organization = {R Foundation for Statistical Computing},
  address = {Vienna, Austria},
  year = {2016},
  note = {{ISBN} 3-900051-07-0},
  url = {http://www.R-project.org/},
}

@Manual{dusa2018,
  title = {Venn: Draw Venn Diagrams},
  author = {Adrian Dușa},
  year = {2018},
  note = {R package version 1.7},
  url = {https://CRAN.R-project.org/package=venn},
}

@Manual{stiehl2016,
  author = {William Stiehl},
  year = {2016},
  title = {Truth Table Logic Optimizer},
  note = {R Package Version 1.0.0},
  url = {https://CRAN.R-project.org/package=LogicOpt},
}

@Book{brayton1984,
  author = {Robert King Brayton and Alberto L. Sangiovanni-Vincentelli and Curtis T. McMullen and Gary D. Hachtel},
  title = {Logic Minimization Algorithms for VLSI Synthesis},
  year = {1984},
  isbn = {0898381649},
  address = {Norwell, MA, USA},
  publisher = {Kluwer Academic Publishers},
}

@Book{ragin1987,
  author = {Charles Ragin},
  title = {The Comparative Method. {M}oving beyond Qualitative and Quantitative Strategies},
  year = {1987},
  address = {Berkeley, Los Angeles \& London},
  publisher = {University Of California Press},
}

@Book{ragin2000,
  author = {Charles Ragin},
  title = {Fuzzy Set Social Science},
  year = {2000},
  address = {Chicago and London},
  publisher = {University of Chicago Press},
}

@Book{thiem+dusa2013,
  author = {Alrik Thiem and Adrian Dușa},
  title = {Qualitative Comparative Analysis with R. A User's Guide},
  year = {2013},
  address = {New York and Heidelberg and Dordrecht and London},
  publisher = {Springer-Verlag},
  url = {https://doi.org/10.1007/978-1-4614-4584-5},
}

@InCollection{cbs2009,
  author = {Lasse Cronqvist and Dirk Berg-Schlosser},
  year = {2009},
  title = {{Multi-Value QCA (mvQCA)}},
  booktitle = {Configurational Comparative Methods: Qualitative Comparative Analysis ({QCA}) and Related Techniques},
  editor = {Benoît Rihoux and Charles C. Ragin},
  publisher = {Sage Publications},
  address = {London},
  pages = {69--86},
}

@InCollection{ragin+sonnett2005,
  author = {Charles C. Ragin and John Sonnett},
  title = {Between Complexity and Parsimony: Limited Diversity, Counterfactual Cases, and Comparative Analysis},
  editor = {S. Kropp and M. Minkenberg},
  booktitle = {Vergleichen in Der {P}olitikwissenschaft},
  publisher = {VS Verlag für Sozialwissenschaften},
  year = {2005},
  url = {https://doi.org/10.1007/978-3-322-80441-9_9},
}

@Book{dusa2019,
  author = {Adrian Dușa},
  year = {2019},
  title = {QCA with R. A Comprehensive Resource},
  address = {New York},
  publisher = {Springer-Verlag},
  url = {https://doi.org/10.1007/978-3-319-75668-4},
}

@Article{dusa2010,
  author = {Adrian Dușa},
  year = {2010},
  title = {A Mathematical Approach to the Boolean Minimization Problem},
  journal = {Quality \& Quantity},
  volume = {44},
  number = {1},
  pages = {99--113},
  url = {https://doi.org/10.1007/s11135-008-9183-x},
}

@Article{dusa+thiem2015,
  author = {Adrian Dușa and Alrik Thiem},
  year = {2015},
  title = {Enhancing the Minimization of {B}oolean and Multivalue Output Functions with e{QMC}},
  journal = {Journal of Mathematical Sociology},
  volume = {39},
  pages = {92--108},
  url = {https://doi.org/10.1080/0022250x.2014.897949},
}

@Article{mccluskey1956,
  author = {Edward J. McCluskey},
  title = {Minimization of Boolean Functions},
  journal = {The Bell System Technical Journal},
  volume = {5},
  year = {1956},
  pages = {1417-1444},
}

@Article{quine1952,
  author = {Willard Van Orman Quine},
  title = {The Problem of Simplifying Truth Functions},
  journal = {The American Mathematical Monthly},
  volume = {59},
  year = {1952},
  pages = {521-531},
  number = {8},
}

@Article{quine1955,
  author = {Willard Van Orman Quine},
  title = {A Way to Simplify Truth Functions},
  journal = {The American Mathematical Monthly},
  volume = {62},
  year = {1955},
  pages = {627-631},
  number = {9},
}

@Article{thiem+dusa2012,
  author = {Alrik Thiem and Adrian Dușa},
  year = {2012},
  title = {{Introducing the QCA Package: A Market Analysis and Software Review}},
  journal = {Qualitative \& Multi-Method Research},
  volume = {10},
  number = {2},
  pages = {45--49},
}

@Unpublished{ragin2004,
  author = {Charles Ragin},
  title = {From Fuzzy Sets to Crisp Truth Tables},
  year = {2004},
  note = {COMPASSS Working Paper},
  url = {http://www.compasss.org/wpseries/Ragin2004.pdf},
}

@Unpublished{cronqvist2017,
  author = {Lasse Cronqvist},
  title = {{TOSMANA} - {TO}ol for {SMA}ll-{N} {A}nalysis (Version 1.54)},
  year = {2017},
  note = {University of Trier},
  url = {http://www.tosmana.net},
}
