@Manual{adler2013,
  title =	 {rgl: 3D visualization device system (OpenGL)},
  author =	 {Daniel Adler and Duncan Murdoch and {others}},
  year =	 2013,
  note =	 {R package version 0.93.963},
  url =		 {http://CRAN.R-project.org/package=rgl},
}

@Manual{agostinelli2011,
  title =	 {circular: Circular Statistics},
  author =	 {C. Agostinelli and U. Lund},
  year =	 2013,
  note =	 {R package version 0.4-7},
  url =		 {http://CRAN.R-project.org/package=circular},
}

@article{bachmann2010,
  title =	 {Inferential statistics of electron backscatter
                  diffraction data from within individual crystalline
                  grains},
  author =	 {Bachmann, F. and Hielscher, R. and Jupp, P.E. and
                  Pantleon, W. and Schaeben, H. and Wegert, E.},
  journal =	 {Journal of Applied Crystallography},
  volume =	 43,
  number =	 6,
  pages =	 {1338--1355},
  year =	 2010,
}

@article{bingham2009,
  title =	 {Modeling and Inference for Measured Crystal
                  Orientations and a Tractable Class of Symmetric
                  Distributions for Rotations in three Dimensions},
  author =	 {Bingham, Melissa A. and Nordman, Dan J. and
                  Vardeman, Steve B.},
  journal =	 {Journal of the American Statistical Association},
  volume =	 104,
  number =	 488,
  pages =	 {1385--1397},
  year =	 2009,
}

@article{bingham2009bayes,
  title =	 {Bayes one-sample and one-way random effects analyses
                  for 3-D orientations with application to materials
                  science},
  author =	 {Bingham, Melissa A and Vardeman, Stephen B and
                  Nordman, Daniel J},
  journal =	 {Bayesian Analysis},
  volume =	 4,
  number =	 3,
  pages =	 {607--629},
  year =	 2009,
}

@article{bingham2010,
  title =	 {Finite-sample investigation of likelihood and Bayes
                  inference for the symmetric von Mises--Fisher
                  distribution},
  author =	 {Bingham, Melissa A and Nordman, Daniel J and
                  Vardeman, Stephen B},
  journal =	 {Computational Statistics \& Data Analysis},
  volume =	 54,
  number =	 5,
  pages =	 {1317--1327},
  year =	 2010,
}

@article{bingham2010b,
  title =	 {A statistical analysis of the variation in measured
                  crystal orientations obtained through electron
                  backscatter diffraction},
  author =	 {Bingham, Melissa A and Lograsso, Barbara K and
                  Laabs, Francis C},
  journal =	 {Ultramicroscopy},
  volume =	 110,
  number =	 10,
  pages =	 {1312--1319},
  year =	 2010,
}

@article{chang2001,
  title =	 {M-estimation for location and regression parameters
                  in group models: A case study using {S}tiefel
                  manifolds},
  author =	 {Chang, Ted and Rivest, Louis-Paul},
  journal =	 {Annals of statistics},
  volume =	 29,
  number =	 3,
  pages =	 {784--814},
  year =	 2001,
}

@article{downs1972,
  title =	 {Orientation Statistics},
  author =	 {Downs, T.D.},
  journal =	 {Biometrika},
  volume =	 59,
  number =	 3,
  pages =	 {665--676},
  year =	 1972,
}

@Book{eddelbuettel2013,
  title =	 {Seamless {R} and {C++} Integration with {Rcpp}},
  author =	 {Dirk Eddelbuettel},
  publisher =	 {Springer-Verlag},
  address =	 {New York},
  year =	 2013,
  note =	 {ISBN 978-1-4614-6867-7},
}

@Article{eddelbuettel2013b,
  title =	 {RcppArmadillo: Accelerating {R} with
                  high-performance {C++} linear algebra},
  author =	 {Dirk Eddelbuettel and Conrad Sanderson},
  journal =	 {Computational Statistics and Data Analysis},
  year =	 2014,
  volume =	 71,
  month =	 mar,
  pages =	 {1054--1063},
  url =		 {http://dx.doi.org/10.1016/j.csda.2013.02.005},
}

%Good development of the circular von Mises distribution and where I got the simulation method from.

@book{fisher1996book,
  title =	 {Statistical Analysis of Circular Data},
  author =	 {Fisher, Nicholas I.},
  isbn =	 0521568900,
  year =	 1996,
  publisher =	 {Cambridge University Press}
}

@article{fisher1996Boot,
  title =	 {Improved pivotal methods for constructing confidence
                  regions with directional data},
  author =	 {Fisher, Nicholas I and Hall, Peter and Jing, Bing-Yi
                  and Wood, Andrew TA},
  journal =	 {Journal of the American Statistical Association},
  volume =	 91,
  number =	 435,
  pages =	 {1062--1070},
  year =	 1996,
}

@book{gelman2003,
  title =	 {Bayesian data analysis},
  author =	 {Gelman, Andrew and Carlin, John B and Stern, Hal S
                  and Rubin, Donald B},
  year =	 2003,
  publisher =	 {CRC Press}
}

@Manual{hankin2011,
  title =	 {onion: octonions and quaternions},
  author =	 {Robin K. S. Hankin},
  year =	 2011,
  note =	 {R package version 1.2-4},
  url =		 {http://CRAN.R-project.org/package=onion},
}

@article{hartley2013,
  title =	 {Rotation Averaging},
  author =	 {Hartley, Richard and Trumpf, Jochen and Dai, Yuchao
                  and Li, Hongdong},
  journal =	 {International Journal of Computer Vision},
  pages =	 {1--39},
  year =	 2013,
}

@article{humbert1996,
  title =	 {Determination of a mean orientation from a cloud of
                  orientations. {A}pplication to electron
                  back-scattering pattern measurements},
  author =	 {Humbert, M. and Gey, N. and Muller, J. and Esling,
                  C.},
  journal =	 {Journal of Applied Crystallography},
  volume =	 29,
  number =	 6,
  pages =	 {662--666},
  year =	 1996,
}

%Proves that the MLE for the Fisher Distribution exists and is unique for all but small sample sizes.  Very technical.  Proves the conjecture posed by khatri77

@article{jupp1979,
  title =	 {Maximum Likelihood Estimators for the Matrix Von
                  {M}ises-{F}isher and {B}ingham Distributions},
  author =	 {Jupp, PE and Mardia, KV},
  journal =	 {The Annals of Statistics},
  volume =	 7,
  number =	 3,
  pages =	 {599--606},
  year =	 1979,
}

%They develop various key properties of the Fisher distribution including the normalizing constant, the first moment and the MLE.

@article{khatri1977,
  title =	 {The von {M}ises-{F}isher matrix distribution in
                  orientation statistics},
  author =	 {Khatri, C.G. and Mardia, K.V.},
  journal =	 {Journal of the Royal Statistical Society. Series B
                  (Methodological)},
  volume =	 39,
  number =	 1,
  pages =	 {95--106},
  year =	 1977,
}

%The first mentioning of the Fisher distribution

@article{langevin2005,
  title =	 {Magnetism and the Theory of the Electron},
  author =	 {Langevin, P.},
  journal =	 {Annales de Chimie et de Physique},
  volume =	 5,
  pages =	 70,
  year =	 1905
}

%Creation of the Cayley distribution

@article{leon2006,
  title =	 {A statistical model for random rotations},
  author =	 {Le{\'o}n, C.A. and Mass{\'e}, J.C. and Rivest, L.P.},
  journal =	 {Journal of Multivariate Analysis},
  volume =	 97,
  number =	 2,
  pages =	 {412--430},
  year =	 2006,
}

@article{murdoch2003,
  title =	 {orientlib: An {R} Package for Orientation Data},
  author =	 {Murdoch, DJ},
  journal =	 {Journal of Statistical Software},
  volume =	 8,
  number =	 19,
  pages =	 {1--11},
  year =	 2003,
}

@manual{oh2013,
  title =	 {{SpherWave}: Spherical Wavelets and SW-based
                  Spatially Adaptive Methods},
  author =	 {Oh, H.S. and Kim, D.},
  year =	 2013,
  note =	 {R package version 1.2.2},
  url =		 {http://CRAN.R-project.org/package=SpherWave},
}

@article{prentice1984,
  title =	 {A distribution-free method of interval estimation
                  for unsigned directional data},
  author =	 {Prentice, M.J.},
  journal =	 {Biometrika},
  volume =	 71,
  number =	 1,
  pages =	 {147--154},
  year =	 1984,
}

%Simplifies Jupp 1979 to the special cases of 3x2 and 3x3 orientatins and uses quaternions mostly

@article{prentice1986,
  title =	 {Orientation statistics without parametric
                  assumptions},
  author =	 {Prentice, M.J.},
  journal =	 {Journal of the Royal Statistical Society. Series B
                  (Methodological)},
  volume =	 48,
  number =	 2,
  pages =	 {214--222},
  year =	 1986,
}

@phdthesis{qu2013,
  title =	 {Isotropic Distributions for 3-Dimensional Rotations
                  and One-sample Bayes Inference},
  author =	 {Qiu, Y.},
  school =	 {Iowa State University},
  year =	 2013
}

@phdthesis{rancourt1995,
  type =	 {Dissertation},
  title =	 {Arm Posture and Hand Mechanical Impedance in the
                  Control of a Hand-held Power Drill},
  author =	 {Denis Rancourt},
  school =	 {MIT},
  year =	 1995,
}

%Applications paper.  Rivest uses von Mises Fisher to model posture in drilling to find optimal drilling position

@article{rancourt2000,
  title =	 {Using orientation statistics to investigate
                  variations in human kinematics},
  author =	 {Rancourt, D and Rivest, L-P and Asselin, J},
  journal =	 {Journal of the Royal Statistical Society. Series C
                  (Applied Statistics)},
  volume =	 49,
  number =	 1,
  pages =	 {81--94},
  year =	 2000,
}

@Manual{robotham2013,
  title =	 {sphereplot: Spherical Plotting},
  author =	 {Aaron Robotham},
  year =	 2013,
  note =	 {R package version 1.5},
  url =		 {http://CRAN.R-project.org/package=sphereplot},
}

@article{Schaeben1997,
  title =	 {A Simple Standard Orientation Density Function: The
                  Hyperspherical de la {V}all\'{e}e {P}oussin Kernel},
  author =	 {Schaeben, H.},
  journal =	 {Physica Status Solidi (B)},
  volume =	 200,
  number =	 2,
  pages =	 {367--376},
  year =	 1997
}

@article{stanfill2013,
  title =	 {Point estimation of the central orientation of
                  random rotations},
  author =	 {Stanfill, Bryan and Genschel, Ulrike and Hofmann,
                  Heike},
  journal =	 {Technometrics},
  volume =	 55,
  number =	 4,
  pages =	 {524--535},
  year =	 2013,
}

@Manual{stanfill2014,
  title =	 {rotations: Tools for Working with Rotation Data},
  author =	 {Bryan Stanfill and Heike Hofmann and Ulrike
                  Genschel},
  year =	 2014,
  note =	 {R package version 1.2},
  url =		 {http://CRAN.R-project.org/package=rotations},
}

@unpublished{stanfill2014b,
  title =	 {Nonparametric Confidence Regions for the Central
                  Orientation of Random Rotations},
  author =	 {Bryan Stanfill and Dan Nordman and Heike Hofmann and
                  Ulrike Genschel and Jian Zhang},
  note =         {Unpublished manuscript},
  year =	 2014,
}

@article{tyler1981,
  title =	 {Asymptotic inference for eigenvectors},
  author =	 {Tyler, David E},
  journal =	 {The Annals of Statistics},
  volume =	 9,
  number =	 4,
  pages =	 {725--736},
  year =	 1981,
}

@book{wickham2009,
  author =	 {Hadley Wickham},
  title =	 {{ggplot2}: Elegant Graphics for Data Analysis},
  publisher =	 {Springer-Verlag},
  address =      {New York},
  year =	 2009,
  isbn =	 {978-0-387-98140-6},
  url =		 {http://had.co.nz/ggplot2/book},
}



