@inproceedings{Charte:HAIS14,
  author =	 {Charte, Francisco and Rivera, Antonio and Jesus,
                  M J and Herrera, Francisco},
  title =	 {Concurrence among Imbalanced Labels and its
                  Influence on Multilabel Resampling Algorithms},
  booktitle =	 {Proceedings of the 9th International Conference on Hybrid Artificial Intelligent
                  Systems, Salamanca, Spain, HAIS'14},
  year =	 2014,
  volume =	 8480,
}

@inproceedings{genbase,
  title =	 {Protein Classification with Multiple Algorithms},
  author =	 {Diplaris, Sotiris and Tsoumakas, Grigorios and
                  Mitkas, Pericles and Vlahavas, Ioannis},
  booktitle =	 {Proceedings of the 10th Panhellenic Conference on Informatics,
                  Volos, Greece, PCI'05},
  year =	 2005,
  pages =	 {448--456},
}

@inproceedings{corel5k,
  title =	 {Object Recognition as Machine Translation: Learning
                  a Lexicon for a Fixed Image Vocabulary},
  author =	 {Duygulu, P. and Barnard, K. and de Freitas, J. and
                  Forsyth, D.},
  booktitle =	 {Proceedings of the 7th European Conference on Computer Vision-Part IV,
                  Copenhagen, Denmark, ECCV'02},
  pages =	 {97--112},
  year =	 2002,
}

@incollection{enron,
  author =	 {Klimt, Bryan and Yang, Yiming},
  title =	 {The {Enron} Corpus: A New Dataset for Email
                  Classification Research},
  booktitle =	 {Proceedings of the 5th European Conference on Machine Learning, Pisa, Italy, ECML'04},
  pages =	 {217--226},
  year =	 2004,
}

@incollection{Tsoumakas3,
  title =	 {Mining Multi-label Data},
  author =	 {Tsoumakas, Grigorios and Katakis, Ioannis and
                  Vlahavas, Ioannis},
  booktitle =	 {Data Mining and Knowledge Discovery Handbook},
  year =	 2010,
  chapter =	 34,
  pages =	 {667--685},
  address =	 {Boston, MA},
  editor =	 {Maimon, Oded and Rokach, Lior},
  publisher =	 {Springer},
}

@article{MULAN,
  title =	 {{MULAN}: A {Java} Library for Multi-Label Learning},
  author =	 {Tsoumakas, Grigorios and Spyromitros-Xioufis, Eleftherios and
                  Vilcek, Jozef and Vlahavas, Ioannis},
  journal =	 {Journal of Machine Learning Research},
  year =	 2011,
  volume =	 12,
  keywords =	 {classification, mulan, multi-label},
  pages =	 {2411--2414},
}

@misc{MEKA,
  author =	 { Read, J. and Reutemann, P.},
  title =	 {{MEKA}: A Multi-label Extension to {WEKA}},
  URL =		 {http://meka.sourceforge.net/},
  year = 2012
}

@article{Charte:Neucom13,
    title = "Addressing imbalance in multilabel classification: Measures and random resampling algorithms ",
    journal = "Neurocomputing ",
    volume = "163",
    number = "0",
    pages = "3--16",
    year = "2015",
    author = "Francisco Charte and Antonio J. Rivera and Mar\'ia J. del Jesus and Francisco Herrera",
}


@article{Zhang:2013,
  author =	 {Zhang, M. and Zhou, Z.},
  journal =	 {IEEE Transanctions on Knowledge and Data Engineering},
  title =	 {A Review On Multi-Label Learning Algorithms},
  year =	 2014,
  month =	 aug,
  volume =	 26,
  number =	 8,
  pages =	 {1819--1837},
}

@article{Read,
  title =	 {Classifier chains for multi-label classification},
  author =	 {Read, Jesse and Pfahringer, Bernhard and Holmes,
                  Geoff and Frank, Eibe},
  journal =	 {Machine Learning},
  year =	 2011,
  volume =	 85,
  issue =	 3,
  pages =	 {333--359},
}

@inproceedings{HOMER,
  title =	 {Effective and Efficient Multilabel Classification
                  in Domains with Large Number of Labels},
  author =	 {Tsoumakas, G. and Katakis, I. and Vlahavas, I.},
  booktitle =	 {Proceedings of the ECML/PKDD Workshop on Mining Multidimensional
                  Data, Antwerp, Belgium, MMD'08},
  pages =	 {30--44},
  year =	 2008,
  keywords =	 {multilabel},
}

@inproceedings{RAKEL,
  title =	 {Random $k$-Labelsets: An Ensemble Method for
                  Multilabel Classification},
  author =	 {Tsoumakas, Grigorios and Vlahavas, Ioannis},
  booktitle =	 {Proceedings of the 18th European Conference on Machine Learning,
                  Warsaw, Poland, ECML'07},
  year =	 2007,
  volume =	 4701,
  pages =	 {406--417},
}

@article{Boutell,
  title =	 {Learning multi-label scene classification},
  author =	 {Boutell, M. and Luo, J. and Shen, X. and Brown, C.},
  journal =	 {Pattern Recognition},
  year =	 2004,
  volume =	 37,
  number =	 9,
  pages =	 {1757--1771},
  keywords =	 {multi-label},
}

@inproceedings{Godbole,
  title =	 {Discriminative Methods for Multi-Labeled
                  Classification},
  author =	 {Godbole, Shantanu and Sarawagi, Sunita},
  booktitle =	 {Advances in Knowledge Discovery and Data Mining},
  year =	 2004,
  volume =	 3056,
  pages =	 {22--30},
  keywords =	 {classification},
}

@Article{RWeka,
  title =	 {Open-Source Machine Learning: {R} Meets {Weka}},
  author =	 {Kurt Hornik and Christian Buchta and Achim Zeileis},
  journal =	 {Computational Statistics},
  year =	 2009,
  volume =	 24,
  number =	 2,
  pages =	 {225--232},
}

@article{weka,
  title = {The {WEKA} Data Mining Software: An Update},
  author = {Mark Hall and Eibe Frank and Geoffrey Holmes and Bernhard Pfahringer and Peter Reutemann and Ian H. Witten},
  journal = {SIGKDD Explorations},
  year = 2009,
  volume = 11,
  issue = 1
}

@Manual{shiny-2015-13,
  title =	 {{shiny}: Web Application Framework for {R}},
  author =	 {Winston Chang and Joe Cheng and JJ Allaire and Yihui
                  Xie and Jonathan McPherson},
  year =	 2015,
  note =	 {R package version 0.12.2},
  url =		 {https://CRAN.R-project.org/package=shiny},
}

@Manual{XML,
  title =	 {{XML}: Tools for Parsing and Generating {XML} within
                  {R} and {S-Plus}},
  author =	 {Duncan Temple Lang and {the CRAN Team}},
  year =	 {2015},
  note =	 {R package version 3.98-1.3},
  url =		 {https://CRAN.R-project.org/package=XML},
}

@Article{circlize,
  title =	 {{circlize} implements and enhances circular
                  visualization in {R}},
  author =	 {Zuguang Gu and Lei Gu and Roland Eils and Matthias
                  Schlesner and Benedikt Brors},
  journal =	 {Bioinformatics},
  volume =	 30,
  issue =	 19,
  pages =	 {2811--2812},
  year =	 2014,
}

@Article{pROC,
  title =	 {{pROC}: An open-source package for {R} and {S+} to
                  analyze and compare {ROC} curves},
  author =	 {Xavier Robin and Natacha Turck and Alexandre Hainard
                  and Natalia Tiberti and Fr{\' e}d{\' e}rique Lisacek
                  and Jean-Charles Sanchez and Markus M{\" u}ller},
  journal =	 {BMC Bioinformatics},
  volume =	 12,
  issue =	 77,
  year =	 2011,
}

@Manual{devtools,
  title =	 {{devtools}: Tools to Make Developing {R} Packages
                  Easier},
  author =	 {Hadley Wickham and Winston Chang},
  year =	 {2015},
  note =	 {R package version 1.8.0},
  url =		 {https://CRAN.R-project.org/package=devtools},
}

@inproceedings{read2008multi,
  title =	 {Multi-label classification using ensembles of pruned
                  sets},
  author =	 {Read, J. and Pfahringer, B. and Holmes, G.},
  booktitle =	 {Proceedings of the 8th IEEE International Conference
                  on Data Mining, 2008. ICDM'08},
  pages =	 {995--1000},
  year =	 {2008},
  organization = {IEEE}
}

@Article{rcmdr,
    title = {The {R} {Commander}: A Basic Statistics Graphical User
      Interface to {R}},
    author = {John Fox},
    year = {2005},
    journal = {Journal of Statistical Software},
    volume = {14},
    number = {9},
    pages = {1--42},
    url = {http://www.jstatsoft.org/v14/i09},
  }

@Book{rattle,
  title =	 {Data Mining with {Rattle} and {R}: The Art of
                  Excavating Data for Knowledge Discovery},
  author =	 {Graham J. Williams},
  publisher =	 {Springer},
  series =	 {Use R!},
  year =	 {2011},
}






