@Article{npmle,
  author = {Bruce Turnbull},
  year = {1976},
  title = {The Empirical Distribution with Arbitrarily Grouped and Censored Data},
  journal = {Journal of the Royal Statistical Society B},
  volume = {38},
  pages = {290-295},
}

@Manual{doParallel-2017-98,
  title = {doParallel: Foreach Parallel Adaptor for the Parallel Package},
  author = {{Revolution Analytics} and Steve Weston},
  year = {2014},
  note = {R package version 1.0.8},
  url = {http://CRAN.R-project.org/package=doParallel},
}

@Manual{foreach-2017-98,
  title = {foreach: Foreach Looping Construct for R},
  author = {{Revolution Analytics} and Steve Weston},
  year = {2014},
  note = {R package version 1.4.2},
  url = {http://CRAN.R-project.org/package=foreach},
}

@Article{kaplan,
  author = {E. Kaplan and P. Meier},
  year = {1958},
  title = {Nonparametric Estimation from Incomplete Observations},
  journal = {Communications in Statistics - Theory and Methods},
  volume = {27},
  pages = {1961 - 1977},
}

@Article{partiallyOpen,
  title = {A Modification of Peto's Nonparametric Estimation of Survival Curves for Interval-Censored Data},
  author = {Meei Ng},
  year = {2002},
  journal = {Biometrics},
  volume = {58},
  pages = {439-442},
  url = {https://doi.org/10.1111/j.0006-341x.2002.00439.x},
}

@Article{miceData,
  author = {D. G. Hoel and H. E. Walburg},
  year = {1972},
  title = {Statistical Analysis of Survival Experiments},
  journal = {The Annals of Statistics},
  volume = {18},
  pages = {1259- 1294},
}

@Article{rcppEigen,
  title = {Fast and Elegant Numerical Linear Algebra Using the {RcppEigen} Package},
  author = {Douglas Bates and Dirk Eddelbuettel},
  journal = {Journal of Statistical Software},
  year = {2013},
  volume = {52},
  number = {5},
  pages = {1--24},
  url = {https://doi.org/10.18637/jss.v052.i05},
}

@Article{rcpp,
  author = {Dirk Eddelbuettel and Romain Francois},
  year = {2011},
  title = {{Rcpp}: Seamless {R} and {C++} Integration},
  journal = {Journal of Statistical Software},
  volume = {40},
  number = {8},
  pages = {1-18},
  url = {http://www.jstatsoft.org/v40/i08/},
  dor = {10.18637/jss.v040.i08},
}

@Manual{eigen,
  author = {Gaël Guennebaud and Beno\^it Jacob and {others}},
  title = {Eigen V3},
  howpublished = {http://eigen.tuxfamily.org},
  year = {2010},
}

@Article{coda,
  title = {{CODA}: Convergence Diagnosis and Output Analysis for {MCMC}},
  author = {Martyn Plummer and Nicky Best and Kate Cowles and Karen Vines},
  journal = {R News},
  year = {2006},
  volume = {6},
  number = {1},
  pages = {7--11},
  url = {https://journal.r-project.org/archive/},
  pdf = {https://www.r-project.org/doc/Rnews/Rnews_2006-1.pdf},
}

@Article{tobit,
  title = {Estimation of Relationships for Limited Dependent Variables},
  author = {James Tobin},
  journal = {Econometrica: journal of the Econometric Society},
  pages = {24--36},
  year = {1958},
  publisher = {JSTOR},
}

@Book{SunBook,
  title = {The Statistical Analysis of Interval-Censored Failure Time Data},
  author = {Jianguo Sun},
  year = {2007},
  publisher = {Springer-Verlag},
  url = {https://doi.org/10.1007/0-387-37119-2},
}

@Article{adaptiveBlock,
  title = {An Adaptive Metropolis Algorithm},
  author = {Heikki Haario and Eero Saksman and Johanna Tamminen and {others}},
  journal = {Bernoulli},
  volume = {7},
  number = {2},
  pages = {223--242},
  year = {2001},
  publisher = {Bernoulli Society for Mathematical Statistics and Probability},
  url = {https://doi.org/10.2307/3318737},
}

@Article{gelmanAccept,
  title = {Efficient Metropolis Jumping Rules},
  author = {Andrew Gelman and Gareth O Roberts and Walter R Gilks and {others}},
  journal = {Bayesian statistics},
  volume = {5},
  number = {599-608},
  pages = {42},
  year = {1996},
}

@Article{icenReg,
  title =	 {{icenReg}: Regression models for interval censored
                  data},
  author =	 {Anderson-Bergman, Clifford},
  journal =	 {Journal of Statistical Software},
  volume =	 {81},
  number =	 {12},
  year =	 {2017}
}

@Article{ic_coxph,
  title = {A Proportional Hazards Model for Interval-Censored Failure Time Data},
  author = {D. M. Finkelstein},
  year = {1986},
  journal = {Biometrika},
  volume = {42},
  pages = {845-854},
}

@Article{propOdds1,
  title = {A Semiparametric Proportional Odds Regression Model for the Analysis of Current Status Data},
  author = {A. Rossini and A. Tsiatis},
  year = {1996},
  journal = {Journal of the American Statistical Assocation},
  volume = {91},
  pages = {713-721},
}

@Article{ic_coxph_asyp,
  title = {Efficient Estimation for the Proportional Hazards Model with Interval Censoring},
  author = {J. Huang},
  journal = {The Annals of Statistics},
  volume = {24},
  pages = {540-568},
  year = {1995},
}

@Article{coxphICM,
  title = {Extending the Iterative Convex Minorant Algorithm to the {C}ox Model for Interval-Censored Data},
  author = {Wei Pan},
  journal = {Journal of Computational and Graphical Statistics},
  year = {1999},
  volume = {8},
  pages = {109-120},
}

@Article{badBoot,
  title = {Model Based Bootstrap Methods for Interval Censored Data},
  author = {Bodhisattva Sen and Gongjun Xu},
  journal = {Computational Statistics \& Data Analysis},
  volume = {81},
  pages = {121--129},
  year = {2015},
  publisher = {Elsevier},
  url = {https://doi.org/10.1016/j.csda.2014.07.007},
}

@Article{parametric,
  title = {Regression with Interval-Censored Data},
  author = {Daniel Rabinowitz and Anastasios Tsiatis and Jorge Aragon},
  journal = {Biometrika},
  volume = {82},
  number = {3},
  pages = {501--513},
  year = {1995},
  publisher = {Oxford University Press},
}

@Article{bayesIC,
  title = {Frequentist and Bayesian Approaches for Interval-Censored Data},
  author = {Guadalupe Gómez and M Luz Calle and Ramon Oller},
  journal = {Statistical Papers},
  volume = {45},
  number = {2},
  pages = {139--173},
  year = {2004},
  publisher = {Springer-Verlag},
  url = {https://doi.org/10.1007/bf02777221},
}

@Article{proParametric,
  title = {A Study of Interval Censoring in Parametric Regression Models},
  author = {JK Lindsey},
  journal = {Lifetime data analysis},
  volume = {4},
  number = {4},
  pages = {329--354},
  year = {1998},
  publisher = {Springer-Verlag},
}

@Article{independenceAssumption,
  title = {The Validity of Inferences Based on Incomplete Observations in Disease State Models},
  author = {Jens Gruger and Richard Kay and Martin Schumacher},
  journal = {Biometrics},
  pages = {595--605},
  year = {1991},
  publisher = {JSTOR},
}
