@Manual{Vd:2011,
title = {Vdgraph: This package creates variance dispersion graphs for response surface designs},
author = {John Lawson},
year = {2011},
note = {R package version 1.0-1},
url = {http://CRAN.R-project.org/package=Vdgraph},
}

@article{RH:Myers+GG:Vining+A:Giovannitti-Jensen+SL:Myers:1992,    
author = {R. H. Myers and G.G. Vining and A. Giovannitti-Jensen and S. L. Myers},    
title = {Variance dispersion properties of second order response surface designs},    
journal = {Journal of Quality Technology},    
volume = {24},    
year = {1992},    
pages = {1-11}}

@article{Lenth:2009,    
author = {R. V. Lenth},    
title = {Response Surface Methods in {R}, Using rsm},    
journal = {Journal of Statistical Software},    
volume = {32},
Number = {7},    
year = {2009},    
pages = {1-17}}

@book{RH:Myers+DC:Montgomery:2009,    
author = {R. H. Myers and D. C. Montgomery and C. M. Anderson-Cook},    
title = {Response Surface Methodology: Process and Product Optimization Using Designed Experiments},    
publisher = {John Wiley \& Sons},    
address = {New York},    
year = {2009}}

@book{DC:Montgomery:2005,    
author = {D. C. Montgomery},    
title = {Design and Analysis of Experiments},    
publisher = {John Wiley \& Sons},    
address = {New York}, 
edition = {sixth},   
year = {2005}}

@book{Lawson:2010,    
author = {J. S. Lawson},    
title = {Design and Analysis of Experiments with {SAS}},    
publisher = {CRC Press},    
address = {Boca Raton},    
year = {2010}}

@article{G:Vining:1993,    
author = {G. G. Vining},    
title = {A Computer Program for generating Variance Dispersion Graphs},    
journal = {Journal of Quality Technology},    
volume = {25},    
year = {1993},    
pages = {45-58}}

@article{G:Vining:1993b,    
author = {G. G. Vining},    
title = {Corrigenda: A Computer Program for generating Variance Dispersion Graphs},    
journal = {Journal of Quality Technology},    
volume = {25},    
year = {1993},    
pages = {333-335}}

@article{CookNacht:1980,    
author = {R. D. Cook and C. J. Nachtsheim},    
title = {A Comparison of Algorithms for Constructing D-optimal Designs},    
journal = {Technometrics},    
volume = {22},    
year = {1980},    
pages = {315-324}}

@misc{SAS:2010, 
author = {{SAS Institute Inc.}},   
title={Getting Started with the {SAS} 9.2 {ADX} Interface for Design of Experiments},        
url={http://support.sas.com/documentation/cdl/en/adxgs/60376/PDF/default/adxgs.pdf},        
year={2010}}

@misc{Minitab:2010, 
author = {{Minitab Inc.}},   
title={Minitab Software for Quality Improvement},        
url={http://www.minitab.com},        
year={2010}}

@misc{Santiago:2009, 
author = {E. Santiago},   
title={Macro: {VDG.MAC}},        
url={www.minitab.com/support/macros/default.aspx},        
year={2009}}

@article{Myerset:1992,    
author = {R. H. Myers and G. G. Vining and A. Giovannitti-Jensen and S. L. Myers},    
title = {Variance Dispersion Properties of Second Order Response Surface Designs},    
journal = {Journal of Quality Technology},
volume = {24},
year = {1992},    
pages = {1-11}}

@article{Hartley:1959,    
author = {H. O. Hartley},    
title = {Smallest Composite Design for Quadratic Response Surfaces},    
journal = {Biometrics},    
volume = {15},    
year = {1959},    
pages = {611-624}}

@article{DrapLin:1990,    
author = {N. R. Draper and D. K. J. Lin},    
title = {Small Response Surface Designs},    
journal = {Technometrics},    
volume = {32},    
year = {1990},    
pages = {187-194}}



