% INTRODUCTION
% ----------------------------------

@misc {TIOBE,
    author = "TIOBE",
    title  = "TIOBE Index - The Software Quality Company",
    year   = "2020",
    url    = "https://www.tiobe.com/tiobe-index/"
}

@misc{Muenchen2017,
    author = {Muenchen, B.},
    title  = "R's growth continues to accelerate",
    year   = "2017",
    url = "https://www.r-bloggers.com/rs-growth-continues-to-accelerate/"
}


@inproceedings{excel25,
	title = {Modeling the {Impact} of {R} {Packages} {Using} {Dependency} and {Contributor} {Networks}},
	doi = {10.1109/ASONAM.2018.8508255},
	booktitle = {2018 {IEEE}/{ACM} {International} {Conference} on {Advances} in {Social} {Networks} {Analysis} and {Mining} ({ASONAM})},
	author = {Korkmaz, Gizem and Kelling, Claire and Robbins, Carol and Keller, Sallie A.},
	month = aug,
	year = {2018},
	note = {ISSN: 2473-991X},
	keywords = {Open source software, public domain software, Software measurement, open source software, Collaboration, software engineering, Data models, Encoding, software packages, statistical analysis, R packages, author attributes, contributor networks, dependency networks, network characteristics, OSS, package attributes, statistical models},
	pages = {511--514},
}


@misc{hasselbring2019,
      title={FAIR and Open Computer Science Research Software}, 
      author={Wilhelm Hasselbring and Leslie Carr and Simon Hettrick and Heather Packer and Thanassis Tiropanis},
      year={2019},
      eprint={1908.05986},
      archivePrefix={arXiv},
      primaryClass={cs.SE}
}


@INPROCEEDINGS{Souza2019,
  author={Rosado de Souza, Mário and Haines, Robert and Vigo, Markel and Jay, Caroline},
  booktitle={2019 IEEE/ACM 12th International Workshop on Cooperative and Human Aspects of Software Engineering (CHASE)}, 
  title={What Makes Research Software Sustainable? An Interview Study with Research Software Engineers}, 
  year={2019},
  volume={},
  number={},
  pages={135-138},
  doi={10.1109/CHASE.2019.00039}}


@inproceedings{excel15,
	address = {Berlin, Heidelberg},
	series = {Lecture {Notes} in {Computer} {Science}},
	title = {Evaluating the {Design} of the {R} {Language}},
	isbn = {978-3-642-31057-7},
	doi = {10.1007/978-3-642-31057-7\_6},
	language = {en},
	booktitle = {{ECOOP} 2012 – {Object}-{Oriented} {Programming}},
	publisher = {Springer},
	author = {Morandat, Floréal and Hill, Brandon and Osvald, Leo and Vitek, Jan},
	editor = {Noble, James},
	year = {2012},
	keywords = {Current Frame, Function Call, Language Design, Language Feature, Object System},
	pages = {104--131},
}




@inproceedings{C10,
	title = {The {Evolution} of the {R} {Software} {Ecosystem}},
	doi = {10.1109/CSMR.2013.33},
	booktitle = {2013 17th {European} {Conference} on {Software} {Maintenance} and {Reengineering}},
	author = {German, Daniel M. and Adams, Bram and Hassan, Ahmed E.},
	month = mar,
	year = {2013},
	note = {ISSN: 1534-5351},
	pages = {243--252},
}


@ARTICLE{Cohen2021,
  author={J. {Cohen} and D. S. {Katz} and M. {Barker} and N. {Chue Hong} and R. {Haines} and C. {Jay}},
  journal={IEEE Software}, 
  title={The Four Pillars of Research Software Engineering}, 
  year={2021},
  volume={38},
  number={1},
  pages={97-105},
  doi={10.1109/MS.2020.2973362}}
  
  
  @INPROCEEDINGS{Cohen2018,
  author={J. {Cohen} and D. S. {Katz} and M. {Barker} and R. {Haines} and N. {Chue Hong}},
  booktitle={2018 IEEE 14th International Conference on e-Science (e-Science)}, 
  title={Building a Sustainable Structure for Research Software Engineering Activities}, 
  year={2018},
  volume={},
  number={},
  pages={31-32},
  doi={10.1109/eScience.2018.00015}}




% RELATED WORKS: TESTING
% --------------------------------------------

@inproceedings{Krikava2018,
author = {K\v{r}ikava, Filip and Vitek, Jan},
title = {Tests from Traces: Automated Unit Test Extraction for R},
year = {2018},
isbn = {9781450356992},
publisher = {Association for Computing Machinery},
address = {New York, NY, USA},
url = {https://doi.org/10.1145/3213846.3213863},
doi = {10.1145/3213846.3213863},
booktitle = {Proceedings of the 27th ACM SIGSOFT International Symposium on Software Testing and Analysis},
pages = {232–241},
numpages = {10},
keywords = {Program tracing, Test extraction, R},
location = {Amsterdam, Netherlands},
series = {ISSTA 2018}
}


@misc{filip_krikava_2018,
  author       = {Filip Krikava},
  title        = {{fikovnik/ISSTA18-artifact: ISSTA'18 Artifact 
                   release}},
  month        = jul,
  year         = 2018,
  publisher    = {Zenodo},
  version      = {issta18},
  doi          = {10.5281/zenodo.1306437},
  url          = {https://doi.org/10.5281/zenodo.1306437}
}



@inproceedings {Vidoni2021,
    author    = "M. Vidoni",
    title     = "Evaluating Unit Testing Practices in R Packages",
    booktitle = "Proceedings of the 43rd International Conference on Software Engineering (ICSE)",
    year      = "2021",
    pages     = "1-12",
    address   = "Madrid, Spain",
    publisher = "IEEE"
}

@Inbook{Samarthyam2017,
author="Samarthyam, Ganesh
and Muralidharan, Mahesh
and Anna, Raghu Kalyan",
title="{Understanding Test Debt}",
bookTitle="Trends in Software Testing",
year="2017",
publisher="Springer Singapore",
address="Singapore",
pages="1--17",
isbn="978-981-10-1415-4",
doi="10.1007/978-981-10-1415-4\_1",
url="https://doi.org/10.1007/978-981-10-1415-4\_1"
}

@INPROCEEDINGS{Daka2014,
  author={E. {Daka} and G. {Fraser}},
  booktitle={2014 IEEE 25th International Symposium on Software Reliability Engineering}, 
  title={A Survey on Unit Testing Practices and Problems}, 
  year={2014},
  volume={},
  number={},
  pages={201-211},}


@article{S7,
	title = {Software engineering principles to improve quality and performance of {R} software},
	volume = {5},
	issn = {2376-5992},
	doi = {10.7717/peerj-cs.175},
	urldate = {2020-07-15},
	journal = {PeerJ Computer Science},
	author = {Russell, Seth and Bennett, Tellen D. and Ghosh, Debashis},
	month = feb,
	year = {2019},
	note = {Publisher: PeerJ Inc.},
	pages = {e175}
}


@inproceedings{C3,
	title = {An empirical study of identical function clones in {CRAN}},
	doi = {10.1109/IWSC.2015.7069885},
	booktitle = {2015 {IEEE} 9th {International} {Workshop} on {Software} {Clones} ({IWSC})},
	author = {Claes, Maelick and Mens, Tom and Tabout, Narjisse and Grosjean, Philippe},
	month = mar,
	year = {2015},
	pages = {19--25},
}

@article{excel24,
	title = {Modeling the impact of {Python} and {R} packages using dependency and contributor networks},
	volume = {10},
	issn = {1869-5469},
	url = {https://doi.org/10.1007/s13278-019-0619-1},
	doi = {10.1007/s13278-019-0619-1},
	number = {1},
	urldate = {2020-07-14},
	journal = {Social Network Analysis and Mining},
	author = {Korkmaz, Gizem and Kelling, Claire and Robbins, Carol and Keller, Sallie},
	month = dec,
	year = {2019},
	pages = {7},
}

@ARTICLE{Ram2019,
  author={Ram, Karthik and Boettiger, Carl and Chamberlain, Scott and Ross, Noam and Salmon, Maëlle and Butland, Stefanie},
  journal={Computing in Science   Engineering}, 
  title={A Community of Practice Around Peer Review for Long-Term Research Software Sustainability}, 
  year={2019},
  volume={21},
  number={2},
  pages={59-65},
  doi={10.1109/MCSE.2018.2882753}}
  
  
  @misc{ropensci_2021,
  author       = {rOpenSci and
                  Brooke Anderson and
                  Scott Chamberlain and
                  Laura DeCicco and
                  Julia Gustavsen and
                  Anna Krystalli and
                  Mauro Lepore and
                  Lincoln Mullen and
                  Karthik Ram and
                  Noam Ross and
                  Maëlle Salmon and
                  Melina Vidoni},
  title        = {{rOpenSci Packages: Development, Maintenance, and 
                   Peer Review}},
  month        = feb,
  year         = 2021,
  publisher    = {Zenodo},
  version      = {0.6.0},
  doi          = {10.5281/zenodo.4554776},
  url          = {https://doi.org/10.5281/zenodo.4554776}
}


@article{PLAKIDAS2017,
title = {Evolution of the R software ecosystem: Metrics, relationships, and their impact on qualities},
journal = {Journal of Systems and Software},
volume = {132},
pages = {119-146},
year = {2017},
issn = {0164-1212},
doi = {https://doi.org/10.1016/j.jss.2017.06.095},
url = {https://www.sciencedirect.com/science/article/pii/S0164121217301371},
author = {Konstantinos Plakidas and Daniel Schall and Uwe Zdun},
keywords = {R, Software ecosystems, Evolution, Quantitative analysis, Empirical study},
}



@INPROCEEDINGS{Vidoni2021b,
  author={M. Vidoni},
  booktitle="{2021 International Conference on Mining Software Repositories}", 
  title="{Self-Admitted Technical Debt in R Packages: An Exploratory Study}", 
  year={2021},
  volume={},
  publisher={IEEE},
  address={Madrid, Spain},
  number={},
  pages={1-11},
  doi={}}

  @INPROCEEDINGS{ManualPatterns,
  author={A. {Potdar} and E. {Shihab}},
  booktitle={2014 IEEE International Conference on Software Maintenance and Evolution}, 
  title="{An Exploratory Study on Self-Admitted Technical Debt}", 
  year={2014},
  volume={},
  number={},
  pages={91-100},
  doi={10.1109/ICSME.2014.31}}
  
  
  @article{AlvesOntology,
title = {Identification and management of technical debt: A systematic mapping study},
journal = {Information and Software Technology},
volume = {70},
pages = {100-121},
year = {2016},
issn = {0950-5849},
doi = {https://doi.org/10.1016/j.infsof.2015.10.008},
author = {Nicolli S.R. Alves and Thiago S. Mendes and Manoel G. {de Mendonça} and Rodrigo O. Spínola and Forrest Shull and Carolyn Seaman},
keywords = {Technical debt, Software maintenance, Software engineering, Systematic mapping},
}
  
  @inproceedings{Liu2020,
author = {Liu, Jiakun and Huang, Qiao and Xia, Xin and Shihab, Emad and Lo, David and Li, Shanping},
title = "{Is Using Deep Learning Frameworks Free? Characterizing Technical Debt in Deep Learning Frameworks}",
year = {2020},
isbn = {9781450371244},
publisher = {Association for Computing Machinery},
address = {New York, NY, USA},
url = {https://doi.org/10.1145/3377815.3381377},
doi = {10.1145/3377815.3381377},
booktitle = {Proceedings of the ACM/IEEE 42nd International Conference on Software Engineering: Software Engineering in Society},
pages = {1–10},
numpages = {10},
keywords = {categorization, deep learning, empirical study, self-admitted technical debt},
location = {Seoul, South Korea},
series = {ICSE-SEIS '20}
}

  


@inproceedings{Howison2011,
author = {Howison, James and Herbsleb, James D.},
title = {Scientific Software Production: Incentives and Collaboration},
year = {2011},
isbn = {9781450305563},
publisher = {Association for Computing Machinery},
address = {New York, NY, USA},
url = {https://doi.org/10.1145/1958824.1958904},
doi = {10.1145/1958824.1958904},
booktitle = {Proceedings of the ACM 2011 Conference on Computer Supported Cooperative Work},
pages = {513–522},
numpages = {10},
keywords = {scholarly publishing, software development, scientific software, software ecosystem},
location = {Hangzhou, China},
series = {CSCW '11}
}





﻿@Article{Gentleman2004,
author={Gentleman, Robert C.
and Carey, Vincent J.
and Bates, Douglas M.
and Bolstad, Ben
and Dettling, Marcel
and Dudoit, Sandrine
and Ellis, Byron
and Gautier, Laurent
and Ge, Yongchao
and Gentry, Jeff
and Hornik, Kurt
and Hothorn, Torsten
and Huber, Wolfgang
and Iacus, Stefano
and Irizarry, Rafael
and Leisch, Friedrich
and Li, Cheng
and Maechler, Martin
and Rossini, Anthony J.
and Sawitzki, Gunther
and Smith, Colin
and Smyth, Gordon
and Tierney, Luke
and Yang, Jean YH
and Zhang, Jianhua},
title={Bioconductor: open software development for computational biology and bioinformatics},
journal={Genome Biology},
year={2004},
month={Sep},
day={15},
volume={5},
number={10},
pages={R80},
issn={1474-760X},
doi={10.1186/gb-2004-5-10-r80},
url={https://doi.org/10.1186/gb-2004-5-10-r80}
}


@article{ropensci2015,
	title = {Building {Software}, {Building} {Community}: {Lessons} from the {rOpenSci} {Project}},
	volume = {3},
	issn = {2049-9647},
	shorttitle = {Building {Software}, {Building} {Community}},
	url = {http://openresearchsoftware.metajnl.com/articles/10.5334/jors.bu/},
	doi = {10.5334/jors.bu},
	language = {en},
	number = {1},
	urldate = {2020-07-14},
	journal = {Journal of Open Research Software},
	author = {Boettiger, Carl and Chamberlain, Scott and Hart, Edmund and Ram, Karthik},
	month = nov,
	year = {2015},
	note = {Number: 1 Publisher: Ubiquity Press},
	keywords = {open science, R, data science, ropensci},
	pages = {e8},
}



@INPROCEEDINGS{Codabux2021,
  author={Zadia Codabux and Melina Vidoni and Fatemeh Fard},
  booktitle="{2021 International Conference on Mining Software Repositories}", 
  title="{Technical Debt in the Peer-Review Documentation of R Packages: a rOpenSci Case Study}", 
  year={2021},
  volume={},
  publisher={IEEE},
  address={Madrid, Spain},
  number={},
  pages={1-11},
  doi={https://arxiv.org/abs/2103.09340}}
  
  
  
  @INPROCEEDINGS{Pinto2018,
  author={G. {Pinto} and I. {Wiese} and L. F. {Dias}},
  booktitle={2018 IEEE 25th International Conference on Software Analysis, Evolution and Reengineering (SANER)}, 
  title={How do scientists develop scientific software? An external replication}, 
  year={2018},
  volume={},
  number={},
  pages={582-591},
  doi={10.1109/SANER.2018.8330263}}
  
  
  @ARTICLE{Wiese2020,
  author={I. {Wiese} and I. {Polato} and G. {Pinto}},
  journal={IEEE Software}, 
  title={Naming the Pain in Developing Scientific Software}, 
  year={2020},
  volume={37},
  number={4},
  pages={75-82},
  doi={10.1109/MS.2019.2899838}}


@book{Sommerville2015,
author = {Sommerville, Ian},
title = {Software Engineering},
year = {2015},
isbn = {0133943038},
publisher = {Pearson},
edition = {10th},
}



% BEST PRACTICES
% ------------------------------

@article{Baath2012,
author = {Baath, Rasmus},
year = {2012},
month = {12},
pages = {74-75},
title = {The State of Naming Conventions in R},
volume = {4},
journal = {The R Journal},
doi = {10.32614/RJ-2012-018}
}



@misc{Ihaka2017,
    author = "Ihaka, R.",
    title  = "The R project: A brief history and thoughts about the future",
    year   = "2017",
    url = {https://www.stat.auckland.ac.nz/ \~{}ihaka/downloads/Massey.pdf}
}


@article{Thieme2018,
author = {Thieme, Nick},
title = {R generation},
journal = {Significance},
volume = {15},
number = {4},
pages = {14-19},
doi = {10.1111/j.1740-9713.2018.01169.x},
abstract = {The story of a statistical programming language that became a subcultural phenomenon. By Nick Thieme},
year = {2018}
}