@Manual{Cairo,
    title = {Cairo: R Graphics Device using Cairo Graphics Library for Creating
High-Quality Bitmap (PNG, JPEG, TIFF), Vector (PDF, SVG,
PostScript) and Display (X11 and Win32) Output},
    author = {Simon Urbanek and Jeffrey Horner},
    year = {2014},
    note = {R package version 1.5-6},
    url = {http://CRAN.R-project.org/package=Cairo},
  }

@Manual{extrafont,
    title = {extrafont: Tools for Using Fonts},
    author = {Winston Chang},
    year = {2014},
    note = {R package version 0.17},
    url = {http://CRAN.R-project.org/package=extrafont},
  }

@Manual{Rttf2pt1,
    title = {Rttf2pt1: Package for ttf2pt1 Program},
    author = {Winston Chang},
    year = {2015},
    note = {R package version 1.3.3},
    url = {http://CRAN.R-project.org/package=Rttf2pt1},
  }

@article{nonstdfonts,
  author       = {Paul Murrell and Brian Ripley},
  title        = {Non-Standard Fonts in {PostScript} and {PDF} Graphics},
  journal      = {R News},
  year         = 2006,
  volume       = 6,
  number       = 2,
  pages        = {41--47},
  month        = {May},
  url          = {http://CRAN.R-project.org/doc/Rnews/},
  pdf	       = {http://CRAN.R-project.org/doc/Rnews/Rnews\_2006-2.pdf}
}

@Manual{RCurl,
    title = {RCurl: General Network (HTTP/FTP/...) Client Interface for R},
    author = {Temple Lang, Duncan},
    year = {2015},
    note = {R package version 1.95-4.6},
    url = {http://CRAN.R-project.org/package=RCurl},
  }

@Article{jsonlite,
  title = {The jsonlite Package: A Practical and Consistent Mapping Between {JSON} Data and {R} Objects},
  author = {Jeroen Ooms},
  journal = {arXiv:1403.2805 [stat.CO]},
  year = {2014},
  url = {http://arxiv.org/abs/1403.2805},
}

@Book{ggplot2,
  author =	 {Hadley Wickham},
  title =	 {ggplot2: Elegant Graphics for Data Analysis},
  publisher =	 {Springer},
  address =	 {New York},
  year =	 {2009},
  url =		 {http://had.co.nz/ggplot2/book},
}

@book{gcookbook,
  title = {R Graphics Cookbook},
  author = {Chang, Winston},
  year = {2012},
  publisher = {O'Reilly Media}
}

@Manual{knitrpkg,
    title = {knitr: A General-Purpose Package for Dynamic Report Generation in R},
    author = {Yihui Xie},
    year = {2014},
    note = {R package version 1.6.10},
    url = {http://CRAN.R-project.org/package=knitr},
  }

@book{knitrbook,
  title = {Dynamic Documents with {R} and knitr},
  author = {Yihui Xie},
  publisher = {Chapman and Hall/CRC},
  year = {2013},
  url = {http://CRAN.R-project.org/package=knitr}
}

@incollection{knitrchap,
  booktitle = {Implementing Reproducible Computational Research},
  editor = {Victoria Stodden and Friedrich Leisch and Roger D. Peng},
  title = {knitr: A Comprehensive Tool for Reproducible Research in {R}},
  author = {Yihui Xie},
  publisher = {Chapman and Hall/CRC},
  year = {2014},
}

@Manual{xkcd,
    title = {xkcd: Plotting ggplot2 Graphics in a XKCD Style},
    author = {Emilio Torres Manzanera},
    year = {2014},
    note = {R package version 0.0.4},
    url = {http://CRAN.R-project.org/package=xkcd},
  }

@Manual{showtext,
  title = {showtext: Using Fonts More Easily in R Graphs},
  author = {Yixuan Qiu},
  year = {2015},
  note = {R package version 0.4-2},
  url = {http://CRAN.R-project.org/package=showtext},
}

@Manual{sysfonts,
    title = {sysfonts: Loading System Fonts into R},
    author = {Yixuan Qiu},
    year = {2015},
    note = {R package version 0.5},
    url = {http://CRAN.R-project.org/package=sysfonts},
  }

@Manual{RSvgDevice,
    title = {RSvgDevice: An R SVG Graphics Device},
    author = {T Jake Luciani and Matthieu Decorde and Vaudor Lise},
    year = {2014},
    note = {R package version 0.6.4.4},
    url = {http://CRAN.R-project.org/package=RSvgDevice},
  }


