@article{vehtari2021,
	author = {Vehtari, Aki and Gelman, Andrew and Simpson, Daniel and Carpenter, Bob
	          and Bürkner, Paul-Christian},
	title = {Rank-{Normalization}, {Folding}, and {Localization}: {An} {Improved}
	        {Rˆ} for {Assessing} {Convergence} of {MCMC} (with {Discussion})},
	volume = {16},
	issn = {1936-0975, 1931-6690},
	doi = {10.1214/20-BA1221},
	number = {2},
	urldate = {2023-11-29},
	journal = {Bayesian Analysis},
	year = {2021},
	pages = {667--718},
}

@inproceedings{smyth1994,
  author =        {Smyth, Padhraic and Fayyad, Usama and Burl, Michael and
                   Perona, Pietro and Baldi, Pierre},
  booktitle =     {Advances in Neural Information Processing Systems},
  editor =        {G. Tesauro and D. Touretzky and T. Leen},
  publisher =     {MIT Press},
  title =         {Inferring ground truth from subjective labelling of
                   {V}enus images},
  volume =        {7},
  year =          {1994},
  url =           {https://proceedings.neurips.cc/paper_files/paper/1994/file/3cef96dcc9b8035d23f69e30bb19218a-Paper.pdf},
}

@article{jakobsdottir2007,
  author =        {Jakobsdottir, Johanna and Weeks, Daniel E},
  journal =       {The American Journal of Human Genetics},
  number =        {5},
  pages =         {1111--1113},
  publisher =     {Elsevier},
  title =         {Estimating prevalence, false-positive rate, and
                   false-negative rate with use of repeated testing when
                   true responses are unknown},
  volume =        {81},
  year =          {2007},
  doi =           {10.1086/521582},
}

@article{passonneau2014,
  author =        {Passonneau, Rebecca J. and Carpenter, Bob},
  journal =       {Transactions of the Association for Computational
                   Linguistics},
  month =         dec,
  pages =         {311--326},
  publisher =     {MIT Press},
  title =         {The {Benefits} of a {Model} of {Annotation}},
  volume =        {2},
  year =          {2014},
  doi =           {10.1162/tacl_a_00185},
  issn =          {2307-387X},
  language =      {en},
  _url =           {https://www.mitpressjournals.org/doi/abs/10.1162/tacl_a_00185},
}

@inproceedings{ipeirotis2010,
  author =        {Ipeirotis, Panagiotis G and Provost, Foster and
                   Wang, Jing},
  booktitle =     {Proceedings of the ACM SIGKDD workshop on human
                   computation},
  pages =         {64--67},
  title =         {Quality management on {A}mazon {M}echanical {T}urk},
  year =          {2010},
}

@manual{base,
  address =       {Vienna, Austria},
  author =        {{R Core Team}},
  organization =  {R Foundation for Statistical Computing},
  title =         {R: A Language and Environment for Statistical
                   Computing},
  year =          {2021},
  url =           {https://www.R-project.org/},
}

@article{dawid1979,
  author =        {Dawid, A. P. and Skene, A. M.},
  journal =       {Applied Statistics},
  number =        {1},
  pages =         {20},
  title =         {Maximum {Likelihood} {Estimation} of {Observer}
                   {Error}-{Rates} {Using} the {EM} {Algorithm}},
  volume =        {28},
  year =          {1979},
  doi =           {10.2307/2346806},
  issn =          {00359254},
  language =      {en},
  _url =           {https://www.jstor.org/stable/2346806},
}

@article{paun2018,
  author =        {Paun, Silviu and Carpenter, Bob and Chamberlain, Jon and
                   Hovy, Dirk and Kruschwitz, Udo and Poesio, Massimo},
  journal =       {Transactions of the Association for Computational
                   Linguistics},
  month =         dec,
  pages =         {571--585},
  title =         {Comparing {Bayesian} {Models} of {Annotation}},
  volume =        {6},
  year =          {2018},
  doi =           {10.1162/tacl_a_00040},
  issn =          {2307-387X},
  language =      {en},
  _url =           {https://www.mitpressjournals.org/doi/abs/10.1162/tacl_a_00040},
}

@manual{pyanno,
  author =        {Berkes, Pietro and Carpenter, Bob and
                   Rzhetsky, Andrey and Evans, James},
  title =         {\pkg{pyAnno}},
  year =          {2011},
  url =           {http://docs.enthought.com/uchicago-pyanno/},
}

@article{rzhetsky2009,
  author =          {Rzhetsky, Andrey AND Shatkay, Hagit AND Wilbur, W. John},
  journal =       {PLOS Computational Biology},
  month =         {05},
  number =        {5},
  pages =         {1-13},
  publisher =     {Public Library of Science},
  title =         {How to Get the Most out of Your Curation Effort},
  volume =        {5},
  year =          {2009},
  doi =           {10.1371/journal.pcbi.1000391},
  _url =           {https://doi.org/10.1371/journal.pcbi.1000391},
}

@article{goodman1974,
  author =        {Goodman, Leo A},
  journal =       {Biometrika},
  number =        {2},
  pages =         {215--231},
  publisher =     {Oxford University Press},
  title =         {Exploratory latent structure analysis using both
                   identifiable and unidentifiable models},
  volume =        {61},
  year =          {1974},
  doi =           {10.1093/biomet/61.2.215},
}

@article{linzer2011,
  author =        {Linzer, Drew A. and Lewis, Jeffrey B.},
  journal =       {Journal of Statistical Software},
  month =         jun,
  number =        {1},
  pages =         {1--29},
  title =         {\pkg{poLCA}: {An} {R} {Package} for {Polytomous}
                   {Variable} {Latent} {Class} {Analysis}},
  volume =        {42},
  year =          {2011},
  doi =           {10.18637/jss.v042.i10},
  issn =          {1548-7660},
  language =      {en},
  _url =           {https://www.jstatsoft.org/index.php/jss/article/view/v042i10},
}

@article{white2014,
  author =        {White, Arthur and Murphy, Thomas Brendan},
  journal =       {Journal of Statistical Software},
  number =        {13},
  title =         {\pkg{BayesLCA}: {An} {R} {Package} for {Bayesian}
                   {Latent} {Class} {Analysis}},
  volume =        {61},
  year =          {2014},
  doi =           {10.18637/jss.v061.i13},
  issn =          {1548-7660},
  language =      {en},
  _url =           {http://www.jstatsoft.org/v61/i13/},
}

@article{beath2017,
  author =        {Beath, Ken J.},
  journal =       {Journal of Statistical Software},
  month =         nov,
  note =          {Number: 1},
  number =        {13},
  pages =         {1--25},
  title =         {{randomLCA}: {An} {R} {Package} for {Latent} {Class}
                   with {Random} {Effects} {Analysis}},
  volume =        {81},
  year =          {2017},
  doi =           {10.18637/jss.v081.i13},
  issn =          {1548-7660},
  language =      {en},
  _url =           {https://www.jstatsoft.org/v081/i13},
}

@manual{stanguide,
  author =        {{Stan Development Team}},
  note =          {Version~2.27},
  title =         {Stan {U}ser's {G}uide},
  year =          {2021},
  url =           {https://mc-stan.org/docs/2_27/stan-users-guide/},
}

@article{li2014,
  author =        {Li, Hongwei and Yu, Bin},
  journal =       {arXiv preprint arXiv:1411.4086},
  title =         {Error {Rate} {Bounds} and {Iterative} {Weighted}
                   {Majority} {Voting} for {Crowdsourcing}},
  year =          {2014},
  url =           {https://arxiv.org/abs/1411.4086},
}

@article{hui1980,
  author =        {Hui, S. L. and Walter, S. D.},
  journal =       {Biometrics},
  month =         mar,
  number =        {1},
  pages =         {167--171},
  title =         {Estimating the {Error} {Rates} of {Diagnostic}
                   {Tests}},
  volume =        {36},
  year =          {1980},
  doi =           {10.2307/2530508},
  issn =          {0006341X},
  language =      {en},
  _url =           {https://www.jstor.org/stable/2530508},
}

@article{asselineau2018,
  author =        {Asselineau, J. and Paye, A. and Bessède, E. and
                   Perez, P. and Proust-Lima, C.},
  journal =       {Epidemiology and Infection},
  month =         sep,
  number =        {12},
  pages =         {1556--1564},
  title =         {Different Latent Class Models Were Used and Evaluated
                   for Assessing the Accuracy of Campylobacter
                   Diagnostic Tests: Overcoming Imperfect Reference
                   Standards?},
  volume =        {146},
  year =          {2018},
  doi =           {10.1017/S0950268818001723},
  issn =          {0950-2688, 1469-4409},
  language =      {en},
  _url =           {https://doi.org/10.1017/S0950268818001723},
}

@article{carpenter2017,
  author =        {Carpenter, Bob and Gelman, Andrew and
                   Hoffman, Matthew D. and Lee, Daniel and Goodrich, Ben and
                   Betancourt, Michael and Brubaker, Marcus and
                   Guo, Jiqiang and Li, Peter and Riddell, Allen},
  journal =       {Journal of Statistical Software},
  number =        {1},
  title =         {Stan: {A} {Probabilistic} {Programming} {Language}},
  volume =        {76},
  year =          {2017},
  doi =           {10.18637/jss.v076.i01},
  issn =          {1548-7660},
  language =      {en},
  _url =           {http://www.jstatsoft.org/v76/i01/},
}

@article{JMLR:v15:hoffman14a,
  author =        {Matthew D. Hoffman and Andrew Gelman},
  journal =       {Journal of Machine Learning Research},
  pages =         {1593-1623},
  title =         {The {No}-{U}-{Turn} {Sampler}: Adaptively Setting
                   Path Lengths in {Hamiltonian} {Monte} {Carlo}},
  volume =        {15},
  year =          {2014},
  url =           {http://jmlr.org/papers/v15/hoffman14a.html},
}

@book{mcbook,
  author =        {Owen, Art B.},
  title =         {Monte {Carlo} Theory, Methods and Examples},
  year =          {2013},
  url =           {https://statweb.stanford.edu/~owen/mc/},
}

@article{robert2021raoblackwellization,
  author =        {Christian P. Robert and Gareth O. Roberts},
  journal =       {arXiv:2101.01011 [stat]},
  note =          {arXiv: 2101.01011},
  title =         {{R}ao-{B}lackwellization in the {MCMC} era},
  year =          {2021},
  url =           {https://arxiv.org/abs/2101.01011},
}

@article{geyer1995,
  author =        {Charles J. Geyer},
  journal =       {Journal of Computational and Graphical Statistics},
  number =        {2},
  pages =         {148-154},
  publisher =     {Taylor & Francis},
  title =         {Conditioning in {M}arkov Chain {M}onte {C}arlo},
  volume =        {4},
  year =          {1995},
  doi =           {10.1080/10618600.1995.10474672},
  _url =           {https://doi.org/10.1080/10618600.1995.10474672},
}

@article{blackwell1947,
  author =        {Blackwell, David},
  journal =       {Ann. Math. Statist.},
  month =         {03},
  number =        {1},
  pages =         {105--110},
  publisher =     {The Institute of Mathematical Statistics},
  title =         {Conditional Expectation and Unbiased Sequential
                   Estimation},
  volume =        {18},
  year =          {1947},
  doi =           {10.1214/aoms/1177730497},
  _url =           {https://doi.org/10.1214/aoms/1177730497},
}

@article{yackulic2020,
  author =        {Yackulic, Charles B. and Dodrill, Michael and
                   Dzul, Maria and Sanderlin, Jamie S. and
                   Reid, Janice A.},
  journal =       {Ecological Applications},
  number =        {5},
  pages =         {e02112},
  title =         {A Need for Speed in Bayesian Population Models: A
                   Practical Guide to Marginalizing and Recovering
                   Discrete Latent States},
  volume =        {30},
  year =          {2020},
  doi =           {10.1002/eap.2112},
  _url =           {https://esajournals.onlinelibrary.wiley.com/doi/abs/10.1002/eap.2112},
}

@article{zhang2022,
  author =        {Zhang, Wen and Pullin, Jeffrey and Gurrin, Lyle and
                   Vukcevic, Damjan},
  journal =       {arXiv:2204.06313 [stat]},
  title =         {Investigating the efficiency of marginalising over
                   discrete parameters in {B}ayesian computations},
  year =          {2022},
  doi =           {10.48550/ARXIV.2204.06313},
  url =           {https://arxiv.org/abs/2204.06313},
}

@article{espeland1989,
  author =        {Mark A. Espeland and Stanley L. Handelman},
  journal =       {Biometrics},
  number =        {2},
  pages =         {587--599},
  publisher =     {[Wiley, International Biometric Society]},
  title =         {Using Latent Class Models to Characterize and Assess
                   Relative Error in Discrete Measurements},
  volume =        {45},
  year =          {1989},
  issn =          {0006341X, 15410420},
  doi =           {10.2307/2531499},
  _url =           {http://www.jstor.org/stable/2531499},
}

@article{handelman1986,
  author =        {Stanley L. Handelman and D.H. Leverett and
                   Mark A. Espeland and Jennifer A. Curzon},
  journal =       {The Journal of the American Dental Association},
  number =        {5},
  pages =         {751--754},
  title =         {Clinical Radiographic Evaluation of Sealed Carious
                   and Sound Tooth Surfaces},
  volume =        {113},
  year =          {1986},
  doi =           {10.14219/jada.archive.1986.0269},
  issn =          {0002-8177},
  _url =           {https://doi.org/10.14219/jada.archive.1986.0269},
}

@article{vehtari2017,
  author =        {Vehtari, Aki and Gelman, Andrew and Gabry, Jonah},
  journal =       {Statistics and Computing},
  month =         sep,
  number =        {5},
  pages =         {1413--1432},
  publisher =     {Springer},
  title =         {Practical {Bayesian} Model Evaluation Using
                   Leave-One-Out Cross-Validation and {WAIC}},
  volume =        {27},
  year =          {2017},
  doi =           {10.1007/s11222-016-9696-4},
  issn =          {1573-1375},
  language =      {en},
}

@article{watanabe2013,
  author =        {Watanabe, Sumio},
  journal =       {Journal of Machine Learning Research},
  month =         {Mar},
  pages =         {867--897},
  title =         {A {{Widely Applicable Bayesian Information
                   Criterion}}},
  volume =        {14},
  year =          {2013},
  issn =          {1533-7928},
}

@book{ggplot2,
  author =        {Hadley Wickham},
  publisher =     {Springer-Verlag New York},
  title =         {ggplot2: Elegant Graphics for Data Analysis},
  year =          {2016},
  isbn =          {978-3-319-24277-4},
  url =           {https://ggplot2.tidyverse.org},
}

@incollection{knitr2014,
  author =        {Yihui Xie},
  booktitle =     {Implementing Reproducible Computational Research},
  editor =        {Victoria Stodden and Friedrich Leisch and
                   Roger D. Peng},
  note =          {ISBN 978-1466561595},
  publisher =     {Chapman and Hall/CRC},
  title =         {{knitr}: A Comprehensive Tool for Reproducible
                   Research in {R}},
  year =          {2014},
}

@book{knitr2015,
  address =       {Boca Raton, Florida},
  author =        {Yihui Xie},
  edition =       {2nd},
  note =          {ISBN 978-1498716963},
  publisher =     {Chapman and Hall/CRC},
  title =         {Dynamic Documents with {R} and knitr},
  year =          {2015},
  url =           {https://yihui.org/knitr/},
}

@manual{knitr2023,
  author =        {Yihui Xie},
  note =          {R package version 1.44},
  title =         {{knitr}: A General-Purpose Package for Dynamic Report
                   Generation in R},
  year =          {2023},
  url =           {https://yihui.org/knitr/},
}

@manual{rater,
  author =        {Jeffrey Pullin and Damjan Vukcevic},
  note =          {R package version 1.3.1},
  title =         {{rater}: Statistical Models of Repeated Categorical
                   Rating Data},
  year =          {2023},
  url =           {https://CRAN.R-project.org/package=rater},
}

@manual{rjtools,
  author =        {Mitchell O'Hara-Wild and Stephanie Kobakian and
                   H. Sherry Zhang and Di Cook and Simon Urbanek and
                   Christophe Dervieux},
  note =          {R package version 1.0.10},
  title =         {{rjtools}: Preparing, Checking, and Submitting
                   Articles to the `{R Journal}'},
  year =          {2023},
  url =           {https://CRAN.R-project.org/package=rjtools},
}

@book{rmarkdown2018,
  address =       {Boca Raton, Florida},
  author =        {Yihui Xie and J.J. Allaire and Garrett Grolemund},
  publisher =     {Chapman and Hall/CRC},
  title =         {R Markdown: The Definitive Guide},
  year =          {2018},
  isbn =          {9781138359338},
  url =           {https://bookdown.org/yihui/rmarkdown},
}

@book{rmarkdown2020,
  address =       {Boca Raton, Florida},
  author =        {Yihui Xie and Christophe Dervieux and Emily Riederer},
  publisher =     {Chapman and Hall/CRC},
  title =         {R Markdown Cookbook},
  year =          {2020},
  isbn =          {9780367563837},
  url =           {https://bookdown.org/yihui/rmarkdown-cookbook},
}

@manual{rmarkdown2023,
  author =        {JJ Allaire and Yihui Xie and Christophe Dervieux and
                   Jonathan McPherson and Javier Luraschi and
                   Kevin Ushey and Aron Atkins and Hadley Wickham and
                   Joe Cheng and Winston Chang and Richard Iannone},
  note =          {R package version 2.25},
  title =         {{rmarkdown}: Dynamic Documents for R},
  year =          {2023},
  url =           {https://github.com/rstudio/rmarkdown},
}

@misc{rstan,
  author =        {{Stan Development Team}},
  note =          {R~package version~2.26.23},
  title =         {\pkg{RStan}: the {R} Interface to {Stan}},
  year =          {2023},
  url =           {http://mc-stan.org/},
}

@misc{loo,
  title = {loo: Efficient leave-one-out cross-validation and WAIC for {B}ayesian models},
  author = {Aki Vehtari and Jonah Gabry and Mans Magnusson and Yuling Yao and Paul-Christian Bürkner and Topi Paananen and Andrew Gelman},
  year = {2023},
  note = {R~package version~2.6.0},
  url = {https://mc-stan.org/loo/},
}

@article{coda,
  title = {CODA: Convergence Diagnosis and Output Analysis for MCMC},
  author = {Martyn Plummer and Nicky Best and Kate Cowles and Karen Vines},
  journal = {R News},
  year = {2006},
  volume = {6},
  number = {1},
  pages = {7--11},
  url = {https://journal.r-project.org/archive/},
  pdf = {https://www.r-project.org/doc/Rnews/Rnews_2006-1.pdf},
}

