@book{Monod1949,
author = {J.~{Monod}},
title = {{The growth of bacterial cultures}},
publisher = {em Annual Reviews in Microbiology 3(1):},
pages = {371--394},
year = {1949}
}

