@Manual{dplyr,
	title = {dplyr: A Grammar of Data Manipulation},
	author = {Hadley Wickham and Romain François and Lionel Henry and Kirill Müller},
	year = {2021},
	note = {R package version 1.0.7},
	url = {https://CRAN.R-project.org/package=dplyr},
}
@TechReport{nimblesmcpaper,
	title = {Sequential {M}onte {C}arlo methods in the nimble {R}
	package},
	year = {2020},
	author = {N. Michaud and P. {de Valpine} and D. Turek and C.J. Paciorek and D. Nguyen},
	institution = {arXiv preprint},
	number = {arxiv:1703.06206},
}

@Misc{nimblesmcpackage,
	title = {{nimbleSMC}: {S}equential {M}onte {C}arlo methods for {NIMBLE}},
	author = {{{NIMBLE} Development Team}},
	year = {2020},
	version = {0.10.0},
	note = {{R} package version 0.10.0 \url{https://cran.r-project.org/package=nimbleSMC}},
	url = {https://doi.org/10.5281/zenodo.1211190}
}
@Article{nimble,
	title = {Programming with models: writing statistical algorithms
	for general model structures with {NIMBLE}},
	journal = {Journal of Computational and Graphical Statistics},
	volume = {26},
	issue = {2},
	pages = {403-413},
	year = {2017},
	author = {Perry {de Valpine} and Daniel Turek and Christopher
	Paciorek and Cliff Anderson-Bergman and Duncan {Temple Lang} and
	Ras Bodik},
	url = {https://doi.org/10.1080/10618600.2016.1172487},
}
@article{doucet2015,
    author = {Doucet, A. and Pitt, M. K. and Deligiannidis, G. and Kohn, R.},
    title = "{Efficient implementation of Markov chain Monte Carlo when using an unbiased likelihood estimator}",
    journal = {Biometrika},
    volume = {102},
    number = {2},
    pages = {295-313},
    year = {2015},
    month = {03},
    issn = {0006-3444},
    url = {https://doi.org/10.1093/biomet/asu075}
}
@Article{Petris2010,
  author = {Giovanni Petris and Sonia Petrone},
  title = {State Space Models in R},
  journal = {Journal of Statistical Software},
  volume = {41},
  number = {4},
  pages = {1--25},
  day = {12},
  year = {2011},
  url = {https://doi.org/10.18637/jss.v041.i04},
}

 @Book{ggplot2,
    author = {Hadley Wickham},
    title = {ggplot2: Elegant Graphics for Data Analysis},
    publisher = {Springer-Verlag New York},
    year = {2016},
    isbn = {978-3-319-24277-4},
    url = {https://ggplot2.tidyverse.org},
  }

@article{haario,
	author = {Haario, Heikki and Saksman, Eero and Tamminen, Johanna},
	journal = {Bernoulli},
	month = {04},
	number = {2},
	pages = {223--242},
	publisher = {Bernoulli Society for Mathematical Statistics and Probability},
	title = {An adaptive {M}etropolis algorithm},
	url = {https://doi.org/10.2307/3318737},
	volume = {7},
	year = {2001}
}


@book{jazwinski,
  author = {Andrew Jazwinski},
  title = {Stochastic Processes and Filtering Theory},
  publisher = {Academic Press},
  year = {1970},
}



@inproceedings{vardermerwe,
  title={The unscented particle filter},
  author={Van Der Merwe, Rudolph and Doucet, Arnaud and De Freitas, Nando and Wan, Eric A},
  booktitle={Advances in neural information processing systems},
  pages={584--590},
  year={2001}
}

@article{funk_king2020,
title = "Choices and trade-offs in inference with infectious disease models",
journal = "Epidemics",
volume = "30",
pages = "100383",
year = "2020",
issn = "1755-4365",
url = "https://doi.org/10.1016/j.epidem.2019.100383",
author = "Sebastian Funk and Aaron A. King",
}
@article{Stan,
   author = {Bob Carpenter and Andrew Gelman and Matthew Hoffman and Daniel Lee and Ben Goodrich and Michael Betancourt and Marcus Brubaker and Jiqiang Guo and Peter Li and Allen Riddell},
   title = {Stan: A Probabilistic Programming Language},
   journal = {Journal of Statistical Software},
   volume = {76},
   number = {1},
   year = {2017},
   pages = {1--32},
   url = {https://doi.org/10.18637/jss.v076.i01}
}
@Article{pomp,
  title = {Statistical Inference for Partially Observed {Markov} Processes via the {R} Package {pomp}},
  author = {Aaron A. King and Dao Nguyen and Edward L. Ionides},
  journal = {Journal of Statistical Software},
  year = {2016},
  volume = {69},
  number = {12},
  pages = {1--43},
  url = {https://doi.org/10.18637/jss.v069.i12},
}
@article{libbi,
   author = {Lawrence Murray},
   title = {Bayesian State-Space Modelling on High-Performance Hardware Using {LibBi}},
   journal = {Journal of Statistical Software, Articles},
   volume = {67},
   number = {10},
   year = {2015},
   keywords = {Bayesian hierarchical modelling; state space modelling; sequential Monte Carlo; particle Markov chain Monte Carlo; LibBi},
   issn = {1548-7660},
   pages = {1--36},
   url = {https://doi.org/10.18637/jss.v067.i10}
}

@Manual{rbi,
    title = {rbi: Interface to {LibBi}},
    author = {Pierre E. Jacob and Sebastian Funk},
    year = {2020},
    note = {R package version 0.10.3},
    url = {https://CRAN.R-project.org/package=rbi},
  }

@article{kitagawa,
title={{M}onte {C}arlo filter and smoother for non-{G}aussian nonlinear
state space models},
author={Kitagawa, Genshiro},
journal={Journal of Computational and Graphical Statistics},
volume={5},
number={1},
pages={1--25},
year={1996}
}

@Article{coda,
    title = {{CODA}: Convergence Diagnosis and Output Analysis for {MCMC}},
    author = {Martyn Plummer and Nicky Best and Kate Cowles and Karen Vines},
    journal = {R News},
    year = {2006},
    volume = {6},
    number = {1},
    pages = {7--11},
    url = {https://CRAN.R-project.org/doc/Rnews/}
  }

@Article{Rcpp,
  title = {{Rcpp}: Seamless {R} and {C++} Integration},
  author = {Dirk Eddelbuettel and Romain Fran\c{c}ois},
  journal = {Journal of Statistical Software},
  year = {2011},
  volume = {40},
  number = {8},
  pages = {1--18},
  url = {https://doi.org/10.18637/jss.v040.i08},
}


@Article{RcppArmadillo,
    title = {RcppArmadillo: Accelerating {R} with high-performance {C++} linear algebra},
    author = {Dirk Eddelbuettel and Conrad Sanderson},
    journal = {Computational	Statistics and Data Analysis},
    year = {2014},
    volume = {71},
    month = {March},
    pages = {1054--1063},
    url = {http://doi.org/10.1016/j.csda.2013.02.005},
  }


@article{gordon-salmond-smith,
  author = "Neil J. Gordon and D. J. Salmond and A. F. M. Smith",
  title = "Novel approach to nonlinear/non-{G}aussian {B}ayesian state estimation",
  journal = "IEE Proceedings-F",
  volume = "140",
  number = "2",
  pages = "107--113",
  year = "1993"
  }
  

@article{Christen2005,
author = {J. Andrés Christen and Colin Fox},
title = {Markov chain {M}onte {C}arlo Using an Approximation},
journal = {Journal of Computational and Graphical Statistics},
volume = {14},
number = {4},
pages = {795-810},
year = {2005},
url = {https://doi.org/10.1198/106186005X76983},
}

@article{Banterle2015,
title = {Accelerating {M}etropolis-{H}astings algorithms by Delayed Acceptance},
journal = {Foundations of Data Science},
volume = {1},
number = {2},
pages = {103},
year = {2019},
url = {https://doi.org/10.3934/fods.2019005},
author = {Marco Banterle and Clara Grazian and Anthony Lee and Christian P. Robert},
}


@article{DK2002,
author = {Durbin, J. and Koopman, S. J.},
title = {A Simple and Efficient Simulation Smoother for State Space Time Series Analysis},
journal = {Biometrika},
year = {2002},
volume = {89},
pages = {603--615}
}


@article{andrieu-doucet-holenstein,
  author = "Christophe Andrieu and Arnaud Doucet and Roman Holenstein",
  title = "Particle {M}arkov chain {M}onte {C}arlo methods",
  journal = {Journal of Royal Statistical Society B},
  year = 2010,
  volume = 72,
  number = 3,
  pages = "269--342"
}
 @Misc{rstan,
    title = {{RStan}: the {R} interface to {Stan}},
    author = {{Stan Development Team}},
    note = {R package version 2.21.2},
    year = {2020},
    url = {http://mc-stan.org/},
  }
  
@Manual{helske-ram,
  title = {{ramcmc}: Robust Adaptive {M}etropolis Algorithm},
  author = {Jouni Helske},
  year = {2016},
  note = {R package version	0.1.0-1.1},
  url = {https://CRAN.R-project.org/package=ramcmc},
}

@article{franks-vihola,
title = {Importance sampling correction versus standard averages of reversible {MCMC}s in terms of the asymptotic variance},
author = {Jordan Franks and Matti Vihola},
journal = {Stochastic Processes and their Applications},
volume = {130},
number = {10},
pages = {6157 - 6183},
year = {2020},
issn = {0304-4149},
url = {http://www.sciencedirect.com/science/article/pii/S0304414919304053},
}

@article{Hoffman2014,
	Author = {Hoffman, Matthew D and Gelman, Andrew},
	Date-Added = {2015-09-13 22:05:30 +0000},
	Date-Modified = {2015-09-13 22:11:47 +0000},
	Journal = {The Journal of Machine Learning Research},
	Number = {1},
	Pages = {1593--1623},
	Title = {The no-{U}-turn sampler: Adaptively setting path lengths in {H}amiltonian {M}onte {C}arlo},
	Volume = {15},
	Year = {2014}}
	

@Manual{sde,
    title = {sde: Simulation and Inference for Stochastic Differential Equations},
    author = {Stefano Maria Iacus},
    year = {2016},
    note = {R package version 2.0.15},
    url = {https://CRAN.R-project.org/package=sde},
}
  
@Article{inla,
  title = {Bayesian Spatial Modelling with {R-INLA}},
  author = {Finn Lindgren and H{\aa}vard Rue},
  journal = {Journal of Statistical Software},
  year = {2015},
  volume = {63},
  number = {19},
  pages = {1--25},
  url = {https://doi.org/10.18637/jss.v063.i19},
}
@Article{Tusell2010,
  author = {Fernando Tusell},
  title = {Kalman Filtering in {R}},
  journal = {Journal of Statistical Software},
  volume = {39},
  number = {2},
  pages = {1--27},
  day = {1},
  year = {2011},
  url = {https://doi.org/10.18637/jss.v039.i02},
}
@Article{vihola-helske-franks,
  author = {Matti Vihola and Jouni Helske and Jordan Franks},
  title = {Importance sampling type estimators based on approximate marginal {MCMC}},
  journal = {Scandinavian Journal of Statistics},
  volume = {},
  number = {},
  pages = {},
  year = {2020},
  url = {https://doi.org/10.1111/sjos.12492}
}

 @Article{KFAS,
    title = {{KFAS}: Exponential Family State Space Models in {R}},
    author = {Jouni Helske},
    journal = {Journal of Statistical Software},
    year = {2017},
    volume = {78},
    number = {10},
    pages = {1--39},
    url = {https://doi.org/10.18637/jss.v078.i10},
  }

@article{DK2000,
author = {Durbin, J. and Koopman, S. J.},
title = {Time Series Analysis of Non-{G}aussian Observations Based on State Space Models from Both Classical and {B}ayesian Perspectives},
journal = {Journal of Royal Statistical Society B},
year = {2000},
volume = {62},
pages = {3--56}
}

@Article{seqHMM,
    title = {Mixture Hidden {M}arkov Models for Sequence Data: The
      {seqHMM} Package in {R}},
    author = {Satu Helske and Jouni Helske},
    journal = {Journal of Statistical Software},
    year = {2019},
    volume = {88},
    number = {3},
    pages = {1--32},
    url = {https://doi.org/10.18637/jss.v088.i03},
  }
  
  
@book{DK2012,
author = {Durbin, J. and Koopman, S. J.},
title = {Time Series Analysis by State Space Methods},
edition = {2nd},
year = {2012},
address = {New York},
publisher = {Oxford University Press}
}


@book{Harvey1989,
  author = {Harvey, A. C.},
  publisher = {Cambridge University Press},
  title = {Forecasting, Structural Time Series Models and the {K}alman Filter},
  year = {1989},
}

@Article{Vihola2012,
author="Vihola, Matti",
title="Robust adaptive {M}etropolis algorithm with coerced acceptance rate",
journal="Statistics and Computing",
year="2012",
volume="22",
number="5",
pages="997--1008",
issn="1573-1375",
url="https://doi.org/10.1007/s11222-011-9269-5"
}


