@Article{Cava2018,
  author = {Claudia Cava and Gloria Bertoli and Antonio Colaprico and Catharina Olsen and Gianluca Bontempi and Isabella Castiglioni},
  title = {Integration of Multiple Networks and Pathways Identifies Cancer Driver Genes in Pan-Cancer Analysis},
  journal = {BMC Genomics},
  year = {2018},
  volume = {19},
  number = {1},
  pages = {25},
  url = {https://doi.org/10.1186/s12864-017-4423-x},
}

@Article{parker2009supervised,
  title = {Supervised Risk Predictor of Breast Cancer Based on Intrinsic Subtypes},
  author = {Joel S Parker and Michael Mullins and Maggie CU Cheang and Samuel Leung and David Voduc and Tammi Vickery and Sherri Davies and Christiane Fauron and Xiaping He and Zhiyuan Hu and {others}},
  journal = {Journal of Clinical Oncology},
  volume = {27},
  number = {8},
  pages = {1160},
  year = {2009},
  publisher = {American Society of Clinical Oncology},
  url = {https://doi.org/10.1200/jco.2008.18.1370},
}

@Article{desmedt2009gene,
  title = {The {G}ene Expression {G}rade {I}ndex: a Potential Predictor of Relapse for Endocrine-Treated Breast Cancer Patients in the {BIG} 1--98 Trial},
  author = {Christine Desmedt and Anita Giobbie-Hurder and Patrick Neven and Robert Paridaens and Marie-Rose Christiaens and Ann Smeets and Françoise Lallemand and Benjamin Haibe-Kains and Giuseppe Viale and Richard D Gelber and {others}},
  journal = {BMC Medical Genomics},
  volume = {2},
  number = {1},
  pages = {40},
  year = {2009},
  publisher = {BioMed Central},
  url = {https://doi.org/10.1186/1755-8794-2-40},
}

@Article{donato2013analysis,
  title = {Analysis and Correction of Crosstalk Effects in Pathway Analysis},
  author = {Michele Donato and Zhonghui Xu and Alin Tomoiaga and James G Granneman and Robert G MacKenzie and Riyue Bao and Nandor Gabor Than and Peter H Westfall and Roberto Romero and Sorin Draghici},
  journal = {Genome research},
  volume = {23},
  number = {11},
  pages = {1885--1893},
  year = {2013},
  publisher = {Cold Spring Harbor Lab},
  url = {https://doi.org/10.1101/gr.153551.112},
}

@Article{ihnatova2015topaseq,
  title = {{T}o{PAS}eq: An {R} Package for Topology-Based Pathway Analysis of Microarray and {RNA}-{S}eq Data},
  author = {Ivana Ihnatova and Eva Budinska},
  journal = {BMC bioinformatics},
  volume = {16},
  number = {1},
  pages = {350},
  year = {2015},
  publisher = {BioMed Central},
  url = {https://doi.org/10.1186/s12859-015-0763-1},
}

@Article{folger2011predicting,
  title = {Predicting Selective Drug Targets in Cancer through Metabolic Networks},
  author = {Ori Folger and Livnat Jerby and Christian Frezza and Eyal Gottlieb and Eytan Ruppin and Tomer Shlomi},
  journal = {Molecular systems biology},
  volume = {7},
  number = {1},
  pages = {501},
  year = {2011},
  publisher = {EMBO Press},
  url = {https://doi.org/10.1038/msb.2011.35},
}

@Article{garcia2015pathway,
  title = {Pathway Analysis: State of the Art},
  author = {Miguel A García-Campos and Jesús Espinal-Enríquez and Enrique Hernández-Lemus},
  journal = {Frontiers in Physiology},
  volume = {6},
  pages = {383},
  year = {2015},
  publisher = {Frontiers},
  url = {https://doi.org/10.3389/fphys.2015.00383},
}

@Article{Cava2016,
  author = {Claudia Cava and Antonio Colaprico and Gloria Bertoli and Gianluca Bontempi and Giancarlo Mauri and Isabella Castiglioni},
  title = {{How Interacting Pathways Are Regulated by miRNAs in Breast Cancer Subtypes}},
  journal = {BMC Bioinformatics},
  year = {2016},
  volume = {17},
  number = {12},
  pages = {348},
  url = {https://doi.org/10.1186/s12859-016-1196-1},
}

@Article{Cava2015,
  author = {Antonio Colaprico and Claudia Cava and Gloria Bertoli and Gianluca Bontempi and Isabella Castiglioni},
  title = {{Integrative Analysis with {M}onte {C}arlo {C}ross-{V}alidation Reveals miRNAs Regulating Pathways Cross-Talk in Aggressive Breast Cancer}},
  journal = {BioMed Research International},
  year = {2015},
  volume = {2015},
  number = {831314},
  pages = {17},
}

@Article{Cava2014,
  title = {Integration of m{RNA} Expression Profile, Copy Number Alterations, and micro{RNA} Expression Levels in Breast Cancer to Improve Grade Definition},
  author = {Claudia Cava and Gloria Bertoli and Marilena Ripamonti and Giancarlo Mauri and Italo Zoppis and Pasquale Anthony {Della Rosa} and Maria Carla Gilardi and Isabella Castiglioni},
  journal = {PloS one},
  volume = {9},
  number = {5},
  pages = {e97681},
  year = {2014},
  url = {https://doi.org/10.1371/journal.pone.0097681},
}

@Article{Genemania,
  title = {Gene{MANIA} Prediction Server 2013 Update},
  author = {Khalid Zuberi and Max Franz and Harold Rodriguez and Jason Montojo and Christian Tannus Lopes and Gary D Bader and Quaid Morris},
  journal = {Nucleic Acids Research},
  volume = {41},
  number = {W1},
  pages = {W115--W122},
  year = {2013},
}

@Article{cava2017spidermir,
  title = {{SpidermiR}: An {R}/{B}ioconductor Package for Integrative Analysis with mi{RNA} Data},
  author = {Claudia Cava and Antonio Colaprico and Gloria Bertoli and Alex Graudenzi and Tiago C Silva and Catharina Olsen and Houtan Noushmehr and Gianluca Bontempi and Giancarlo Mauri and Isabella Castiglioni},
  journal = {International journal of molecular sciences},
  volume = {18},
  number = {2},
  pages = {274},
  year = {2017},
  publisher = {Multidisciplinary Digital Publishing Institute},
  url = {https://doi.org/10.3390/ijms18020274},
}

@Article{CavaBSB,
  title = {Integrating Genetics and Epigenetics in Breast Cancer: Biological Insights, Experimental, Computational Methods and Therapeutic Potential},
  author = {Claudia Cava and Gloria Bertoli and Isabella Castiglioni},
  journal = {BMC Systems Biology},
  volume = {9},
  number = {1},
  pages = {62},
  year = {2015},
  url = {https://doi.org/10.1186/s12918-015-0211-x},
}

@Article{fang2012network,
  title = {A Network-Based Gene-Weighting Approach for Pathway Analysis},
  author = {Zhaoyuan Fang and Weidong Tian and Hongbin Ji},
  journal = {Cell research},
  volume = {22},
  number = {3},
  pages = {565},
  year = {2012},
  url = {https://doi.org/10.1038/cr.2011.149},
}

@Article{dong2016lego,
  title = {{LEGO}: a Novel Method for Gene Set over-Representation Analysis by Incorporating Network-Based Gene Weights},
  author = {Xinran Dong and Yun Hao and Xiao Wang and Weidong Tian},
  journal = {Scientific Reports},
  volume = {6},
  pages = {18871},
  year = {2016},
  url = {https://doi.org/10.1038/srep18871},
}

@InProceedings{cava2014pathway,
  title = {Pathway-Based Expression Profile for Breast Cancer Diagnoses},
  author = {Claudia Cava and Gloria Bertoli and Isabella Castiglioni},
  booktitle = {Engineering in Medicine and Biology Society (EMBC), 2014 36th Annual International Conference of the IEEE},
  pages = {1151--1154},
  year = {2014},
  organization = {IEEE},
  url = {https://doi.org/10.1109/embc.2014.6943799},
}

@InProceedings{cava2013copy,
  title = {Copy--Number Alterations for Tumor Progression Inference},
  author = {Claudia Cava and Italo Zoppis and Manuela Gariboldi and Isabella Castiglioni and Giancarlo Mauri and Marco Antoniotti},
  booktitle = {Conference on Artificial Intelligence in Medicine in Europe},
  pages = {104--109},
  year = {2013},
  organization = {Springer},
  url = {https://doi.org/10.1007/978-3-642-38326-7\_16},
}

@Article{cava2014combined,
  title = {Combined Analysis of Chromosomal Instabilities and Gene Expression for Colon Cancer Progression Inference},
  author = {Claudia Cava and Italo Zoppis and Manuela Gariboldi and Isabella Castiglioni and Giancarlo Mauri and Marco Antoniotti},
  journal = {Journal of Clinical Bioinformatics},
  volume = {4},
  number = {1},
  pages = {2},
  year = {2014},
  url = {https://doi.org/10.1186/2043-9113-4-2},
}

@Article{nicolle2015coregnet,
  title = {{C}o{R}eg{N}et: Reconstruction and Integrated Analysis of Co-Regulatory Networks},
  author = {Rémy Nicolle and Francois Radvanyi and Mohamed Elati},
  journal = {Bioinformatics},
  volume = {31},
  number = {18},
  pages = {3066--3068},
  year = {2015},
  publisher = {Oxford University Press},
}

@Article{mohamed2014netpathminer,
  title = {{NetPathMiner: R/Bioconductor Package for Network Path Mining through Gene Expression}},
  author = {Ahmed Mohamed and Timothy Hancock and Canh Hao Nguyen and Hiroshi Mamitsuka},
  journal = {Bioinformatics},
  volume = {30},
  number = {21},
  pages = {3139--3141},
  year = {2014},
  publisher = {Oxford University Press},
}

@Article{fang2016xgr,
  title = {{XGR Software for Enhanced Interpretation of Genomic Summary Data, Illustrated by Application to Immunological Traits}},
  author = {Hai Fang and Bogdan Knezevic and Katie L Burnham and Julian C Knight},
  journal = {Genome medicine},
  volume = {8},
  number = {1},
  pages = {129},
  year = {2016},
  publisher = {BioMed Central},
  url = {https://doi.org/10.1186/s13073-016-0384-y},
}

@Article{subramanian2005gene,
  title = {Gene Set Enrichment Analysis: a Knowledge-Based Approach for Interpreting Genome-Wide Expression Profiles},
  author = {Aravind Subramanian and Pablo Tamayo and Vamsi K Mootha and Sayan Mukherjee and Benjamin L Ebert and Michael A Gillette and Amanda Paulovich and Scott L Pomeroy and Todd R Golub and Eric S Lander and {others}},
  journal = {Proceedings of the National Academy of Sciences},
  volume = {102},
  number = {43},
  pages = {15545--15550},
  year = {2005},
  publisher = {National Acad Sciences},
  url = {https://doi.org/10.1073/pnas.0506580102},
}

@Article{sales2012g,
  title = {Graphite-a {B}ioconductor Package to Convert Pathway Topology to Gene Network},
  author = {Gabriele Sales and Enrica Calura and Duccio Cavalieri and Chiara Romualdi},
  journal = {BMC Bioinformatics},
  volume = {13},
  number = {1},
  pages = {20},
  year = {2012},
  publisher = {BioMed Central},
  url = {https://doi.org/10.1186/1471-2105-13-20},
}

@Article{franz2018genemania,
  title = {{GeneMANIA Update 2018}},
  author = {Max Franz and Harold Rodriguez and Christian Lopes and Khalid Zuberi and Jason Montojo and Gary D Bader and Quaid Morris},
  journal = {Nucleic acids research},
  volume = {46},
  number = {W1},
  pages = {W60--W64},
  year = {2018},
  publisher = {Oxford University Press},
}

@Article{cantini2015detection,
  title = {Detection of Gene Communities in Multi-Networks Reveals Cancer Drivers},
  author = {Laura Cantini and Enzo Medico and Santo Fortunato and Michele Caselle},
  journal = {Scientific reports},
  volume = {5},
  pages = {17386},
  year = {2015},
  publisher = {Nature Publishing Group},
  url = {https://doi.org/10.1038/srep17386},
}

@Article{epskamp2012qgraph,
  title = {{qgraph: Network Visualizations of Relationships in Psychometric Data}},
  author = {Sacha Epskamp and Angélique OJ Cramer and Lourens J Waldorp and Verena D Schmittmann and Denny Borsboom and {others}},
  journal = {Journal of Statistical Software},
  volume = {48},
  number = {4},
  pages = {1--18},
  year = {2012},
  url = {https://doi.org/10.18637/jss.v048.i04},
}

@Article{walter2015goplot,
  title = {{GOplot: An R Package for Visually Combining Expression Data with Functional Analysis}},
  author = {Wencke Walter and Fátima Sánchez-Cabo and Mercedes Ricote},
  journal = {Bioinformatics},
  volume = {31},
  number = {17},
  pages = {2912--2914},
  year = {2015},
  publisher = {Oxford University Press},
}
