@Article{albert1993,
  author = {James H. Albert and Siddhartha Chib},
  title = {Bayesian Analysis of Binary and Polychotomous Response Data},
  year = {1993},
  volume = {88},
  number = {422},
  pages = {669–679},
  issn = {1537-274X},
  url = {https://doi.org/10.1080/01621459.1993.10476321},
  journal = {Journal of the American Statistical Association},
  publisher = {Informa UK Limited},
}

@PhdThesis{de_jong_robust_2012,
  title = {Robust {Multiple} {Imputation}},
  url = {http://ediss.sub.uni-hamburg.de/volltexte/2012/5971/},
  school = {Universität Hamburg},
  author = {Roel {de Jong}},
  year = {2012},
}

@PhdThesis{salfran18,
  title = {{Multiple} {Imputation} for {Complex} {Data} {Sets}},
  url = {http://ediss.sub.uni-hamburg.de/volltexte/2018/9058/},
  school = {Universität Hamburg},
  author = {Daniel Salfran},
  year = {2018},
}

@Article{de_jong_multiple_2016,
  author = {Roel {de Jong} and Stef {van Buuren} and Martin Spiess},
  title = {Multiple Imputation of Predictor Variables Using Generalized Additive Models},
  year = {2014},
  volume = {45},
  number = {3},
  pages = {968–985},
  issn = {1532-4141},
  url = {https://doi.org/10.1080/03610918.2014.911894},
  journal = {Communications in Statistics - Simulation and Computation},
  publisher = {Informa UK Limited},
}

@Article{eilers_flexible_1996,
  author = {Paul H. C. Eilers and Brian D. Marx},
  title = {Flexible Smoothing with B -Splines and Penalties},
  year = {1996},
  volume = {11},
  number = {2},
  pages = {89–121},
  issn = {0883-4237},
  url = {https://doi.org/10.1214/ss/1038425655},
  journal = {Statistical Science},
  publisher = {Institute of Mathematical Statistics},
}

@Article{harris_predictive_1989,
  author = {Ian R. Harris},
  title = {Predictive Fit for Natural Exponential Families},
  year = {1989},
  volume = {76},
  number = {4},
  pages = {675–684},
  issn = {1464-3510},
  url = {https://doi.org/10.1093/biomet/76.4.675},
  journal = {Biometrika},
  publisher = {Oxford University Press (OUP)},
}

@Article{he_performance_2009,
  title = {On the {Performance} of {Sequential} {Regression} {Multiple} {Imputation} {Methods} with {Non} {Normal} {Error} {Distributions}},
  volume = {38},
  issn = {0361-0918},
  url = {https://doi.org/10.1080/03610910802677191},
  number = {4},
  urldate = {2015-07-08},
  journal = {Communications in Statistics - Simulation and Computation},
  author = {Yulei He and Trivellore E. Raghunathan},
  year = {2009},
  pages = {856--883},
}

@Article{he_multiple_2012,
  title = {Multiple Imputation Using Multivariate Gh Transformations},
  volume = {39},
  issn = {0266-4763},
  url = {https://doi.org/10.1080/02664763.2012.702268},
  number = {10},
  urldate = {2016-11-25},
  journal = {Journal of Applied Statistics},
  author = {Yulei He and Trivellore E. Raghunathan},
  year = {2012},
  pages = {2177--2198},
}

@Article{honaker_amelia_2011,
  title = {Amelia {II}: {A} {Program} for {Missing} {Data}},
  volume = {45},
  issn = {1548-7660},
  url = {https://doi.org/10.18637/jss.v045.i07},
  number = {7},
  journal = {Journal of Statistical Software},
  author = {James Honaker and Gary King and Matthew Blackwell},
  year = {2011},
  pages = {1--47},
}

@Misc{Lichman_2013,
  author = {M. Lichman},
  year = {2013},
  title = {{UCI} Machine Learning Repository},
  url = {http://archive.ics.uci.edu/ml},
  institution = {University of California, Irvine, School of Information and Computer Sciences},
}

@Book{little_statistical_2002,
  author = {Roderick J. A. Little and Donald B. Rubin},
  title = {Statistical Analysis with Missing Data},
  year = {2002},
  url = {https://doi.org/10.1002/9781119013563},
  isbn = {9780471183860},
  publisher = {John Wiley \& Sons},
}

@Article{liu_stationary_2013,
  author = {J. Liu and A. Gelman and J. Hill and Y.-S. Su and J. Kropko},
  title = {On the Stationary Distribution of Iterative Imputations},
  year = {2013},
  volume = {101},
  number = {1},
  pages = {155–173},
  issn = {1464-3510},
  url = {https://doi.org/10.1093/biomet/ast044},
  journal = {Biometrika},
  publisher = {Oxford University Press (OUP)},
}

@Manual{gam.dist,
  title = {Gamlss.dist: Distributions for Generalized Additive Models for Location Scale and Shape},
  author = {Mikis Stasinopoulos and Bob Rigby {with contributions from Calliope Akantziliotou} and Gillian Heller and Raydonal Ospina and Nicoletta Motpan and Fiona McElduff and Vlasios Voudouris and Majid Djennad and Marco Enea and Alexios Ghalanos and Christos Argyropoulos.},
  year = {2017},
  note = {R package version 5.0-2},
  url = {https://CRAN.R-project.org/package=gamlss.dist},
}

@Article{stasinopoulos_generalized_2007,
  author = {D. Mikis Stasinopoulos and Robert A. Rigby},
  title = {Generalized Additive Models for Location Scale and Shape (GAMLSS)},
  year = {2007},
  volume = {23},
  number = {7},
  issn = {1548-7660},
  url = {https://doi.org/10.18637/jss.v023.i07},
  journal = {Journal of Statistical Software},
  note = {R package version 5.0-2},
  publisher = {Foundation for Open Access Statistic},
}

@Article{rigby_generalized_2005,
  author = {R. A. Rigby and D. M. Stasinopoulos},
  title = {Generalized Additive Models for Location, Scale and Shape (with Discussion)},
  year = {2005},
  volume = {54},
  number = {3},
  pages = {507–554},
  issn = {1467-9876},
  url = {https://doi.org/10.1111/j.1467-9876.2005.00510.x},
  journal = {Journal of the Royal Statistical Society C},
  publisher = {John Wiley \& Sons},
}

@Book{rubin_multiple_1987,
  title = {Multiple {Imputation} for {Nonresponse} in {Surveys}},
  isbn = {978-0-471-65574-9},
  language = {en},
  publisher = {John Wiley \& Sons},
  author = {Donald B. Rubin},
  year = {1987},
  url = {https://doi.org/10.1002/9780470316696},
  file = {Multiple Imputation for Nonresponse - Donald B. Rubin.pdf:/home/daniel/Library/Science/Donald B. Rubin/Multiple Imputation for Nonresponse (10)/Multiple Imputation for Nonresponse - Donald B. Rubin.pdf:application/pdf},
}

@Article{rubin_multiple_1996,
  author = {Donald B. Rubin},
  title = {Multiple Imputation after 18+ Years},
  year = {1996},
  volume = {91},
  number = {434},
  pages = {473–489},
  issn = {1537-274X},
  url = {https://doi.org/10.1080/01621459.1996.10476908},
  journal = {Journal of the American Statistical Association},
  publisher = {Informa UK Limited},
}

@Book{schafer_analysis_1997,
  author = {J Schafer},
  title = {Analysis of Incomplete Multivariate Data},
  year = {1997},
  issn = {2154-3038},
  url = {https://doi.org/10.1201/9781439821862},
  isbn = {9781439821862},
  journal = {C\&H/CRC Monographs on Statistics \& Applied Probability},
  publisher = {Chapman \& Hall},
}

@Article{templ_iterative_2011,
  author = {Matthias Templ and Alexander Kowarik and Peter Filzmoser},
  title = {Iterative Stepwise Regression Imputation Using Standard and Robust Methods},
  year = {2011},
  volume = {55},
  number = {10},
  pages = {2793–2806},
  issn = {0167-9473},
  url = {https://doi.org/10.1016/j.csda.2011.04.012},
  journal = {Computational Statistics \& Data Analysis},
  publisher = {Elsevier BV},
}

@Article{van_buuren_mice:_2011,
  author = {Stef {van Buuren} and Karin Groothuis-Oudshoorn},
  title = {Mice: Multivariate Imputation by Chained Equations},
  year = {2011},
  volume = {45},
  number = {3},
  issn = {1548-7660},
  note = {R package version 2.30},
  url = {https://doi.org/10.18637/jss.v045.i03},
  journal = {Journal of Statistical Software},
  publisher = {Foundation for Open Access Statistic},
}

@Book{stef_van_buuren_flexible_2012,
  author = {Stef {van Buuren}},
  title = {Flexible Imputation of Missing Data},
  year = {2012},
  issn = {2154-5960},
  url = {https://doi.org/10.1201/b11826},
  isbn = {9781439868256},
  journal = {Chapman & Hall/CRC Interdisciplinary Statistics Series},
  publisher = {Chapman and Hall/CRC},
}

@Article{van_buuren_multiple_2007,
  author = {Stef {van Buuren}},
  title = {Multiple Imputation of Discrete and Continuous Data by Fully Conditional Specification},
  year = {2007},
  volume = {16},
  number = {3},
  pages = {219–242},
  issn = {1477-0334},
  url = {https://doi.org/10.1177/0962280206074463},
  journal = {Statistical Methods in Medical Research},
  publisher = {SAGE Publications},
}
