@book{ASA11,
author = {{American Statistical Association. (2011)}},
title = {{Data Expo Posters}},
url = {http://stat-computing.org/dataexpo/}
}
@book{Beamer11,
author = {{Beamer Developers. (2011)}},
title = {{Beamer---A LaTeX class for producing presentations}},
url = {https://bitbucket.org/rivanvx/beamer/wiki/Home}
}
@book{Cape11,
author = {{Cape Higher Education Consortium. (2011)}},
title = {{Information Literacy}},
url = {http://www.lib.uct.ac.za/infolit/poster.htm}
}
@book{Cook07,
author = {D.~{Cook. (2007)}},
title = {{Improving Statistical Posters}},
url = {http://www.amstat.org/meetings/jsm/2008/pdfs/ImprovingStatisticalPosters.pdf}
}
@book{vischeck,
author = {B.~{Dougherty and A.~Wade. (2011)}},
title = {{}},
url = {http://www.vischeck.com/vischeck/}
}
@book{Etre,
author = {{Etre Limited. (2011)}},
title = {{}},
url = {http://www.etre.com/tools/colourblindsimulator/}
}
@book{color11,
author = {R.~{Ihaka, P.~Murrell, K.~Hornik, A.~Zeleis. (2011)}},
title = {{colorspace: Color Space Manipulation}},
url = {http://cran.r-project.org}
}
@book{colorbrewer,
author = {E.~{Neuwirth. (2011)}},
title = {{RColorBrewer: ColorBrewer palettes}},
url = {http://cran.r-project.org}
}
@book{Purrington11,
author = {C.~{Purrington. (2011)}},
title = {{Advice on Designing Scientific Posters}},
url = {http://www.swarthmore.edu/NatSci/cpurrin1/posteradvice.htm}
}
@book{Robbins06,
author = {N.~{Robbins. (2006)}},
title = {{Creating More Effective Graphs}},
url = {http://www.wiley.com}
}
@book{Rosling06,
author = {H.~{Rosling. (2006)}},
title = {{GapMinder}},
url = {http://www.ted.com/talks/lang/eng/hans_rosling_shows_the_best_stats_you_ve_ever_seen.html}
}
@book{ST2011,
author = {M.~{Schoeberl and B.~Toon. (2011)}},
title = {{Ten Secrets to Giving a Good Scientific Talk}},
url = {http://www.cgd.ucar.edu/cms/agu/scientific_talk.html}
}
@book{Tufte90,
author = {E.~{Tufte. (1990)}},
title = {{The Visual Display of Quantitative Information}},
publisher = {Graphics Press Cheshire CT}
}
@book{Marle07,
author = {A.~J.~van~{Marle. (2007)}},
title = {{The Art of Scientific Presentations}},
publisher = {~scranmer/vanmarle_talks.html#Technical_preparation},
url = {https://www.cfa.harvard.edu/}
}
@book{Wickham09,
author = {H.~{Wickham. (2009)}},
title = {{ggplot2: Elegant graphics for data analysis}},
publisher = {useR Springer}
}
@book{Wild09,
author = {C.~{Wild. (2009)}},
title = {{Early Statistical Inferences: The Eyes Have It}},
publisher = {~wild/09.wild.USCOTS.html},
url = {http://www.stat.auckland.ac.nz/}
}


