@article{hanif1988,
  title =	 {Computation of critical depth in symmetrical
                  compound channels},
  author =	 {Chaudhry, M Hanif and Bhallamudi, S Murty},
  journal =	 {Journal of Hydraulic Research},
  volume =	 26,
  number =	 4,
  pages =	 {377--396},
  year =	 1988,
  publisher =	 {Taylor \& Francis}
}

@article{yen2002,
  title =	 {Open channel flow resistance},
  author =	 {Yen, Ben Chie},
  journal =	 {Journal of Hydraulic Engineering},
  volume =	 128,
  number =	 1,
  pages =	 {20--39},
  year =	 2002,
  publisher =	 {American Society of Civil Engineers}
}

@article{younis2009,
  title =	 {Prediction of the asymptotic water depth in rough
                  compound channels},
  author =	 {Younis, B A and Sousa, V and Meireles, I},
  journal =	 {Journal of Irrigation and Drainage Engineering},
  volume =	 135,
  number =	 2,
  pages =	 {231--234},
  year =	 2009,
  publisher =	 {American Society of Civil Engineers}
}

@techreport{doubt1970,
  author =	 {Doubt, Paul D.},
  title =	 {Classification system for varied flow in prismatic
                  channels},
  institution =	 {United States Department of Agriculture, Soil
                  Conservation Service, Engineering Division},
  type =	 {Technical Release},
  number =	 47,
  address =	 {Littleton, Colorado, USA},
  year =	 1971,
  month =	 feb
}

@article{leopold1953,
  title =	 {Downstream change of velocity in rivers},
  author =	 {Leopold, Luna Bergere},
  journal =	 {American Journal of Science},
  volume =	 251,
  number =	 8,
  pages =	 {606--624},
  year =	 1953,
  publisher =	 {American Journal of Science}
}

@article{lax1954,
  title =	 {Weak solutions of nonlinear hyperbolic equations and
                  their numerical computation},
  author =	 {Lax, Peter D},
  journal =	 {Communications on Pure and Applied Mathematics},
  volume =	 7,
  number =	 1,
  pages =	 {159--193},
  year =	 1954,
  publisher =	 {Wiley Online Library}
}

@article{maccormack1969,
  title =	 {The effect of viscosity in hypervelocity impact
                  cratering},
  author =	 {MacCormack, Robert},
  journal =	 {Journal of Spacecraft and Rockets},
  volume =	 40,
  number =	 5,
  pages =	 {757--763},
  year =	 2003
}

@article{lighthill1955,
  title =	 {On kinematic waves. {I}. Flood movement in long
                  rivers},
  author =	 {Lighthill, M J and Whitham, G B},
  journal =	 {Proceedings of the Royal Society of London. Series
                  A, Mathematical and Physical Sciences},
  volume =	 229,
  number =	 1178,
  pages =	 {281--316},
  year =	 1955,
  publisher =	 {The Royal Society}
}

@book{chaudhry2007,
  title =	 {Open-Channel Flow},
  author =	 {Chaudhry, M Hanif},
  year =	 2007,
  publisher =	 {Springer}
}

@article{rcpp,
  title =	 {Rcpp: Seamless {R} and {C++} Integration},
  author =	 {Eddelbuettel, Dirk and Francois, Romain},
  year =	 2011,
  journal =	 {Journal of Statistical Software},
  volume =	 40,
  number =	 8,
  pages =	 {1--18},
  url =		 {http://www.jstatsoft.org/v40/i08/}
}

@incollection{sobey01,
  author =	 {Sobey, Rodney J.},
  title =	 {{H11}: Hydrograph routing},
  booktitle =	 {Review of One-Dimensional Hydrodynamic and Transport
                  Models},
  publisher =	 {{B}ay-{D}elta {M}odeling {F}orum},
  chapter =	 14,
  year =	 2001,
  month =	 jun,
  url =		 {http://www.cwemf.org/1-DReview/}
}

@InCollection{yihui14,
  booktitle =	 {Implementing Reproducible Computational Research},
  editor =	 {Victoria Stodden and Friedrich Leisch and Roger
                  D. Peng},
  title =	 {knitr: A Comprehensive Tool for Reproducible
                  Research in {R}},
  author =	 {Yihui Xie},
  publisher =	 {Chapman and Hall/CRC},
  year =	 2014,
  url =		 {http://www.crcpress.com/product/isbn/9781466561595}
}

@Manual{shiny-2015-30,
  title =	 {shiny: Web Application Framework for R},
  author =	 {Winston Chang and Joe Cheng and JJ Allaire and Yihui
                  Xie and Jonathan McPherson},
  year =	 2015,
  note =	 {R package version 0.12.2},
  url =		 {https://CRAN.R-project.org/package=shiny}
}

@Manual{rivr,
  title =	 {rivr: Steady and Unsteady Open-Channel Flow
                  Computation},
  author =	 {Michael C Koohafkan},
  year =	 {2015},
  note =	 {R package version 1.1},
  url =		 {https://CRAN.R-project.org/package=rivr},
}



