@Manual{apache,
  title = {ApacheLogProcessor: Process the Apache Web Server Log Combined Files},
  author = {Diogo Silveira Mendonca},
  year = {2015},
  note = {R package version 0.1.5},
  url = {http://CRAN.R-project.org/package=webreadr}
}

@article{barriers,
  title={Barriers to the Localness of Volunteered Geographic Information},
  author={Sen, Shilad W and Ford, Heather and Musicant, David R and Graham, Mark and Keyes, Oliver SB and Hecht, Brent},
  journal={Proceedings of the 2015 ACM Conference on Human Factors in Computing},
  year={2015}
}

@article{halfak,
  author    = {Aaron Halfaker and
               Oliver Keyes and
               Daniel Kluver and
               Jacob Thebault{-}Spieker and
               Tien T. Nguyen and
               Kenneth Shores and
               Anuradha Uduwage and
               Morten Warncke{-}Wang},
  title     = {User Session Identification Based on Strong Regularities in Inter-activity
               Time},
  journal   = {CoRR},
  volume    = {abs/1411.2878},
  year      = {2014},
  url       = {http://arxiv.org/abs/1411.2878},
  timestamp = {Mon, 01 Dec 2014 14:32:13 +0100},
  biburl    = {http://dblp.uni-trier.de/rec/bib/journals/corr/HalfakerKKTNSUW14},
  bibsource = {dblp computer science bibliography, http://dblp.org}
}

@Manual{httr,
  title = {httr: Tools for Working with URLs and HTTP},
  author = {Hadley Wickham},
  year = {2015},
  note = {R package version 1.0.0},
  url = {http://CRAN.R-project.org/package=httr},
}

@inproceedings{infosec,
  title={A Survey: Securing Cloud Infrastructure against {EDoS} Attack},
  author={Bhingarkar, A Sukhada and Shah, B Deven},
  booktitle={Proceedings of the International Conference on Grid Computing and Applications (GCA)},
  pages={16},
  year={2015},
  organization={The Steering Committee of The World Congress in Computer Science, Computer Engineering and Applied Computing (WorldComp)}
}

@Manual{iptools,
  title = {iptools: Manipulate, Validate and Resolve IP Addresses},
  author = {Bob Rudis and Oliver Keyes},
  year = {2015},
  note = {R package version 0.3.0},
  url = {http://CRAN.R-project.org/package=iptools}
}

@Article{lubridate,
  title = {Dates and Times Made Easy with {lubridate}},
  author = {Garrett Grolemund and Hadley Wickham},
  journal = {Journal of Statistical Software},
  year = {2011},
  volume = {40},
  number = {3},
  pages = {1--25},
  url = {http://www.jstatsoft.org/v40/i03/},
}

@Manual{microbenchmark,
  title = {microbenchmark: Accurate Timing Functions},
  author = {Olaf Mersmann},
  year = {2014},
  note = {R package version 1.4-2},
  url = {http://CRAN.R-project.org/package=microbenchmark},
}

@article{performance,
  title={Analyzing performance traces using temporal formulas},
  author={Ryckbosch, Frederick and Diwan, Amer},
  journal={Software: Practice and Experience},
  volume={44},
  number={7},
  pages={777--792},
  year={2014},
  publisher={Wiley Online Library}
}

@Manual{readr,
  title = {readr: Read Tabular Data},
  author = {Hadley Wickham and Romain Francois},
  note = {R package version 0.1.1.9000},
  url = {https://github.com/hadley/readr},
}

@techreport{RFC1738,
  author = {Tim Berners-Lee and Larry Masinter and Mark McCahill},
  title = {Uniform Resource Locators (URL)},
  howpublished = {Internet Requests for Comments},
  type = {RFC},
  number = {1738},
  year = {1994},
  month = {December},
  issn = {2070-1721},
  publisher = {Internet Engineering Task Force},
  url = {https://tools.ietf.org/html/rfc3986},
}

@Manual{rgeolocate,
  title = {rgeolocate: IP Address Geolocation},
  author = {Oliver Keyes and Drew Schmidt and David Robinson and Maxmind, Inc. and Pascal Gloor},
  year = {2015},
  note = {R package version 0.5.0},
  url = {http://CRAN.R-project.org/package=rgeolocate},
}

@Manual{urltools,
  title = {urltools: Vectorised Tools for URL Handling and Parsing},
  author = {Oliver Keyes and Jay Jacobs and Mark Greenaway and Bob Rudis},
  year = {2015},
  note = {R package version 1.3.2},
  url = {http://CRAN.R-project.org/package=urltools}
}

@Manual{webreadr,
  title = {webreadr: Tools for Reading Formatted Access Log Files},
  author = {Oliver Keyes},
  year = {2015},
  note = {R package version 0.3.0},
  url = {http://CRAN.R-project.org/package=webreadr}
}

@Manual{boostcite,
  title =        {Boost C++ Libraries},
  note =         {\texttt{http://www.boost.org}},
  url =          {http://www.boost.org}
}

@Manual{xml,
  title = {XML: Tools for Parsing and Generating XML Within R and S-Plus},
  author = {Duncan Temple Lang and the CRAN Team},
  year = {2016},
  note = {R package version 3.98-1.4},
  url = {https://CRAN.R-project.org/package=XML},
}

