@InProceedings{Leisch:2002,
  author = {Friedrich Leisch},
  title = {{S}weave: {D}ynamic Generation of Statistical Reports Using Literate Data Analysis},
  editor = {Wolfgang H\"ardle and Bernd R\"onz},
  booktitle = {COMPSTAT 2002 -- Proceedings in Computational Statistics},
  year = {2002},
  pages = {575--580},
  publisher = {Physica Verlag},
  address = {Heidelberg},
  doi = {10.1007/978-3-642-57489-4_89}
}

@Article{Leisch:2002a,
  author = {Friedrich Leisch},
  title = {{S}weave, Part {I}: {M}ixing {R} and {\LaTeX}},
  journal = {{R} News},
  year = {2002},
  volume = {2},
  number = {3},
  pages = {28--31},
  month = {December},
  url = {https://CRAN.R-project.org/doc/Rnews/}
}

@Article{Leisch:2003,
  author = {Friedrich Leisch},
  title = {{S}weave, Part {II}: {P}ackage Vignettes},
  journal = {{R} News},
  year = {2003},
  volume = {3},
  number = {2},
  pages = {21--24},
  month = {October},
  url = {https://CRAN.R-project.org/doc/Rnews/}
}

@Article{Leisch+Rossini:2003,
  author = {Friedrich Leisch and Anthony J. Rossini},
  title = {Reproducible Statistical Research},
  journal = {Chance},
  year = {2003},
  volume = {16},
  number = {2},
  pages = {46--50},
  doi = {10.1080/09332480.2003.10554848}
}

@Article{Leisch:2004,
  author = {Friedrich Leisch},
  title = {{FlexMix}: A General Framework for Finite Mixture Models and Latent Class Regression in {R}},
  journal = {Journal of Statistical Software},
  year = {2004},
  volume = {11},
  number = {8},
  pages = {1--18},
  doi = {10.18637/jss.v011.i08}
}

@Article{Leisch:2006,
  author = {Friedrich Leisch},
  title = {A Toolbox for K-Centroids Cluster Analysis},
  journal = {Computational Statistics and Data Analysis},
  year = {2006},
  volume = {51},
  number = {2},
  pages = {526--544},
  doi = {10.1016/j.csda.2005.10.006}
}

@Article{Gruen+Leisch:2008,
  author = {Bettina Gr{\"u}n and Friedrich Leisch},
  title = {FlexMix Version 2: Finite Mixtures with Concomitant Variables and Varying and Constant Parameters},
  journal = {Journal of Statistical Software},
  year = {2008},
  volume = {28},
  number = {4},
  pages = {1--35},
  doi = {10.18637/jss.v028.i04}
}

@Article{Dolnicar+Leisch:2003,
  author = {Sara Dolnicar and Friedrich Leisch},
  title = {Winter Tourist Segments in {A}ustria: Identifying Stable Vacation Styles Using Bagged Clustering Techniques},
  journal = {Journal of Travel Research},
  year = {2003},
  volume = {41},
  number = {3},
  pages = {281--292},
  doi = {10.1177/0047287502239037},
}

@Article{Dolnicar+Leisch:2010,
  author = {Sara Dolnicar and Friedrich Leisch},
  title = {Evaluation of Structure and Reproducibility of Cluster Solutions Using the Bootstrap},
  journal = {Marketing Letters},
  year = {2010},
  volume = {21},
  number = {1},
  pages = {83--101},
  doi = {10.1007/s11002-009-9083-4}
}

@Article{Dolnicar+Leisch:2017,
  author = {Sara Dolnicar and Friedrich Leisch},
  title = {Using Segment Level Stability to Select Target Segments in Data-Driven Market Segmentation Studies},
  journal = {Marketing Letters},
  year = {2017},
  volume = {28},
  number = {3},
  pages = {423--436},
  doi = {10.1007/s11002-017-9423-8},
}

@Book{Dolnicar+Gruen+Leisch:2018,
  author = {Sara Dolnicar and Bettina Gr{\"u}n and Friedrich Leisch},
  title = {Market Segmentation Analysis: Understanding It, Doing It, and Making It Useful},
  publisher = {Springer-Verlag},
  year = {2018},
  series = {Management for Professionals},
  doi = {10.1007/978-981-10-8818-6},
}

@Article{Zeileis+Umlauf+Leisch:2014,
  author = {Achim Zeileis and Nikolaus Umlauf and Friedrich Leisch},
  title = {Flexible Generation of E-Learning Exams in {R}: {M}oodle Quizzes, {OLAT} Assessments, and Beyond},
  journal = {Journal of Statistical Software},
  year = {2014},
  volume = {58},
  number = {1},
  pages = {1--36},
  doi = {10.18637/jss.v058.i01}
}

@InCollection{Hornik+Leisch:2002,
  author = {Kurt Hornik and Friedrich Leisch},
  title = {{V}ienna and {R}: {L}ove, Marriage and the Future},
  booktitle = {{F}estschrift 50 {J}ahre {\"O}sterreichische {S}tatistische {G}esellschaft},
  year = {2002},
  pages = {61--70},
  publisher = {{\"O}sterreichische Statistische Gesellschaft},
  editor = {Rudolf Dutter},
  note = {{ISSN 1026-597X}}
}

@Proceedings{Hornik+Leisch:2001,
  editor = {Kurt Hornik and Friedrich Leisch},
  title = {Proceedings of the 2nd {I}nternational {W}orkshop on {D}istributed {S}tatistical {C}omputing, {V}ienna, {A}ustria},
  year = {2001},
  url = {https://www.R-project.org/conferences/DSC-2001/Proceedings/},
  note = {{ISSN 1609-395X}},
}

@Proceedings{Hornik+Leisch+Zeileis:2003,
  editor = {Kurt Hornik and Friedrich Leisch and Achim Zeileis},
  title = {Proceedings of the 3rd {I}nternational {W}orkshop on {D}istributed {S}tatistical {C}omputing, {V}ienna, {A}ustria},
  year = {2003},
  url = {https://www.R-project.org/conferences/DSC-2003/Proceedings/},
  note = {{ISSN 1609-395X}},
}

@Article{Zeileis+Leisch+Hornik:2002,
  author = {Achim Zeileis and Friedrich Leisch and Kurt Hornik and Christian Kleiber},
  title = {{strucchange}: {A}n {R} Package for Testing for Structural Change in Linear Regression Models},
  journal = {Journal of Statistical Software},
  year = {2002},
  volume = {7},
  number = {2},
  pages = {1--38},
  doi = {10.18637/jss.v007.i02}
}

@Article{Steiner:2014,
  title = {A Review on the Temporal Pattern of Deer-Vehicle Accidents: Impact of Seasonal, Diurnal and Lunar Effects in Cervids},
  author = {Steiner, Wolfgang and Leisch, Friedrich and Hackl{\"a}nder, Klaus},
  journal = {Accident Analysis \& Prevention},
  year = {2014},
  volume = {66},
  pages = {168--181},
  doi = {10.1016/j.aap.2014.01.020}
}

@Article{Cech:2022,
  author = {Cech, Ramona M and Jovanovic, Suzanne and Kegley, Susan and Hertoge, Koen and Leisch, Friedrich and Zaller, Johann G},
  title = {Reducing Overall Herbicide Use May Reduce Risks to Humans but Increase Toxic Loads to Honeybees, Earthworms and Birds},
  journal = {Environmental Sciences Europe},
  year = {2022},
  volume = {34},
  number = {1},
  pages = {44},
  doi = {10.1186/s12302-022-00622-2}
}

@Article{Taczanowska:2023,
  author = {Karolina Taczanowska and Barbara Latosinska and Christiane Brandenburg and Friedrich Leisch and Christina Czachs and Andreas Muhar},
  title = {Lobbying in Social Media as a New Source of Survey Bias},
  journal = {Journal of Outdoor Recreation and Tourism},
  volume = {44},
  number = {A},
  pages = {100689},
  year = {2023},
  doi = {10.1016/j.jort.2023.100689}
}

@Article{Melcher+Scharl+Leisch:2017,
  author = {Melcher, Michael and Scharl, Theresa and Luchner, Markus and Striedner, Gerald and Leisch, Friedrich},
  title = {Boosted Structured Additive Regression for {E}scherichia Coli Fed-Batch Fermentation Modeling},
  journal = {Biotechnology and Bioengineering},
  volume = {114},
  number = {2},
  pages = {321--334},
  doi = {10.1002/bit.26073},
  year = {2017}
}

@Article{Scharl+Voglhuber+Leisch:2009,
  author = {Theresa Scharl and Ingo Voglhuber and Friedrich Leisch},
  title = {Exploratory and Inferential Analysis of Gene Cluster Neighborhood Graphs},
  journal = {BMC Bioinformatics},
  year = {2009},
  volume = {10},
  number = {1},
  pages = {288},
  doi = {10.1186/1471-2105-10-288}
}

@Article{Hothorn+Leisch_2011,
  author = {Torsten Hothorn and Friedrich Leisch},
  title = {Case Studies in Reproducibility},
  journal = {Briefings in Bioinformatics},
  year = {2011},
  volume = {12},
  number = 3,
  pages = {288--300},
  doi = {10.1093/bib/bbq084}
}

@Article{Sawitzki:1996,
  title = {Extensible Statistical Software: On a Voyage to {O}beron},
  author = {G{\"u}nther Sawitzki},
  journal = {Journal of Computational and Graphical Statistics},
  volume = {5},
  number = {3},
  pages = {263--283},
  year = {1996},
  doi = {10.1080/10618600.1996.10474711}
}

@Article{Ramsey:1994,
  author = {Norman Ramsey},
  journal = {IEEE Software}, 
  title = {Literate Programming Simplified}, 
  year = {1994},
  volume = {11},
  number = {5},
  pages = {97--105},
  doi = {10.1109/52.311070}
}

@Book{Knuth+Levy:1993,
  author = {Donald E. Knuth and Silvio Levy},
  title = {The {CWEB} System of Structured Documentation},
  year = {1993},
  address = {Reading},
  publisher = {Addison-Wesley}
}

@Book{Stodden:2014,
  title = {Implementing Reproducible Research},
  author = {Victoria Stodden and Friedrich Leisch and Roger D. Peng},
  year = {2014},
  publisher = {Chapman \& Hall/CRC},
  address = {Boca Raton}
}

@Article{Kindler+Schosser+Stamenkovic:2008,
  author = {Jochen Kindler and Alexandra Schosser and Mara Stamenkovic and Monika Schloegelhofer and Friedrich Leisch and Kurt Hornik and Harald N. Aschauer and Christoph Gasche},
  title = {Tourette's Syndrome Is Not Associated with Interleukin-10 Receptor~1 Variants on Chromosome~11q23},
  journal = {Psychiatry Research},
  year = {2008},
  volume = {157},
  number = {1--3},
  pages = {235--239},
  doi = {10.1016/j.psychres.2007.07.021}
}

@Article{Bailer+Leisch+Meszaros:2000,
  author = {Ursula Bailer and Friedrich Leisch and Kurt Meszaros and Elisabeth Lenzinger and Ulrike Willinger and Rainer Strobl and Christian Gebhardt and Elisabeth Gerhard and Karoline Fuchs and Werner Sieghart and Siegfried Kasper and Kurt Hornik and Harald N. Aschauer},
  title = {Genome Scan for Susceptibility Loci for Schizophrenia},
  journal = {Neuropsychobiology},
  year = {2000},
  volume = {42},
  number = {4},
  pages = {175--182},
  doi = {10.1159/000026690}
}

@Article{Solmi+Thompson:2023,
  author = {Marco Solmi and Trevor Thompson and Andr{\'e}s Estrad{\'e} and Agorastos Agorastos and Joaquim Radua and Samuele Cortese and Elena Dragioti and Friedrich Leisch and Davy Vancampfort and Lau Caspar Thygesen and Harald Aschauer and Monika Schl{\"o}gelhofer and Elena Aschauer and Andres Schneeberger and Christian G. Huber and Gregor Hasler and Philippe Conus and Kim Q. {Do Cu{\'e}nod} and Roland {von K{\"a}nel} and Gonzalo Arrondo and Paolo Fusar-Poli and Philip Gorwood and Pierre-Michel Llorca and Marie-Odile Krebs and Elisabetta Scanferla and Taishiro Kishimoto and Golam Rabbani and Karolina Skonieczna-{\.Z}ydecka and Paolo Brambilla and Angela Favaro and Akihiro Takamiya and Leonardo Zoccante and Marco Colizzi and Julie Bourgin and Karol Kami{\'n}ski and Maryam Moghadasin and Soraya Seedat and Evan Matthews and John Wells and Emilia Vassilopoulou and Ary Gadelha and Kuan-Pin Su and Jun Soo Kwon and Minah Kim and Tae Young Lee and Oleg Papsuev and Denisa Mankov{\'a} and Andrea Boscutti and Cristiano Gerunda and Diego Saccon and Elena Righi and Francesco Monaco and Giovanni Croatto and Guido Cereda and Jacopo Demurtas and Natascia Brondino and Nicola Veronese and Paolo Enrico and Pierluigi Politi and Valentina Ciappolino and Andrea Pfennig and Andreas Bechdolf and Andreas Meyer-Lindenberg and Kai G. Kahl and Katharina Domschke and Michael Bauer and Nikolaos Koutsouleris and Sibylle Winter and Stefan Borgwardt and Istvan Bitter and Judit Balazs and P{\'a}l Czobor and Zsolt Unoka and Dimitris Mavridis and Konstantinos Tsamakis and Vasilios P. Bozikas and Chavit Tunvirachaisakul and Michael Maes and Teerayuth Rungnirundorn and Thitiporn Supasitthumrong and Ariful Haque and Andre R. Brunoni and Carlos Gustavo Costardi and Felipe Barreto Schuch and Guilherme Polanczyk and Jhoanne Merlyn Luiz and Lais Fonseca and Luana V. Aparicio and Samira S. Valvassori and Merete Nordentoft and Per Vendsborg and Sofie Have Hoffmann and Jihed Sehli and Norman Sartorius and Sabina Heuss and Daniel Guinart and Jane Hamilton and John Kane and Jose Rubio and Michael Sand and Ai Koyanagi and Aleix Solanes and Alvaro Andreu-Bernabeu and Antonia San Jos{\'e} C{\'a}ceres and Celso Arango and Covadonga M. D{\'i}az-Caneja and Diego Hidalgo-Mazzei and Eduard Vieta and Javier Gonzalez-Pe{\~n}as and Lydia Fortea and Mara Parellada and Miquel A. Fullana and Norma Verdolini and Eva Andrl{\'i}kov{\'a} and Karolina Jank{\r{u}} and Mark John Millan and Mihaela Honciuc and Anna Moniuszko-Malinowska and Igor {\L}oniewski and Jerzy Samochowiec and {\L}ukasz Kiszkiel and Maria Marlicz and Pawe{\l} Sowa and Wojciech Marlicz and Georgina Spies and Brendon Stubbs and Joseph Firth and Sarah Sullivan and Asli Enez Darcin and Hatice Aksu and Nesrin Dilbaz and Onur Noyan and Momoko Kitazawa and Shunya Kurokawa and Yuki Tazawa and Alejandro Anselmi and Cecilia Cracco and Ana In{\'e}s Machado and Natalia Estrade and Diego {De Leo} and Jackie Curtis and Michael Berk and Philip Ward and Scott Teasdale and Simon Rosenbaum and Wolfgang Marx and Adrian Vasile Horodnic and Liviu Oprea and Ovidiu Alexinschi and Petru Ifteni and Serban Turliuc and Tudor Ciuhodaru and Alexandra Bolos and Valentin Matei and Dorien H. Nieman and Iris Sommer and Jim {van Os} and Therese {van Amelsvoort} and Ching-Fang Sun and Ta-wei Guu and Can Jiao and Jieting Zhang and Jialin Fan and Liye Zou and Xin Yu and Xinli Chi and Philippe {de Timary} and Ruud {van Winkel} and Bernardo Ng and Edilberto Pena and Ramon Arellano and Raquel Roman and Thelma Sanchez and Larisa Movina and Pedro Morgado and Sofia Brissos and Oleg Aizberg and Anna Mosina and Damir Krinitski and James Mugisha and Dena Sadeghi-Bahmani and Farshad Sheybani and Masoud Sadeghi and Samira Hadi and Serge Brand and Antonia Errazuriz and Nicolas Crossley and Dragana Ignjatovic Ristic and Carlos L{\'o}pez-Jaramillo and Dimitris Efthymiou and Praveenlal Kuttichira and Roy Abraham Kallivayalil and Afzal Javed and Muhammad Iqbal Afridi and Bawo James and Omonefe Joy Seb-Akahomen and Jess Fiedorowicz and Andre F. Carvalho and Jeff Daskalakis and Lakshmi N. Yatham and Lin Yang and Tarek Okasha and A{\"i}cha Dahdouh and Bj{\"o}rn Gerdle and Jari Tiihonen and Jae Il Shin and Jinhee Lee and Ahmed Mhalla and Lotfi Gaha and Takoua Brahim and Kuanysh Altynbekov and Nikolay Negay and Saltanat Nurmagambetova and Yasser Abu Jamei and Mark Weiser and Christoph U. Correll},
  title = {Validation of the {C}ollaborative {O}utcomes Study on {H}ealth and {F}unctioning during {I}nfection {T}imes (COH-FIT) Questionnaire for Adults},
  journal = {Journal of Affective Disorders},
  volume = {326},
  pages = {249--261},
  year = {2023},
  doi = {10.1016/j.jad.2022.12.022}
}

@Article{Knuth:1984,
  author = {Knuth, Donald E.},
  title = {Literate Programming},
  journal = {The Computer Journal},
  year = {1984},
  volume = {27},
  number = {2},
  pages = {97--111},
  doi = {10.1093/comjnl/27.2.97}
}

@Book{Xie:2015,
  author = {Yihui Xie},
  title = {Dynamic Documents with {R} and {knitr}},
  year = {2015},
  edition = {2nd},
  publisher = {Chapman \& Hall/CRC},
  address = {Boca Raton},
  doi = {10.1201/9781315382487}
}

@Book{Xie+Allaire+Grolemund:2018,
  author = {Yihui Xie and J. J. Allaire and Garrett Grolemund},
  title = {{R} {M}arkdown: {T}he Definitive Guide},
  year = {2018},
  publisher = {Chapman \& Hall/CRC},
  address = {Boca Raton},
  doi = {10.1201/9781138359444}
}

@Misc{Scheidegger+Teague+Dervieux:2024,
  author = {Carlos Scheidegger and Charles Teague and Christophe Dervieux and J. J. Allaire and Yihui Xie},
  title = {{Q}uarto: {A}n Open-Source Scientific and Technical Publishing System},
  year = {2024},
  note = {Version 1.5},
  url = {https://quarto.org/}
}

@InCollection{Buckheit+Donoho:1995,
  author = {Jonathan B. Buckheit and David L. Donoho},
  title = {{WaveLab} and Reproducible Research},
  editor = {A. Antoniadis and G. Oppenheim},
  booktitle = {Wavelets in Statistics},
  year = {1995},
  pages = {55--82},
  series = {Lecture Notes in Statistics},
  publisher = {Springer-Verlag},
  address = {New York},
  doi = {10.1007/978-1-4612-2544-7_5}
}

@Article{Hornik:2012,
  author = {Kurt Hornik},
  title = {The {C}omprehensive {R} {A}rchive {N}etwork},
  journal = {Wiley Interdisciplinary Reviews: Computational Statistics},
  year = {2012},
  volume = {4},
  number = {4},
  pages = {394--398},
  doi = {10.1002/wics.1212}
}

@Manual{Eaton+Bateman+Hauberg:2024,
  title = {{GNU} {O}ctave Version 9.2.0 Manual: {A} High-Level Interactive Language for Numerical Computations},
  author = {John W. Eaton and David Bateman and S{\o}ren Hauberg and Rik Wehbring},
  year = {2024},
  url = {https://www.gnu.org/software/octave/doc/v9.2.0/}
}

@Article{Frick+Strobl+Leisch:2012,
  title = {Flexible {R}asch Mixture Models with Package {psychomix}},
  author = {Hannah Frick and Carolin Strobl and Friedrich Leisch and Achim Zeileis},
  journal = {Journal of Statistical Software},
  year = {2012},
  volume = {48},
  number = {7},
  pages = {1--25},
  doi = {10.18637/jss.v048.i07}
}

@Article{Symanzik+Mori+Vieu:2024,
  author = {J\"urgen Symanzik and Yuichi Mori and Philippe Vieu},
  title = {A Memorial for the Late {P}rofessor {F}riedrich {L}eisch},
  journal = {Computational Statistics},
  year = {2024},
  volume = {39},
  note = {Forthcoming}
}
