@book{dyncall,
author = {D.~{Adler and T.~Philipp}},
title = {{DynCall project}},
publisher = {November  C library version 0.7},
year = {2011},
url = {http://dyncall.org}
}
@book{Beazley:2003:ASS:860016.860018,
author = {D.~M. {Beazley}},
title = {{Automated scientific software scripting with SWIG}},
publisher = {Future Gener Comput Syst. 19:  July  ISSN 0167-739X doi10.1016/S0167-739X(02)00171-1},
pages = {599--609},
year = {2003},
url = {http://portal.acm.org/citation.cfm?id=860016.860018}
}
@book{qemu,
author = {F.~{Bellard}},
title = {{QEMU, a fast and portable dynamic translator}},
publisher = {In USENIX Annual Technical Conference FREENIX Track pages USENIX},
pages = {41--46},
year = {2005},
url = {http://www.usenix.org/events/usenix05/tech/freenix/bellard.html}
}
@book{CFFI,
author = {J.~{Bielman}},
title = {{CFFI - common foreign function interface}},
publisher = {August  CL library version 0.10.6},
year = {2010},
url = {http://common-lisp.net/project/cffi/}
}
@book{bridj,
author = {O.~{Chafik}},
title = {{BridJ - Let Java & Scala call C, C++, Objective-C, C#..}},
publisher = {Jun  Java package version 0.5},
year = {2011},
url = {http://code.google.com/p/bridj/}
}
@book{Clark:01:XTV,
author = {J.~{Clark}},
title = {{XSL transformations (XSLT) version 1.1}},
publisher = {W3C working draft W3C Aug},
year = {2001},
url = {http://www.w3.org/TR/2001/WD-xslt11-20010824/}
}
@book{www:expat,
author = {J.~{Clark}},
title = {{The Expat XML parser}},
publisher = {June  C library version 2.0.1},
year = {2007},
url = {http://expat.sourceforge.net/}
}
@book{Flanagan-Matsumoto08,
author = {D.~{Flanagan and Y.~Matsumoto}},
title = {{The Ruby Programming Language}},
publisher = {O'Reilly Cambridge},
year = {2008}
}
@book{gxemul,
author = {A.~{Gavare}},
title = {{GXEmul: a framework for full-system computer architecture emulation}},
publisher = {February  Program version 0.6.0},
year = {2010},
url = {http://gxemul.sourceforge.net/}
}
@book{libffi,
author = {A.~{Green}},
title = {{libffi - a portable foreign function interface library}},
publisher = {August  C library version 3.0.10},
year = {2011},
url = {http://sourceware.org/libffi/}
}
@book{ffcall,
author = {B.~{Haible}},
title = {{ffcall - foreign function call libraries}},
publisher = {June  C library version 1.10},
year = {2004},
url = {http://www.gnu.org/s/libffcall/}
}
@book{ctypes,
author = {T.~{Heller}},
title = {{ctypes - A foreign function library for Python}},
publisher = {October},
year = {2011},
url = {http://starship.python.net/crew/theller/ctypes/}
}
@book{SPE::IerusalimschyFF1996,
author = {R.~{Ierusalimschy, L.~H. de~Figueiredo, and W.~C. Filho}},
title = {{Lua -- an extensible extension language}},
publisher = {Software -- Practice and Experience 26 (6): June},
pages = {635--652},
year = {1996}
}
@book{boostwave,
author = {H.~{Kaiser}},
title = {{Wave V2.0 - Boost C++ Libraries}},
publisher = {Boost C++ Library Version 1.45 Wave C++ Library Version 2.1.0},
year = {2011},
url = {http://www.boost.org/doc/libs/release/libs/wave/index.htmlJuly}
}
@book{Kim:2001:TSJ,
author = {E.~E. {Kim}},
title = {{A triumph of simplicity: James Clark on markup languages and XML}},
publisher = {Dr Dobb's Journal of Software Tools 26(7): 56  July  ISSN 1044-789X},
pages = {58--60},
year = {2001},
url = {http://www.ddj.com/}
}
@book{gccxml,
author = {B.~{King}},
title = {{GCC-XML}},
publisher = {February  Program version 0.6.0},
year = {2004},
url = {http://www.gccxml.org}
}
@book{ctypeslib,
author = {G.~K. {Kloss}},
title = {{Automatic C library wrapping -- ctypes from the trenches}},
publisher = {The Python Papers 3 (3)  ISSN 1834-3147},
year = {2008}
}
@book{SDL,
author = {S.~{Lantinga}},
title = {{libSDL: Simple DirectMedia layer}},
publisher = {October  C library version 1.2.14},
year = {2009},
url = {http://www.libsdl.org/}
}
@book{oai:doaj-articles:90f0897e2030d75afdb725c820796db6,
author = {M.~{Lawrence and D.~{Temple Lang}}},
title = {{RGtk2: A graphical user interface toolkit for R}},
publisher = {Journal of Statistical Software  ISSN 15487660},
year = {2011},
url = {http://www.jstatsoft.org/v37/i08/paper}
}
@book{alien,
author = {F.~{Mascarenhas}},
title = {{Alien - pure Lua extensions}},
publisher = {October  Lua module version 0.5.1},
year = {2009},
url = {http://alien.luaforge.net/}
}
@book{RubyFFI,
author = {W.~{Meissner}},
title = {{Ruby-FFI}},
publisher = {October  Ruby package version 1.0.10},
year = {2011},
url = {https://github.com/ffi/ffi/wiki}
}
@book{PerlFFI,
author = {P.~{Moore, G.~Yahas, and A.~Vorobey}},
title = {{FFI - Perl foreign function interface}},
publisher = {~gaal/FFI/FFI.pm September  Perl module version 1.04},
year = {2008},
url = {http://search.cpan.org/}
}
@book{Board05,
author = {{{OpenGL Architecture Review Board}, D.~Shreiner, M.~Woo, J.~Neider, and T.~Davis}},
title = {{OpenGL(R) Programming Guide: The Official Guide to Learning OpenGL(R), Version 2}},
publisher = {Addison Wesley},
year = {2005}
}
@book{Pendleton:2003:GPS,
author = {B.~{Pendleton}},
title = {{Game programming with the Simple DirectMedia Layer (SDL)}},
publisher = {Linux Journal 110: 42 44 46 48 June  ISSN 1075-3583},
year = {2003}
}
@book{dynos,
author = {T.~{Philipp}},
title = {{DynOS Project}},
publisher = {May},
year = {2011},
url = {http://dyncall.org/dynos}
}
@book{RExt,
author = {{R {Development Core Team}}},
title = {{Writing R Extesions}},
publisher = {R Foundation for Statistical Computing Vienna Austria},
year = {2010},
url = {http://www.R-project.org},
isbn = {3-900051-11-9}
}
@book{RFFI,
author = {D.~{{Temple Lang}}},
title = {{Rffi for run-time invocation of arbitrary compiled routines from R}},
publisher = {January  R package version 0.3-0},
year = {2011},
url = {http://www.omegahat.org/Rffi/}
}
@book{RNameSpace,
author = {L.~{Tierney}},
title = {{A simple implementation of name spaces for R}},
publisher = {~luke/R/namespaces/morenames.pdf,May},
year = {2003},
url = {http://www.stat.uiowa.edu/}
}
@book{vanRossum:2005:PLR,
author = {G.~van {Rossum and F.~L. {Drake, Jr.}}},
title = {{Python Language Reference Manual}},
publisher = {Network Theory Ltd.},
year = {2005},
url = {http://www.network-theory.co.uk/python/language/},
isbn = {0-9541617-8-5}
}
@book{libxslt,
author = {D.~{Veillard and B.~Reese}},
title = {{The XSLT C library for GNOME}},
publisher = {September  C library version 1.1.26},
year = {2009},
url = {http://xmlsoft.org/XSLT/}
}
@book{cinvoke,
author = {W.~{Weisser}},
title = {{C/Invoke - version 1.0 - easily call C from any language}},
publisher = {January  C library version 1.0},
year = {2007},
url = {http://cinvoke.teegra.net/index.html}
}




