@article{Archer08,
  title =	 {Empirical Characterization of Random Forest Variable
                  Importance Measures},
  author =	 {Archer, Kellie J and Kimes, Ryan V},
  journal =	 {Computational Statistics \& Data Analysis},
  volume =	 52,
  number =	 4,
  pages =	 {2249--2260},
  year =	 2008,
  publisher =	 {Elsevier}
}

@article{Boulesteix12,
  title =	 {Overview of Random Forest Methodology and Practical
                  Guidance with Emphasis on Computational Biology and
                  Bioinformatics},
  author =	 {Boulesteix, Anne-Laure and Janitza, Silke and
                  Kruppa, Jochen and K{\"o}nig, Inke R},
  journal =	 {Wiley Interdisciplinary Reviews: Data Mining and
                  Knowledge Discovery},
  volume =	 2,
  number =	 6,
  pages =	 {493--507},
  year =	 2012,
  publisher =	 {Wiley Online Library}
}

@book{Breiman84,
  title =	 {Classification and Regression Trees},
  author =	 {Breiman, L and Friedman, JH and Olshen, RA and
                  Stone, CJ},
  publisher =	 {Chapman \& Hall, New York},
  year =	 1984
}

@article{Breiman96,
  title =	 {Bagging Predictors},
  author =	 {Breiman, Leo},
  journal =	 {Machine Learning},
  volume =	 24,
  number =	 2,
  pages =	 {123--140},
  year =	 1996,
  publisher =	 {Springer}
}

@article{Breiman01,
  title =	 {Random Forests},
  author =	 {Breiman, Leo},
  journal =	 {Machine Learning},
  volume =	 45,
  number =	 1,
  pages =	 {5--32},
  year =	 2001,
  publisher =	 {Springer}
}

@article{Bushel07,
  title =	 {Simultaneous Clustering of Gene Expression Data with
                  Clinical Chemistry and Pathological Evaluations
                  Reveals Phenotypic Prototypes},
  author =	 {Bushel, Pierre and Wolfinger, Russell and Gibson,
                  Greg},
  journal =	 {BMC Systems Biology},
  volume =	 1,
  number =	 1,
  pages =	 15,
  year =	 2007,
  publisher =	 {BioMed Central Ltd}
}

@article{Cadenas13,
  title =	 {Feature Subset Selection Filter-Wrapper Based on Low
                  Quality Data},
  author =	 {Cadenas, Jos{\'e} M and Carmen Garrido, M and
                  Mart{\'\i}nez, Raquel},
  journal =	 {Expert Systems with Applications},
  year =	 2013,
  publisher =	 {Elsevier},
  volume =	 40,
  number =	 16,
  pages =	 {6241--6252}
}

@article{Cheze03,
  title =	 {Partial and Recombined Estimators for Nonlinear
                  Additive Models},
  author =	 {Ch{\`e}ze, Nathalie and Poggi, Jean-Michel and
                  Portier, Bruno},
  journal =	 {Statistical Inference for Stochastic Processes},
  volume =	 6,
  number =	 2,
  pages =	 {155--197},
  year =	 2003,
  publisher =	 {Springer}
}

@article{Diaz06,
  title =	 {Gene Selection and Classification of Microarray Data
                  Using Random Forest},
  author =	 {D{\'\i}az-Uriarte, Ram{\'o}n and Alvarez De Andres,
                  Sara},
  journal =	 {BMC Bioinformatics},
  volume =	 7,
  number =	 1,
  pages =	 3,
  year =	 2006,
  publisher =	 {BioMed Central Ltd}
}

@article{diaz2007,
  title =	 {{GeneSrF} and {varSelRF}: A Web-Based Tool and {R}
                  Package for Gene Selection and Classification Using
                  Random Forest},
  author =	 {D{\'\i}az-Uriarte, Ram{\'o}n},
  journal =	 {BMC Bioinformatics},
  volume =	 8,
  number =	 1,
  pages =	 328,
  year =	 2007,
  publisher =	 {BioMed Central Ltd}
}

@article{Fan08,
  title =	 {Sure Independence Screening for Ultrahigh
                  Dimensional Feature Space},
  author =	 {Fan, Jianqing and Lv, Jinchi},
  journal =	 {Journal of the Royal Statistical Society B},
  volume =	 70,
  number =	 5,
  pages =	 {849--911},
  year =	 2008,
  publisher =	 {Wiley Online Library}
}

@inproceedings{Gen10b,
  title =	 {Random Forests Based Feature Selection for Decoding
                  {fMRI} Data},
  author =	 {Genuer, Robin and Michel, Vincent and Eger, Evelyn
                  and Thirion, Bertrand},
  booktitle =	 {Proceedings of COMPSTAT'2010 -- 19th International
                  Conference on Computational Statistics},
  pages =	 {1071--1078},
  year =	 2010
}

@article{Gen10,
  title =	 {Variable Selection Using Random Forests},
  author =	 {Genuer, Robin and Poggi, Jean-Michel and
                  Tuleau-Malot, Christine},
  journal =	 {Pattern Recognition Letters},
  volume =	 31,
  number =	 14,
  pages =	 {2225--2236},
  year =	 2010,
  publisher =	 {Elsevier}
}

@article{Gidskehaug07,
  title =	 {A Framework for Significance Analysis of Gene
                  Expression Data Using Dimension Reduction Methods},
  author =	 {Gidskehaug, Lars and Anderssen, Endre and Flatberg,
                  Arnar and Alsberg, Bj{\o}rn K},
  journal =	 {BMC Bioinformatics},
  volume =	 8,
  number =	 1,
  pages =	 346,
  year =	 2007,
  publisher =	 {BioMed Central Ltd}
}

@article{Gonzalez2012,
  title =	 {Visualising Associations Between Paired 'omics' Data
                  Sets},
  author =	 {Gonz{\'a}lez, Ignacio and L{\^e} Cao, Kim-Anh and
                  Davis, Melissa J and D{\'e}jean, S{\'e}bastien},
  journal =	 {BioData Mining},
  volume =	 5,
  number =	 1,
  pages =	 {1--23},
  year =	 2012,
  publisher =	 {Springer}
}

@article{Guyon02,
  title =	 {Gene Selection for Cancer Classification Using
                  Support Vector Machines},
  author =	 {Guyon, Isabelle and Weston, Jason and Barnhill,
                  Stephen and Vapnik, Vladimir},
  journal =	 {Machine Learning},
  volume =	 46,
  number =	 {1-3},
  pages =	 {389--422},
  year =	 2002,
  publisher =	 {Springer}
}

@article{Guyon03,
  title =	 {An Introduction to Variable and Feature Selection},
  author =	 {Guyon, Isabelle and Elisseeff, Andr{\'e}},
  journal =	 {Journal of Machine Learning Research},
  volume =	 3,
  pages =	 {1157--1182},
  year =	 2003,
  publisher =	 {JMLR. org}
}

@article{Hapfelmeier2013,
  title =	 {A New Variable Selection Approach Using Random
                  Forests},
  author =	 {Hapfelmeier, Alexander and Ulm, Kurt},
  journal =	 {Computational Statistics \& Data Analysis},
  year =	 2012,
  volume =	 60,
  pages =	 {50--69},
  publisher =	 {Elsevier}
}

@book{Hastie01,
  title =	 {The Elements of Statistical Learning},
  author =	 {Trevor. Hastie and Robert. Tibshirani and Friedman,
                  Jerome H},
  year =	 2001,
  publisher =	 {Springer-Verlag, New York}
}

@article{Heinloth04,
  title =	 {Gene Expression Profiling of Rat Livers Reveals
                  Indicators of Potential Adverse Effects},
  author =	 {Heinloth, A. N. and Irwin, R. D. and Boorman, G. A. and
                  Nettesheim, P and Fannin, R. D. and Sieber, S. O. and
                  Snell, M. L and Tucker, C. J and Li, L and Travlos,
                  G. S and Vansant, G and Blackshear, P E and Tennant,
                  R W and Cunningham, M L and Paules, R S},
  journal =	 {Toxicological Sciences},
  volume =	 80,
  number =	 1,
  pages =	 {193--202},
  year =	 2004,
  publisher =	 {Soc Toxicology}
}

@article{Hothorn06,
  title =	 {Unbiased Recursive Partitioning: A Conditional
                  Inference Framework},
  author =	 {Hothorn, Torsten and Hornik, Kurt and Zeileis,
                  Achim},
  journal =	 {Journal of Computational and Graphical Statistics},
  volume =	 15,
  number =	 3,
  pages =	 {651--674},
  year =	 2006
}

@article{Kohavi97,
  title =	 {Wrappers for Feature Subset Selection},
  author =	 {Kohavi, Ron and John, George H},
  journal =	 {Artificial Intelligence},
  volume =	 97,
  number =	 1,
  pages =	 {273--324},
  year =	 1997,
  publisher =	 {Elsevier}
}

@article{Kursa2010,
  title =	 {Feature Selection with the {Boruta} Package},
  author =	 {Kursa, Miron B and Rudnicki, Witold R},
  year =	 2010,
  journal =	 {Journal of Statistical Software},
  volume =	 36,
  number =	 11,
  pages =	 {1--13},
}

@article{LeCao2008,
  title =	 {ofw: An {R} Package to Select Continuous Variables
                  for Multiclass Classification with a Stochastic
                  Wrapper Method},
  author =	 {L{\^e} Cao, Kim-Anh and Chabrier, Patrick},
  journal =	 {Journal of Statistical Software},
  volume =	 28,
  number =	 9,
  year =	 2008,
  pages =	 {1--16},
}

@article{LeCao2008b,
  title =	 {A Sparse {PLS} for Variable Selection when Integrating
                  Omics Data},
  author =	 {L{\^e} Cao, Kim-Anh and Rossouw, Debra and
                  Robert-Grani{\'e}, Christ{\`e}le and Besse,
                  Philippe},
  journal =	 {Statistical Applications in Genetics and Molecular
                  Biology},
  volume =	 7,
  number =	 1,
  year =	 2008
}

@article{Liaw02,
  title =	 {Classification and Regression by {randomForest}},
  author =	 {Liaw, Andy and Wiener, Matthew},
  journal =	 {R News},
  volume =	 2,
  number =	 3,
  pages =	 {18--22},
  year =	 2002
}

@article{Scheipl2011,
  title =	 {{spikeSlabGAM}: Bayesian Variable Selection, Model
                  Choice and Regularization for Generalized Additive
                  Mixed Models in {R}},
  author =	 {Scheipl, Fabian},
  journal =	 {Journal of Statistical Software},
  volume =	 43,
  number =	 14,
  pages =	 {1--24},
  year =	 2011
}

@article{Singh02,
  title =	 {Gene Expression Correlates of Clinical Prostate
                  Cancer Behavior},
  author =	 {Singh, Dinesh and Febbo, Phillip G and Ross, Kenneth
                  and Jackson, Donald G and Manola, Judith and Ladd,
                  Christine and Tamayo, Pablo and Renshaw, Andrew A
                  and D'Amico, Anthony V and Richie, Jerome P and
                  others},
  journal =	 {Cancer Cell},
  volume =	 1,
  number =	 2,
  pages =	 {203--209},
  year =	 2002,
  publisher =	 {Elsevier}
}

@article{Strobl08,
  title =	 {Conditional Variable Importance for Random Forests},
  author =	 {Strobl, Carolin and Boulesteix, Anne-Laure and
                  Kneib, Thomas and Augustin, Thomas and Zeileis,
                  Achim},
  journal =	 {BMC Bioinformatics},
  volume =	 9,
  number =	 1,
  pages =	 307,
  year =	 2008,
  publisher =	 {BioMed Central Ltd}
}

@article{Verikas11,
  title =	 {Mining Data with Random Forests: A Survey and
                  Results of New Tests},
  author =	 {Verikas, Antanas and Gelzinis, Adas and Bacauskiene,
                  Marija},
  journal =	 {Pattern Recognition},
  volume =	 44,
  number =	 2,
  pages =	 {330--349},
  year =	 2011,
  publisher =	 {Elsevier}
}

@article{Wehrens12,
  title =	 {Meta-Statistics for Variable Selection: The {R}
                  Package {BioMark}},
  author =	 {Wehrens, Herman Ronald and Johan, Maria and
                  Franceschi, Pietro},
  journal =	 {Journal of Statistical Software},
  year =	 2012,
  volume =	 51,
  number =	 10,
  pages =	 {1--18},
}

@article{Weston03,
  title =	 {Use of the Zero Norm with Linear Models and Kernel
                  Methods},
  author =	 {Weston, Jason and Elisseeff, Andr{\'e} and
                  Sch{\"o}lkopf, Bernhard and Tipping, Mike},
  journal =	 {Journal of Machine Learning Research},
  volume =	 3,
  pages =	 {1439--1461},
  year =	 2003,
  publisher =	 {JMLR. org}
}

@article{Peters02,
  title =	 {ipred: Improved predictors},
  author =	 {Peters, Andrea and Hothorn, Torsten and Lausen,
                  Berthold},
  journal =	 {R News},
  volume =	 2,
  number =	 2,
  pages =	 {33--36},
  year =	 2002
}

@Manual{Therneau13,
  title =	 {rpart: Recursive Partitioning and Regression Trees},
  author =	 {Terry Therneau and Beth Atkinson and Brian Ripley},
  year =	 2015,
  note =	 {R package version 4.1-9},
  url =		 {https://CRAN.R-project.org/package=rpart},
}

@Manual{Dejean13,
  title =	 {mixOmics: Omics Data Integration Project},
  author =	 {Kim-Anh {L{\^e} Cao} and Ignacio Gonzalez and
                  Sebastien Dejean.},
  year =	 2015,
  note =	 {R package version 5.0-4, with key contributions from
                  F. Rohart and B. Gautier and contributions from
                  P. Monget, J. Coquery, F. Yao and B. Liquet},
  url =		 {https://CRAN.R-project.org/package=mixOmics},
}

@Manual{Leisch10,
  title =	 {mlbench: Machine Learning Benchmark Problems},
  author =	 {Leisch, Friedrich and Dimitriadou, Evgenia},
  year =	 2010,
  note =	 {R package version 2.1-1},
  url =		 {https://CRAN.R-project.org/package=mlbench},
}
Friedrich Leisch & Evgenia Dimitriadou (2010). mlbench: Machine Learning Benchmark Problems. R
  package version 2.1-1.

@inproceedings{louppe13,
  title =	 {Understanding Variable Importances in Forests of
                  Randomized Trees},
  author =	 {Louppe, Gilles and Wehenkel, Louis and Sutera,
                  Antonio and Geurts, Pierre},
  booktitle =	 {Advances in Neural Information Processing Systems},
  pages =	 {431--439},
  year =	 2013
}

@article{Aze03,
  title =	 {The dominance analysis approach for comparing
                  predictors in multiple regression},
  author =	 {Azen, Razia and Budescu, David V},
  journal =	 {Psychological Methods},
  volume =	 8,
  number =	 2,
  pages =	 {129--148},
  year =	 2003,
  publisher =	 {American Psychological Association}
}

@article{Gre13,
  title =	 {Correlation and variable importance in random
                  forests},
  author =	 {Gregorutti, Baptiste and Michel, Bertrand and
                  Saint-Pierre, Philippe},
  note =	 {arXiv:1310.5726},
  year =	 2013
}

@article{Mei10,
  title =	 {Stability selection},
  author =	 {Meinshausen, Nicolai and B{\"u}hlmann, Peter},
  journal =	 {Journal of the Royal Statistical Society B},
  volume =	 72,
  number =	 4,
  pages =	 {417--473},
  year =	 2010,
  publisher =	 {Wiley Online Library}
}

@article{Nil07,
  title =	 {Consistent feature selection for pattern recognition
                  in polynomial time},
  author =	 {Nilsson, Roland and Pe{\~n}a, Jos{\'e} M and
                  Bj{\"o}rkegren, Johan and Tegn{\'e}r, Jesper},
  journal =	 {Journal of Machine Learning Research},
  volume =	 8,
  pages =	 {589--612},
  year =	 2007,
  publisher =	 {JMLR. org}
}

@article{Str07,
  title =	 {Bias in random forest variable importance measures:
                  Illustrations, sources and a solution},
  author =	 {Strobl, Carolin and Boulesteix, Anne-Laure and
                  Zeileis, Achim and Hothorn, Torsten},
  journal =	 {BMC Bioinformatics},
  volume =	 8,
  number =	 1,
  pages =	 25,
  year =	 2007,
  publisher =	 {BioMed Central Ltd}
}

@article{BreiCutl04,
  title =	 {Random Forest Manual},
  author =	 {Breiman, L and Cutler, A},
  url =
                  {http://www.stat.berkeley.edu/~breiman/RandomForests/cc\_manual.htm},
  year =	 2004
}

@article{khan:2001,
  author =	 {Khan, Javed and Wei, Jun S. and Ringner, Markus and
                  Saal, Lao H. and Ladanyi, Marc and Westermann, Frank
                  and Berthold, Frank and Schwab, Manfred and
                  Antonescu, Cristina R. and Peterson, Carsten and
                  Meltzer, Paul S.},
  journal =	 {Nature Medicine},
  number =	 6,
  pages =	 {673--679},
  title =	 {Classification and diagnostic prediction of cancers
                  using gene expression profiling and artificial
                  neural networks},
  volume =	 7,
  year =	 2001
}

@article{Gen08,
  title =	 {Random Forests: Some methodological insights},
  author =	 {Genuer, Robin and Poggi, Jean-Michel and Tuleau,
                  Christine},
  note =	 {arXiv:0811.3619},
  year =	 2008
}

@incollection{svetnik2004,
  title =	 {Application of {Breiman’s} random forest to modeling
                  structure-activity relationships of pharmaceutical
                  molecules},
  author =	 {Svetnik, Vladimir and Liaw, Andy and Tong,
                  Christopher and Wang, Ting},
  booktitle =	 {Multiple Classifier Systems},
  pages =	 {334--343},
  year =	 2004,
  publisher =	 {Springer}
}
@book{Diaz2007,
author = {R.~{D{\'\i}az-Uriarte}},
title = {{GeneSrF and varSelRF: A web-based tool and R package for gene selection and classification using random forest}},
publisher = {BMC Bioinformatics 8 (1): 328},
year = {2007}
}

