@book{Eddelbuettel:Francois:2011,
author = {D.~{Eddelbuettel and R.~Francois}},
title = {{Rcpp: Seamless R and C++ integration}},
publisher = {Journal of Statistical Software 40 (8): 4  ISSN 1548-7660},
pages = {1--18},
year = {2011},
url = {http://www.jstatsoft.org/v40/i08}
}
@book{n3242,
author = {{JTC1/SC22/WG21 - {The C++ Standards Committee}}},
title = {{Working draft, standard for programming language C++}},
publisher = {Technical report ISO/IEC February},
year = {2011},
url = {http://www.open-std.org/JTC1/SC22/WG21}
}
@book{Pemstein:Quinn:Martin:2007,
author = {D.~{Pemstein, K.~M. Quinn, and A.~D. Martin}},
title = {{The scythe statistical library: An open source C++ library for statistical computation}},
publisher = {Journal of Statistical Software 42 (12): 6  ISSN 1548-7660},
pages = {1--26},
year = {2011},
url = {http://www.jstatsoft.org/v42/i12}
}

