@ARTICLE{Frankl1988,
  author={Frankl, P.G. and Weyuker, E.J.},
  journal={IEEE Transactions on Software Engineering}, 
  title={An applicable family of data flow testing criteria}, 
  year={1988},
  volume={14},
  number={10},
  pages={1483-1498},
  doi={10.1109/32.6194}}
  

@Book{DeMillo1987,
title = { Software Testing and Evaluation },
author = { DeMillo, Richard A },
publisher = { Menlo Park, Calif Benjamin/Cummings Pub. Co },
year = { 1987 },
type = { Book },
isbn = { 978-0-8053-2535-5 }
}

@article{Brooks1987,
author = {Brooks, Jr, Frederick},
year = {1987},
month = {04},
pages = {10-19},
title = {No Silver Bullet Essence and Accidents of Software Engineering},
volume = {20},
journal = {IEEE Computer},
doi = {10.1109/MC.1987.1663532}
}


%% INSECURE
@INPROCEEDINGS{Insecure1,
  author={Rahman, Akond and Farhana, Effat and Imtiaz, Nasif},
  booktitle={2019 IEEE/ACM 16th International Conference on Mining Software Repositories (MSR)}, 
  title={Snakes in Paradise?: Insecure Python-Related Coding Practices in Stack Overflow}, 
  year={2019},
  volume={},
  number={},
  pages={200-204},
  doi={10.1109/MSR.2019.00040}}
  
  @INPROCEEDINGS{Insecure2,  author={Fischer, Felix and Böttinger, Konstantin and Xiao, Huang and Stransky, Christian and Acar, Yasemin and Backes, Michael and Fahl, Sascha},  booktitle={2017 IEEE Symposium on Security and Privacy (SP)},   title={Stack Overflow Considered Harmful? The Impact of Copy amp;Paste on Android Application Security},   year={2017},  volume={},  number={},  pages={121-136},  doi={10.1109/SP.2017.31}}
  
  @INPROCEEDINGS{Insecure3,  author={Acar, Yasemin and Backes, Michael and Fahl, Sascha and Kim, Doowon and Mazurek, Michelle L. and Stransky, Christian},  booktitle={2016 IEEE Symposium on Security and Privacy (SP)},   title={You Get Where You're Looking for: The Impact of Information Sources on Code Security},   year={2016},  volume={},  number={},  pages={289-305},  doi={10.1109/SP.2016.25}}
  
  
  %% BUGGY
  
  @INPROCEEDINGS{Buggy1,
  author={Zhang, Tianyi and Upadhyaya, Ganesha and Reinhardt, Anastasia and Rajan, Hridesh and Kim, Miryung},
  booktitle={2018 IEEE/ACM 40th International Conference on Software Engineering (ICSE)}, 
  title={Are Code Examples on an Online Q amp;A Forum Reliable?: A Study of API Misuse on Stack Overflow}, 
  year={2018},
  volume={},
  number={},
  pages={886-896},
  doi={10.1145/3180155.3180260}}
  
  
  @article{Buggy2,
title = {Understanding stack overflow code quality: A recommendation of caution},
journal = {Science of Computer Programming},
volume = {199},
pages = {102516},
year = {2020},
issn = {0167-6423},
doi = {https://doi.org/10.1016/j.scico.2020.102516},
url = {https://www.sciencedirect.com/science/article/pii/S0167642320301246},
author = {Sarah Meldrum and Sherlock A. Licorish and Caitlin A. Owen and Bastin Tony Roy Savarimuthu},
keywords = {Stack overflow, Code reliability and conformance to programming rules, Code readability, Code performance, Code security},
}
  
  
  %% Outdated
  
  @phdthesis{outdated1,
  title={On the Maintenance of Crowdsourced Knowledge on Stack Overflow},
  author={Zhang, Haoxiang},
  year={2020},
  school={Queen's University (Canada)}
}
  
  @INPROCEEDINGS{Outdated2,  author={Zerouali, Ahmed and Velázquez-Rodríguez, Camilo and De Roover, Coen},  booktitle={2021 IEEE/ACM 18th International Conference on Mining Software Repositories (MSR)},   title={Identifying Versions of Libraries used in Stack Overflow Code Snippets},   year={2021},  volume={},  number={},  pages={341-345},  doi={10.1109/MSR52588.2021.00046}}
  
  
  
  %% Others
  @article{Others1,
  title={Understanding the Consistency of Stack Overflow Code: A Cautionary Suggestion},
  author={Toro, Mohammed Lawal},
  journal={LC International Journal of STEM (ISSN: 2708-7123)},
  volume={2},
  number={1},
  pages={40--47},
  year={2021}
}
  
  
  
  
  
  
  
  %% Software
  
@article{Kelly2015,
author = {Kelly, Diane},
title = {Scientific Software Development Viewed as Knowledge Acquisition},
year = {2015},
issue_date = {November 2015},
publisher = {Elsevier Science Inc.},
address = {USA},
volume = {109},
number = {C},
issn = {0164-1212},
url = {https://doi.org/10.1016/j.jss.2015.07.027},
doi = {10.1016/j.jss.2015.07.027},
journal = {Journal of Systems and Software},
month = {nov},
pages = {50–61},
numpages = {12},
keywords = {Knowledge model, Software development, Scientific software}
}
  
  
@ARTICLE{Cordes1991,  
author={Cordes, D. and Brown, M.},  
journal={Computer},   
title={The literate-programming paradigm},   
year={1991},  
volume={24},  
number={6},  
pages={52-61},  
doi={10.1109/2.86838}
}  



@ARTICLE{Loui2008, 
author={Loui, Ronald P.},  
journal={Computer},   
title={In Praise of Scripting: Real Programming Pragmatism},   
year={2008},  
volume={41},  
number={7},  
pages={22-26},  
doi={10.1109/MC.2008.228}}  


@article{Storer2017,
author = {Storer, Tim},
title = {Bridging the Chasm: A Survey of Software Engineering Practice in Scientific Programming},
year = {2017},
issue_date = {July 2018},
publisher = {Association for Computing Machinery},
address = {USA},
volume = {50},
number = {4},
issn = {0360-0300},
doi = {10.1145/3084225},
journal = {ACM Comput. Surv.},
month = {aug},
articleno = {47},
numpages = {32},
keywords = {Software engineering, scientific programming}
}