@webpage{algorithm,
  Author =	 {Mike Fast},
  Month =	 nov,
  Title =	 {Drinking from a Fire Hose},
  Url =
                  {http://www.hardballtimes.com/main/article/drinking-from-a-fire-hose/},
  Year =	 {2008},
  note =	 {Last visited on 09/09/2012}
}

@book{knitrpkg,
  Author =	 {Yihui Xie},
  Isbn =	 {978-1482203530},
  Publisher =	 {Chapman and Hall/CRC},
  Title =	 {Dynamic Documents with R and knitr},
  Year =	 2013,
}

@Manual{rglpkg,
  title =	 {rgl: 3D Visualization Device System (OpenGL)},
  author =	 {Daniel Adler and Duncan Murdoch and {others}},
  note =	 {R package version 0.93.963},
  url =		 {http://rgl.neoscientists.org},
}

@Manual{RMySQL,
  title =	 {RMySQL: R Interface to the MySQL Database},
  author =	 {David A. James and Saikat DebRoy},
  year =	 2012,
  note =	 {R package version 0.9-3},
  url =		 {http://CRAN.R-project.org/package=RMySQL},
}

@ARTICLE{animation,
  AUTHOR =	 {Yihui Xie},
  TITLE =	 {animation: An {R} Package for Creating Animations
                  and Demonstrating Statistical Methods},
  JOURNAL =	 {Journal of Statistical Software},
  YEAR =	 2013,
  Volume =	 53,
  Number =	 1,
  Pages =	 {1-27},
  Url =		 {http://www.jstatsoft.org/v53/i01/},
}

@Book{ggplot2,
  author =	 {Hadley Wickham},
  title =	 {ggplot2: Elegant Graphics for Data Analysis},
  publisher =	 {Springer},
  address =      {New York},
  year =	 2009,
  isbn =	 {978-0-387-98140-6},
  url =		 {http://had.co.nz/ggplot2/book},
}

@Book{baseball,
  title =	 {Analyzing Baseball Data with R},
  author =	 {Max Marchi and Jim Albert},
  publisher =	 {Chapman and Hall/CRC},
  year =	 2013,
  isbn =	 9781466570221,
  url =		 {http://baseballwithr.wordpress.com/},
}

@Manual{XML,
  title =	 {XML: Tools for Parsing and Generating XML within R
                  and S-Plus},
  author =	 {Duncan Temple Lang},
  year =	 2013,
  note =	 {R package version 3.95-0.2},
  url =		 {http://CRAN.R-project.org/package=XML},
}

@Manual{XML2R,
  title =	 {XML2R: EasieR XML Data Collection},
  author =	 {Carson Sievert},
  year =	 2014,
  note =	 {R package version 0.0.4},
  url =		 {http://cpsievert.github.com/XML2R},
}

@Manual{DBI,
  title =	 {DBI: R Database Interface},
  author =	 {{R Special Interest Group on Databases}},
  year =	 2013,
  note =	 {R package version 0.2-7},
  url =		 {http://CRAN.R-project.org/package=DBI},
}

@book{mgcv,
  Author =	 {Wood, S.N.},
  Publisher =	 {Chapman and Hall/CRC},
  Title =	 {Generalized Additive Models: An Introduction with
                  R},
  Year =	 2006
}

@Book{MASS,
  title =	 {Modern Applied Statistics with S},
  author =	 {W. N. Venables and B. D. Ripley},
  publisher =	 {Springer},
  edition =	 {Fourth},
  address =	 {New York},
  year =	 2002,
  note =	 {ISBN 0-387-95457-0},
  url =		 {http://www.stats.ox.ac.uk/pub/MASS4},
}

@misc{slate,
  Author =	 {Nate {DiMeo}},
  Month =	 aug,
  Title =	 {Baseball's Particle Accelerator},
  Url =
                  {http://www.slate.com/articles/sports/sports_nut/2007/08/baseballs_particle_accelerator.html},
  Year =	 2007,
  note =	 {Last visited on 07/12/2012}
}

@misc{database,
  Author =	 {Mike Fast},
  Month =	 aug,
  Title =	 {How to Build a Pitch Database},
  Url =
                  {http://fastballs.wordpress.com/2007/08/23/how-to-build-a-pitch-database/},
  Urldate =	 {August 23, 2007},
  Year =	 2007,
  note =	 {Last visited on 12/15/2012}
}

@misc{trajecoryAnalysis,
  Author =	 {Alan Nathan},
  Month =	 feb,
  Title =	 {A Statistical Study of {PITCHf/x} Pitched Baseball
                  Trajectories},
  Url =
                  {http://webusers.npl.illinois.edu/~a-nathan/pob/MCAnalysis.pdf},
  Year =	 2008,
  note =	 {Last visited on 07/25/2012}
}

@misc{Strikezones,
  Author =	 {Mike Fast},
  Month =	 jul,
  Title =	 {Spinning Yarn: A Zone of Their Own},
  Url =
                  {http://www.baseballprospectus.com/article.php?articleid=14572},
  Year =	 2011,
  note =	 {Last visited on 06/17/2013}
}

@patent{patent,
  Author =	 {Alina Alt and Marvin S. White},
  Day =		 {11},
  Dayfiled =	 {19},
  Filing_Num =	 {11688149},
  Ipc_Class =	 {G06K 9/00},
  Location =	 {US},
  Month =	 {09},
  Monthfiled =	 {03},
  Number =	 {US 70219509},
  Title =	 {Tracking an Object with Multiple Asynchronous
                  Cameras},
  Type =	 {Patent},
  Url =
                  {http://www.patentlens.net/patentlens/patent/US_7062320/},
  Us_Class =	 {382 107},
  Year =	 {2008},
  Yearfiled =	 {2007},
  Bdsk-Url-1 =
                  {http://www.patentlens.net/patentlens/patent/US_7062320/}
}

@misc{NYT,
  Author =	 {James Traub},
  Month =	 jun,
  Title =	 {Mariano {R}ivera, King of the Closers},
  Url =
                  {http://www.nytimes.com/2010/07/04/magazine/04Rivera-t.html},
  Year =	 2010,
  note =	 {Last visited on 02/04/2013}
}

@misc{loess,
  Author =	 {Brian Mills},
  Month =	 dec,
  Title =	 {Rethinking 'loess' for Binomial-Response {PITCHf/x}
                  Strike Zone Maps },
  Url =
                  {http://princeofslides.blogspot.com/2010/12/rethinking-loess-for-binomial-response.html},
  Year =	 2010,
  note =	 {Last visited on 06/20/2013}
}

@Manual{pitchRx,
  title =	 {pitchRx: Tools for Scraping XML Data and Visualizing
                  Major League Baseball PITCHf/x},
  author =	 {Carson Sievert},
  year =	 2014,
  note =	 {R package version 1.5},
  url =	{http://cpsievert.github.com/pitchRx},
}

@ARTICLE{curve,
  author =	 {{Pane}, M.~A. and {Ventura}, S.~L. and {Steorts},
                  R.~C. and {Thomas}, A.~C.},
  title =	 "{Trouble With The Curve: Improving MLB Pitch
                  Classification}",
  journal =	 {ArXiv e-prints},
  archivePrefix ="arXiv",
  eprint =	 {1304.1756},
  primaryClass = "stat.AP",
  keywords =	 {Statistics - Applications},
  year =	 2013,
  month =	 apr,
  adsurl =	 {http://adsabs.harvard.edu/abs/2013arXiv1304.1756P},
  adsnote =	 {Provided by the SAO/NASA Astrophysics Data System}
}

@Manual{dplyrpkg,
  title =	 {dplyr: A Grammar of Data Manipulation},
  author =	 {Hadley Wickham and Romain Francois},
  note =	 {R package version 0.2},
  year =	 2014
}

@CONFERENCE{bias,
  AUTHOR = 	{Etan Green and David P. Daniels}, 
  TITLE = 		{What Does it Take to Call a Strike? Three Biases in Umpire Decision Making.},
  BOOKTITLE = {MIT Sloan Sports Analytics Conference},
  YEAR = 		2014
}









