@ARTICLE{Ardia:Hoogerheide:VanDijk:09,
  title = {Adaptive Mixture of {Student-t} Distributions as a Flexible Candidate
	   Distribution for Efficient Simulation: The {R} Package \pkg{AdMit}},
  author = {Ardia, David and Hoogerheide, Lennart F. and {van Dijk}, Herman K.},
  year = {2009},
  journal = {Journal of Statistical Software},
  volume = {29},
  number = {3},
  pages = {1--32},
  url = {http://www.jstatsoft.org/v29/i03/}
}

@MANUAL{AdMit,
  title = {\pkg{AdMit}: Adaptive Mixture of {Student-t} Distributions for Efficient Simulation in {R}},
  author = {Ardia, David and Hoogerheide, Lennart F. and {van Dijk}, Herman K.},
  year = {2008},
  note = {{R}~package version~1.01-01},
  url = {http://CRAN.R-project.org/package=AdMit}
}

@ARTICLE{Gelman:Meng:91,
  title = {A Note on Bivariate Distributions That Are Conditionally Normal},
  author = {Gelman, Andrew and Meng, Xiao-Li},
  year = {1991},
  journal = {The American Statistician},
  volume = {45},
  number = {2},
  pages = {125--126}
}

@ARTICLE{Geweke:89,
  title = {{B}ayesian Inference in Econometric Models Using {M}onte {C}arlo Integration},
  author = {Geweke, John F.},
  year = {1989},
  journal = {Econometrica},
  volume = {57},
  number = {6},
  pages = {1317--1339}
}

@PHDTHESIS{Hoogerheide:06,
  title = {Essays on Neural Network Sampling Methods and Instrumental Variables},
  author = {Hoogerheide, Lennart F.},
  year = {2006},
  school = {Tinbergen Institute, Erasmus University Rotterdam},
  note = {Book nr. 379 of the Tinbergen Institute Research Series},
  isbn = {9051708261}
}

@TECHREPORT{Hoogerheide:VanDijk:08,
  title = {Possibly Ill-Behaved Posteriors in Econometric Models: On the Connection
	   between Model Structures, Non-elliptical Credible Sets and Neural Network Simulation Techniques},
  author = {Hoogerheide, Lennart F. and {van Dijk}, Herman K.},
  year = {2008},
  institution = {Tinbergen Institute, Erasmus University Rotterdam},
  number = {2008-036/4},
  url = {http://www.tinbergen.nl/discussionpapers/08036.pdf}
}

@ARTICLE{Hoogerheide:Kaashoek:VanDijk:07,
  title = {On the Shape of Posterior Densities and Credible Sets in Instrumental
	   Variable Regression Models with Reduced Rank: An Application of Flexible
	   Sampling Methods using Neural Networks},
  author = {Hoogerheide, Lennart F. and Kaashoek, Johan F. and {van Dijk}, Herman K.},
  year = {2007},
  journal = {Journal of Econometrics},
  volume = {139},
  number = {1},
  pages = {154--180},
  doi = {10.1016/j.jeconom.2006.06.009}
}

@MANUAL{coda,
  title = {\pkg{coda}: Output Analysis and Diagnostics for {MCMC} in {R}},
  author = {Plummer, Martyn and Best, Nicky and Cowles, Kate and Vines, Karen},
  year = {2008},
  note = {{R}~package version~0.13-3},
  url = {http://CRAN.R-project.org/package=coda}
}

@ARTICLE{Zeevi:Meir:97,
  title = {Density Estimation Through Convex Combinations of Densities: Approximation and Estimation Bounds},
  author = {Zeevi, Assaf J. and Meir, Ronny},
  year = {1997},
  journal = {Neural Networks},
  volume = {10},
  number = {1},
  pages = {99--109},
  doi = {10.1016/S0893-6080(96)00037-8}
}

