@Manual{R,
    title = {R: A Language and Environment for Statistical Computing},
    author = {{R Core Team}},
    organization = {R Foundation for Statistical Computing},
    address = {Vienna, Austria},
    year = {2015},
    url = {http://www.R-project.org/},
}

@Manual{mutualinf-package,
    title = {mutualinf: Computation and Decomposition of the Mutual Information Index},
    author = {Rafael Fuentealba-Chaura and Ricardo Mora and Julio Rojas-Mora},
    year = {2021},
    note = {R package version 1.1.1},
    url = {https://CRAN.R-project.org/package=mutualinf}
}
  
@Manual{data.table,
  title = {data.table: Extension of `data.frame`},
  author = {Matt Dowle and Arun Srinivasan},
  year = {2021},
  note = {R package version 1.14.0},
  url = {https://CRAN.R-project.org/package=data.table},
}

@Manual{segregation-package,
  title = {segregation: Entropy-Based Segregation Indices},
  author = {Elbers, Benjamin},
  year = {2021},
  note = {R package version 0.5.0},
  url = {https://CRAN.R-project.org/package=segregation},
}

@Manual{MINEDUC,
    title = {Plataforma DatosAbiertos del Centro de Estudios del Ministerio de Educación},
    author = {MINEDUC},
    organization = {Ministerio de Educación de Chile},
    address = {Santiago de Chile},
    year = {2020},
    url = {http://datosabiertos.mineduc.cl/},
}

@online{datos-abiertos,
  author = {MINEDUC},
  title = {Plataforma DatosAbiertos del Centro de Estudios del Ministerio de Educación},
  year = {2020},
  url = {http://datosabiertos.mineduc.cl/},
  urldate = {2020-08-30}
}

@online{agencia-calidad,
  author = {Agencia~de~Calidad~de~la Educación},
  title = {Cuestionario de calidad y contexto para padres y tutores, cuestionario del alumno},
  year = {2020},
  url = {http://www.agenciaeducacion.cl/},
  urldate = {2020-08-30}
}

@Manual{Agencia-calidad,
    title = {Cuestionario de calidad y contexto para padres y tutores, cuestionario del alumno},
    author = {{Agencia de Calidad de la Educación}},
    organization = {Ministerio de Educación de Chile},
    address = {Santiago de Chile},
    year = {2020},
    url = {http://www.agenciaeducacion.cl/},
}

@techreport{mora2021computing,
  title={Computing decomposable multigroup indexes of segregation},
  author={Guinea-Martin, Daniel and Mora, Ricardo},
  year={2021},
  institution={Universidad Carlos III de Madrid. Departamento de Econom\'ia}
}

@article{guinea2015joint,
  title={The joint effect of ethnicity and gender on occupational segregation. An approach based on the Mutual Information Index},
  author={Guinea-Martin, Daniel and Mora, Ricardo and Ruiz-Castillo, Javier},
  journal={Social Science Research},
  volume={49},
  pages={167--178},
  year={2015},
  publisher={Elsevier}
}

@article{mora2011entropy,
  title={Entropy-based segregation indices},
  author={Mora, Ricardo and Ruiz-Castillo, Javier},
  journal={Sociological Methodology},
  volume={41},
  number={1},
  pages={159--194},
  year={2011},
  publisher={Sage Publications Sage CA: Los Angeles, CA}
}

@article{crenshaw1990mapping,
  title={Mapping the margins: Intersectionality, identity politics, and violence against women of color},
  author={Crenshaw, Kimberle},
  journal={Stan. L. Rev.},
  volume={43},
  pages={1241},
  year={1990},
  publisher={HeinOnline}
}

@article{frankel_volij_2011,
    title={Measuring school segregation},
    volume={146},
    number={1},
    journal={Journal of Economic Theory},
    author={Frankel, David M. and Volij, Oscar},
    year={2011},
    pages={1–38}
}

@article{guinea-martin_mora_ruiz-castillo_2018,
    title={The evolution of gender segregation over the life course},
    volume={83},
    number={5},
    journal={American Sociological Review},
    author={Guinea-Martin, Daniel and Mora, Ricardo and Ruiz-Castillo, Javier},
    year={2018},
    pages={983–1019}
}

@article{theil_finizza_1971,
    title = {A note on the measurement of racial integration of schools by means of informational concepts},
    volume = {1},
    number = {2},
    journal = {The Journal of Mathematical Sociology},
    author = {Theil, Henri and Finizza, Anthony J.},
    year = {1971},
    pages = {187–193}
}

@book{kullback_1959,
    place = {New York},
    title = {Information Theory and Statistics},
    publisher = {Wiley Publication in Mathematical Statistics},
    author = {Kullback, Solomon},
    year = {1959}
}

@article{zoloth_1976,
    title = {Alternative measures of school segregation},
    volume = {52},
    number = {3},
    journal = {Land Economics},
    author = {Zoloth, Barbara S.},
    year = {1976},
    pages = {278}
}

@article{massey_denton_1988,
    title = {The dimensions of residential segregation},
    volume = {67},
    number = {2},
    journal = {Social Forces},
    author = {Massey, D. S. and Denton, N. A.},
    year = {1988},
    pages = {281–315}
}

@article{mora_ruiz-castillo_2003,
    title = {Additively Decomposable Segregation Indexes. The Case of Gender Segregation by Occupations and Human Capital Levels in {S}pain},
    volume = {1},
    number = {2},
    journal = {The Journal of Economic Inequality},
    author = {Mora, Ricardo and Ruiz-Castillo, Javier},
    year = {2003},
    pages = {147–179}
}

@article{reardon2002measures,
    title = {Measures of multigroup segregation},
    author = {Reardon, Sean F and Firebaugh, Glenn},
    journal = {Sociological Methodology},
    volume = {32},
    number = {1},
    pages = {33--67},
    year = {2002},
    publisher = {Wiley Online Library}
}

@article{duncan_duncan_1955,
    title = {A methodological analysis of Segregation Indexes},
    volume = {20},
    number = {2},
    journal = {American Sociological Review},
    author = {Duncan, Otis Dudley and Duncan, Beverly},
    year = {1955},
    pages = {210}
}

@book{fluckiger_silber_1999,
    title = {The measurement of segregation in the labor force},
    author = {Flückiger, Yves and Silber, Jacques},
    year = {1999},
    publisher = {Physica-Verlag Heidelberg}
}

@book{akerlof_kranton_2010,
    place = {Princeton},
    title = {Identity economics how our identities shape our work, wages and well-being},
    publisher = {Princeton University Press},
    author = {Akerlof, George and Kranton, Rachel E.},
    year = {2010}
}

@book{zoloth_1974,
    place = {Madison},
    title = {An investigation of alternative measures of school segregation},
    publisher = {University of Wisconsin},
    author = {Zoloth, Barbara S.},
    year = {1974}
} 

@misc{instituto2018radiografia,
  title={Radiograf\'ia de genero: Pueblos originarios en {C}hile 2017},
  author={{Instituto Nacional de Estad\'isticas}},
  year={2018},
  publisher={Unidad de estudios y estad\'isticas de g\'enero, Instituto Nacional de Estad\'isticas}
}
