@Manual{3js,
  title = {Threejs: Interactive 3D Scatter Plots, Networks and Globes},
  author = {B. W. Lewis},
  year = {2016},
  note = {R package version 0.2.2},
  url = {https://CRAN.R-project.org/package=threejs},
}

@Manual{bamlss,
  title = {{bamlss}: Bayesian Additive Models for Location Scale and Shape (and Beyond)},
  author = {Nikolaus Umlauf and Nadja Klein and Achim Zeileis and Meike Koehler},
  year = {2017},
  note = {R package version 0.1-2},
  url = {https://CRAN.R-project.org/package=bamlss},
}

@Manual{bnsp,
  title = {BNSP: Bayesian Non- And Semi-Parametric Model Fitting},
  author = {Georgios Papageorgiou},
  year = {2018},
  note = {R package version 2.0.7},
  url = {https://CRAN.R-project.org/package=BNSP},
}

@Manual{brms,
  title = {\pkg{brms}: Bayesian Regression Models Using `Stan'},
  author = {Paul-Christian B체rkner},
  year = {2018},
  note = {{R} package version 2.3.1},
  url = {https://CRAN.R-project.org/package=brms},
}

@Article{Chan06,
  issn = {10618600},
  author = {David Chan and Robert Kohn and David Nott and Chris Kirby},
  journal = {Journal of Computational and Graphical Statistics},
  number = {4},
  pages = {915-936},
  title = {Locally Adaptive Semiparametric Estimation of the Mean and Variance Functions in Regression Models},
  url = {https://doi.org/10.1198/106186006X157441},
  volume = {15},
  year = {2006},
}

@Article{coda,
  title = {{CODA: Convergence Diagnosis and Output Analysis for MCMC}},
  author = {Martyn Plummer and Nicky Best and Kate Cowles and Karen Vines},
  journal = {R News},
  year = {2006},
  volume = {6},
  number = {1},
  pages = {7--11},
  url = {http://CRAN.R-project.org/doc/Rnews/Rnews_2006-1.pdf},
}

@Article{Gamerman1997,
  author = {Dani Gamerman},
  title = {Sampling From the Posterior Distribution in Generalized Linear Mixed Models},
  journal = {Statistics and Computing},
  year = {1997},
  volume = {7},
  number = {1},
  pages = {57--68},
  issn = {1573-1375},
  url = {https://doi.org/10.1023/A:1018509429360},
}

@Article{george93,
  author = {Edward I. George and Robert E. McCulloch},
  journal = {Journal of the American Statistical Association},
  number = {423},
  pages = {881--889},
  publisher = {[American Statistical Association, Taylor & Francis, Ltd.]},
  title = {Variable Selection Via {G}ibbs Sampling},
  volume = {88},
  year = {1993},
  url = {https://doi.org/10.1080/01621459.1993.10476353},
}

@Article{george97,
  author = {Edward I. George and Robert E. McCulloch},
  journal = {Statistica Sinica},
  number = {2},
  pages = {339--373},
  publisher = {Institute of Statistical Science, Academia Sinica},
  title = {Approaches for {B}ayesian Variable Selection},
  volume = {7},
  year = {1997},
}

@Book{ggplot2,
  author = {Hadley Wickham},
  title = {ggplot2: Elegant Graphics for Data Analysis},
  publisher = {Springer-Verlag},
  year = {2009},
  isbn = {978-0-387-98140-6},
  url = {http://ggplot2.org},
}

@Manual{gLSS,
  title = {{gamboostLSS}: Boosting Methods for {GAMLSS} Models},
  author = {Benjamin Hofner and Andreas Mayr and Nora Fenske and Matthias Schmid},
  year = {2018},
  note = {{R} package version 2.0-1},
  url = {https://CRAN.R-project.org/package=gamboostLSS},
}

@Article{liang_mixtures_2008,
  title = {Mixtures of \textit{g} {Priors} for {B}ayesian Variable Selection},
  volume = {103},
  issn = {0162-1459, 1537-274X},
  url = {https://doi.org/10.1198/016214507000001337},
  number = {481},
  urldate = {2016-12-20},
  journal = {Journal of the American Statistical Association},
  author = {Feng Liang and Rui Paulo and German Molina and Merlise A Clyde and Jim O Berger},
  year = {2008},
  pages = {410--423},
}

@Manual{mgcv,
  title = {Mgcv: Mixed GAM Computation Vehicle with Automatic Smoothness Estimation},
  author = {Simon Wood},
  year = {2018},
  note = {{R} package version 1.8-23},
  url = {https://CRAN.R-project.org/package=mgcv},
}

@Article{muller2013,
  author = {Peter M체ller and Riten Mitra},
  journal = {Bayesian Analysis},
  number = {2},
  pages = {269--302},
  title = {Bayesian Nonparametric Inference --- Why and How},
  volume = {8},
  year = {2013},
  url = {https://doi.org/10.1214/13-BA811},
}

@Article{Mayr12,
  author = {Andreas Mayr and Nora Fenske and Benjamin Hofner and Thomas Kneib and Matthias Schmid},
  title = {Generalized Additive Models for Location, Scale and Shape for High Dimensional Data---a Flexible Approach Based on Boosting},
  journal = {Journal of the Royal Statistical Society C},
  volume = {61},
  number = {3},
  pages = {403-427},
  year = {2012},
  url = {https://doi.org/10.1111/j.1467-9876.2011.01033.x},
}

@Article{np,
  title = {Nonparametric Econometrics: The Np Package},
  author = {Tristen Hayfield and Jeffrey S. Racine},
  journal = {Journal of Statistical Software},
  year = {2008},
  volume = {27},
  number = {5},
  url = {http://dx.doi.org/10.18637/jss.v027.i05},
}

@Article{ohara2009,
  author = {R. B. O'Hara and M. J. Sillanp채채},
  journal = {Bayesian Analysis},
  number = {1},
  pages = {85--117},
  publisher = {International Society for Bayesian Analysis},
  title = {A Review of {B}ayesian Variable Selection Methods: What, How and Which},
  url = {https://doi.org/10.1214/09-BA403},
  volume = {4},
  year = {2009},
}

@Book{Pagan,
  title = {Nonparametric Econometrics},
  author = {Adrian Pagan and Aman Ullah},
  year = {1999},
  publisher = {Cambridge University Press},
  url = {https://doi.org/10.1017/CBO9780511612503},
}

@Manual{plot3d,
  title = {plot3D: Plotting Multi-Dimensional Data},
  author = {Karline Soetaert},
  year = {2016},
  note = {R package version 1.1},
  url = {https://CRAN.R-project.org/package=plot3D},
}

@Manual{R,
  title = {R: A Language and Environment for Statistical Computing},
  author = {{R Core Team}},
  organization = {R Foundation for Statistical Computing},
  address = {Vienna, Austria},
  year = {2016},
  note = {{ISBN} 3-900051-07-0},
  url = {https://www.R-project.org/},
}

@Article{RS05,
  author = {R. A. Rigby and D. M. Stasinopoulos},
  title = {Generalized Additive Models for Location, Scale and Shape, (With Discussion)},
  journal = {Journal of the Royal Statistical Society C},
  volume = {54},
  number = {3},
  pages = {507--554},
  year = {2005},
  url = {https://doi.org/10.1111/j.1467-9876.2005.00510.x},
}

@Article{roberts_examples_2009,
  title = {Examples of Adaptive {MCMC}},
  volume = {18},
  issn = {1061-8600, 1537-2715},
  url = {https://doi.org/10.1198/jcgs.2009.06134},
  number = {2},
  urldate = {2016-12-14},
  journal = {Journal of Computational and Graphical Statistics},
  author = {Gareth O. Roberts and Jeffrey S. Rosenthal},
  year = {2009},
  pages = {349--367},
}

@Article{Roberts2001c,
  author = {Gareth O. Roberts and Jeffrey S. Rosenthal},
  journal = {Statistical Science},
  number = {4},
  pages = {351--367},
  title = {Optimal Scaling for Various {M}etropolis-{H}astings Algorithms},
  volume = {16},
  year = {2001},
  url = {https://doi.org/10.1214/ss/1015346320},
}

@Article{Scheipl11,
  author = {Fabian Scheipl},
  title = {spike{S}lab{GAM}: Bayesian Variable Selection, Model Choice and Regularization for Generalized Additive Mixed Models in {R}},
  journal = {Journal of Statistical Software},
  volume = {43},
  number = {14},
  year = {2011},
  pages = {1--24},
  url = {http://dx.doi.org/10.18637/jss.v043.i14},
}

@Article{SR07,
  author = {D. M. Stasinopoulos and R. A. Rigby},
  title = {Generalized Additive Models for Location Scale and Shape ({GAMLSS}) in {R}},
  journal = {Journal of Statistical Software},
  volume = {23},
  number = {7},
  year = {2007},
  pages = {1--46},
  url = {http://dx.doi.org/10.18637/jss.v023.i07},
}

@Manual{ssg,
  title = {spikeSlabGAM: Bayesian Variable Selection and Model Choice for Generalized Additive Mixed Models},
  author = {Fabian Scheipl},
  year = {2016},
  note = {R package version 1.1-11},
  url = {https://CRAN.R-project.org/package=spikeSlabGAM},
}

@Article{Umlauf17,
  title = {{BAMLSS}: Bayesian Additive Models for Location, Scale and Shape (and Beyond)},
  author = {Nikolaus Umlauf and Nadja Klein and Achim Zeileis},
  journal = {Journal of Computational and Graphical Statistics},
  year = {2018},
  url = {http://dx.doi.org/10.1080/10618600.2017.1407325},
}

@Book{Wooldridge,
  author = {Jeffrey Wooldridge},
  publisher = {South Western College},
  title = {Introductory Econometrics: A Modern Approach},
  year = {2008},
}

@InProceedings{AZ,
  title = {On Assessing Prior Distributions and {B}ayesian Regression Analysis with g-Prior Distributions},
  booktitle = {Bayesian Inference and Decision Techniques: Essays in Honor of Bruno De Finetti},
  publisher = {Elsevier Science Publishers},
  year = {1986},
  author = {A. Zellner},
  editor = {P. Goel and {Zellner}},
  pages = {233-243},
}

@Article{ZHM09,
  title = {Escaping {RGB}land: Selecting Colors for Statistical Graphics},
  author = {Achim Zeileis and Kurt Hornik and Paul Murrell},
  journal = {Computational Statistics \& Data Analysis},
  year = {2009},
  volume = {53},
  number = {9},
  pages = {3259--3270},
  url = {https://doi.org/10.1016/j.csda.2008.11.033},
}

@Article{ZC10,
  title = {Extended Model Formulas in {R}: Multiple Parts and Multiple Responses},
  author = {Achim Zeileis and Yves Croissant},
  journal = {Journal of Statistical Software},
  year = {2010},
  volume = {34},
  number = {1},
  pages = {1--13},
  url = {http://dx.doi.org/10.18637/jss.v034.i01},
}

@Book{gamSW,
  title = {Generalized Additive Models: An Introduction with R},
  author = {S. N. Wood},
  publisher = {Chapman and Hall/CRC},
  address = {Boca Raton, Florida},
  year = {2006},
  note = {ISBN 1-58488-474-6},
}

@Manual{gamair,
  title = {Data for GAMs: An Introduction with R},
  author = {Simon Wood},
  year = {2016},
  note = {R package version 	1.0-0},
  url = {https://CRAN.R-project.org/package=gamair},
}

@Article{Landou,
  author = {S. Landau and I. C. Ellison-Wright and E. T. Bullmore},
  title = {Tests for a Difference in Timing of Physiological Response between Two Brain Regions Measured by Using Functional Magnetic Resonance Imaging},
  journal = {Journal of the Royal Statistical Society C},
  volume = {53},
  number = {1},
  pages = {63-82},
  url = {https://doi.org/10.1111/j.0035-9254.2003.04844.x},
  year = {2003},
}

@Book{lats,
  title = {Lattice: Multivariate Data Visualization with R},
  author = {Deepayan Sarkar},
  publisher = {Springer-Verlag},
  address = {New York},
  year = {2008},
  note = {ISBN 978-0-387-75968-5},
  url = {http://lmdvr.r-forge.r-project.org},
}
