
@article{bowman_hilberthuang_2013,
	title = {The {Hilbert}–{Huang} {Transform}: {A} {High} {Resolution} {Spectral} {Method} for {Nonlinear} and {Nonstationary} {Time} {Series}},
	volume = {84},
	issn = {0895-0695},
	shorttitle = {The {Hilbert}–{Huang} {Transform}},
	url = {https://pubs.geoscienceworld.org/srl/article/84/6/1074/349062/The-Hilbert-Huang-Transform-A-High-Resolution},
	doi = {10.1785/0220130025},
	number = {6},
	urldate = {2020-01-07},
	journal = {Seismological Research Letters},
	author = {Bowman, D. C. and Lees, J. M.},
	month = nov,
	year = {2013},
	pages = {1074--1080},
}

@article{zervas_sedlog_2009,
	title = {{SedLog}: {A} shareware program for drawing graphic logs and log data manipulation},
	volume = {35},
	issn = {0098-3004},
	url = {http://www.sciencedirect.com/science/article/pii/S0098300409001861},
	doi = {10.1016/j.cageo.2009.02.009},
	number = {10},
	urldate = {2020-04-10},
	journal = {Computers \& Geosciences},
	author = {Zervas, Dimitrios and Nichols, Gary J. and Hall, Robert and Smyth, Helen R. and Lüthje, Charlotta and Murtagh, Fionn},
	year = {2009},
	keywords = {Graphics, Java, Lithology, Log, Sedimentology, Software},
	pages = {2151--2159},
}

@book{wickham_r_2015,
	title = {R packages},
	url = {http://r-pkgs.had.co.nz/},
	urldate = {2020-04-13},
	publisher = {O'Reilly},
	author = {Wickham, Hadley},
	year = {2015},
}

@book{murrell_r_2012,
	edition = {Second},
	title = {R {Graphics}},
	url = {https://r-graphics.org/},
	urldate = {2020-04-14},
	publisher = {CRC Press},
	author = {Murrell, Paul},
	year = {2012},
}

@article{humblet_sedimentology_2000,
	title = {Sedimentology of the {Bieumont} {Member}: influence of the {Lion} {Member} carbonate mounds ({Frasnian}, {Belgium}) on their sedimentary environment},
	issn = {1374-8505, 2034-1954},
	shorttitle = {Sedimentology of the {Bieumont} {Member}},
	url = {https://popups.uliege.be/1374-8505/index.php?id=1916},
	urldate = {2020-04-27},
	journal = {Geologica Belgica},
	author = {Humblet, Marc and Boulvain, Frédéric},
	year = {2000},
}

@book{wickham_ggplot2_2016,
	title = {ggplot2: {Elegant} {Graphics} for {Data} {Analysis}},
	isbn = {978-3-319-24277-4},
	url = {https://ggplot2.tidyverse.org},
	publisher = {Springer-Verlag New York},
	author = {Wickham, Hadley},
	year = {2016}
}

@book{sarkar_lattice_2008,
	address = {New York},
	title = {Lattice: {Multivariate} {Data} {Visualization} with {R}},
	isbn = {978-0-387-75968-5},
	url = {http://lmdvr.r-forge.r-project.org},
	publisher = {Springer},
	author = {Sarkar, Deepayan},
	year = {2008}
}

@misc{xie_knitr_2020,
	title = {knitr: {A} {General}-{Purpose} {Package} for {Dynamic} {Report} {Generation} in {R}},
	url = {https://yihui.org/knitr/},
	author = {Xie, Yihui},
	year = {2020}
}

@misc{meyers_astrochron_2014,
	title = {Astrochron: {An} {R} {Package} for {Astrochronology}},
	url = {https://cran.r-project.org/package=astrochron},
	author = {Meyers, S. R.},
	year = {2014}
}

@misc{wouters_decomposer_2020,
	title = {{DecomposeR}: {Empirical} {Mode} {Decomposition} for {Cyclostratigraphy}},
	url = {https://CRAN.R-project.org/package=DecomposeR},
	author = {Wouters, Sébastien},
	year = {2020}
}

@misc{gouhier_r_2019,
	title = {R package {biwavelet}: {Conduct} {Univariate} and {Bivariate} {Wavelet} {Analyses}},
	url = {https://CRAN.R-project.org/package=biwavelet},
	author = {Gouhier, Tarik C. and Grinsted, Aslak and Simko, Viliam},
	year = {2019}
}

@misc{bapst_paleotree_2012,
	title = {paleotree: {Paleontological} and {Phylogenetic} {Analyses} of {Evolution}},
	url = {https://CRAN.R-project.org/package=paleotree},
	author = {Bapst, David W.},
	year = {2012}
}

@article{vermeesch_isoplotr_2018,
	title = {{IsoplotR}: a free and open toolbox for geochronology},
	volume = {9},
	url = {https://doi.org/10.1016/j.gsf.2018.04.001},
	journal = {Geoscience Frontiers},
	author = {Vermeesch, Pieter},
	year = {2018},
	pages = {1479--1493}
}

@misc{ortiz_sdar_2019,
	title = {{SDAR}: {Stratigraphic} {Data} {Analysis}},
	url = {https://CRAN.R-project.org/package=SDAR},
	author = {Ortiz, John R. and Jaramillo, Carlos and Moreno, Carlos},
	year = {2019}
}

@article{heslop_log_1999,
	title = {Log {Ascii} {Standard} (las) {Version} 3.0},
	volume = {40},
	issn = {0024-581X},
	url = {https://www.onepetro.org/journal-paper/SPWLA-1999-v40n6a4},
	number = {06},
	urldate = {2020-05-07},
	journal = {The Log Analyst},
	author = {Heslop, Kenneth and Karst, James and Prensky, Stephen and Schmitt, Dennis},
	month = nov,
	year = {1999},
}

@misc{dragulescu_xlsx_2020,
	title = {xlsx: {Read}, {Write}, {Format} {Excel} 2007 and {Excel} 97/2000/{XP}/2003 {Files}},
	url = {https://CRAN.R-project.org/package=xlsx},
	author = {Dragulescu, Adrian and Arendt, Cole},
	month = feb,
	year = {2020}
}

@misc{wickham_dplyr_2020,
	title = {dplyr: {A} {Grammar} of {Data} {Manipulation}},
	url = {https://CRAN.R-project.org/package=dplyr},
	author = {Wickham, Hadley and François, Romain and Henry, Lionel and Müller, Kirill and RStudio},
	month = mar,
	year = {2020}
}

@article{murrell_importing_2009,
	title = {Importing {Vector} {Graphics}: {The} {grImport} {Package} for {R}.},
	volume = {30},
	url = {http://www.jstatsoft.org/v30/i04/},
	number = {4},
	journal = {Journal of Statistical Software},
	author = {Murrell, Paul},
	year = {2009},
	pages = {1--37}
}

@misc{allaire_rmarkdown_2021,
	title = {rmarkdown: {Dynamic} {Documents} for {R}},
	url = {https://github.com/rstudio/rmarkdown},
	author = {Allaire, J. J. and Xie, Y. and McPherson, J. and Luraschi, J. and Ushey, K. and Atkins, A. and Wickham, H. and Cheng, J. and Chang, W. and Iannone, R.},
	year = {2021},
	note = {R package version 2.7}
}

@book{xie_r_2018,
	address = {Boca Raton, Florida},
	title = {R {Markdown}: {The} {Definitive} {Guide}},
	url = {https://bookdown.org/yihui/rmarkdown},
	publisher = {Chapman and Hall/CRC},
	author = {Xie, Y. and Allaire, J. J. and Grolemund, G.},
	year = {2018}
}

@book{xie_r_2020,
	address = {Boca Raton, Florida},
	title = {R {Markdown} {Cookbook}},
	url = {https://bookdown.org/yihui/rmarkdown-cookbook},
	publisher = {Chapman and Hall/CRC},
	author = {Xie, Y. and Dervieux, C. and Riederer, E.},
	year = {2020}
}
