
@Manual{2016-92-R,
  title = {R: A Language and Environment for Statistical Computing},
  author = {{R Core Team}},
  organization = {R Foundation for Statistical Computing},
  address = {Vienna, Austria},
  year = {2012},
  note = {{ISBN} 3-900051-07-0},
  url = {http://www.R-project.org/},
}

@Article{2016-92-ihaka:1996,
  author = {Ross Ihaka and Robert Gentleman},
  journal = {Journal of Computational and Graphical Statistics},
  number = {3},
  pages = {299--314},
  title = {R: A Language for Data Analysis and Graphics},
  volume = {5},
  year = {1996},
  URL = {https://doi.org/10.1080/10618600.1996.10474713}
}

@Book{bennett1954statistical,
  title = {Statistical Analysis in Chemistry and the Chemical Industry},
  author = {Carl A Bennett and Norman L Franklin and {others}},
  year = {1954},
  publisher = {John Wiley \& Sons},
}

@Book{montgomery2008design,
  title = {Design and Analysis of Experiments},
  author = {Douglas C Montgomery},
  year = {2008},
  publisher = {John Wiley \& Sons},
}

@Book{hicks1982fundamental,
  title = {Fundamental Concepts in the Design of Experiments},
  author = {Charles Robert Hicks},
  year = {1982},
  publisher = {Fort Worth : Saunders College Pub.},
}


@Article{cornfield1956average,
  title = {Average Values of Mean Squares in Factorials},
  author = {Jerome Cornfield and John W Tukey},
  journal = {The Annals of Mathematical Statistics},
  pages = {907--949},
  year = {1956},
  publisher = {JSTOR},
  URL = {https://doi.org/10.1214/aoms/1177728067}
}

@Article{satterthwaite1946approximate,
  title = {An Approximate Distribution of Estimates of Variance Components},
  author = {Franklin E Satterthwaite},
  journal = {Biometrics bulletin},
  volume = {2},
  number = {6},
  pages = {110--114},
  year = {1946},
  publisher = {JSTOR},
  URL = {https://doi.org/10.2307/3002019}
}

@Misc{nlme,
  title = {R Core Team (2016)  nlme: Linear and Nonlinear Mixed Effects Models. R Package Version 3.1-117},
  author = {Jos{\'e} Pinheiro and D Bates and S DebRoy and D Sarkar},
  year = {2016},
  url = {https://cran.r-project.org/web/packages/nlme/index.html},
  note = {Maintained by R-core},
}

@Misc{afex,
  title = { Afex: Analysis of Factorial Experiments},
  author = {H. Singmann and B Bolker and J Westfall and F. Aust and S. HÃ¸jsgaard and J. Fox and M. A. Lawrence and {U.} and {Mertens}},
  year = {2016},
  url = {https://cran.r-project.org/web/packages/afex/index.html},
  note = {Maintained by Singmann, H.},
}
