% This file was created with JabRef 2.8.1.
% Encoding: Cp1252

@article{hoeffding1948class,
  title={A class of statistics with asymptotically normal distribution},
  author={Hoeffding, Wassily},
  journal={The annals of mathematical statistics},
  pages={293--325},
  year={1948},
  publisher={JSTOR}
}

@article{good1950probability,
  title={Probability and the Weighing of Evidence},
  author={Good, Irving John},
  year={1950}
}

@article{whittle1954stationary,
  title={On stationary processes in the plane},
  author={Whittle, Peter},
  journal={Biometrika},
  pages={434--449},
  year={1954},
  publisher={JSTOR}
}

@article{box1956application,
  title={Application of digital computers in the exploration of functional relationships},
  author={Box, GEP and Coutie, GA},
  journal={Proceedings of the IEE-Part B: Radio and Electronic Engineering},
  volume={103},
  number={1S},
  pages={100--107},
  year={1956},
  publisher={IET}
}


@article{kalman1960new,
  title={A new approach to linear filtering and prediction problems},
  author={Kalman, Rudolph Emil},
  journal={Journal of basic Engineering},
  volume={82},
  number={1},
  pages={35--45},
  year={1960},
  publisher={American Society of Mechanical Engineers}
}

@article{kalman1961new,
  title={New results in linear filtering and prediction theory},
  author={Kalman, Rudolph E and Bucy, Richard S},
  journal={Journal of basic engineering},
  volume={83},
  number={1},
  pages={95--108},
  year={1961},
  publisher={American Society of Mechanical Engineers}
}

@article{whittle1963stochastic,
  title={Stochastic process in several dimensions},
  author={Whittle, Peter},
  journal={Bulletin of the International Statistical Institute},
  volume={40},
  number={2},
  pages={974--994},
  year={1963},
  publisher={INT STATISTICAL INSTITUTE 428 PRINSES BEATRIXLAEN, VOORBURG, NETHERLANDS}
}


@article{Freedman63,
  AUTHOR =       {Freedman, D. A.},
  TITLE =        {On the asymptotic behavior of Bayes estimates in the discrete case},
  JOURNAL =      {Ann. Statist.},
  YEAR =         {1963},
  volume =       {34},
  pages =        {1386--1403},
  note=          {MR0158483}
}

@article{good1966estimation,
  title={The estimation of probabilities: An essay on modern Bayesian methods},
  author={Good, Irving John and Hacking, Ian and Jeffrey, RC and T{\"o}rnebohm, H{\aa}kan},
  year={1966}
}
@article{abramowitz1966handbook,
  title={Handbook of mathematical functions},
  author={Abramowitz, Milton and Stegun, Irene A and others},
  journal={Applied mathematics series},
  volume={55},
  pages={62},
  year={1966}
}

@article{Rao1966,
  author = {C. L. Rao},
  title = {Characterisation of the Distribution of Random Variables in Linear Structural Relations},
  journal = {The Indian Journal of Statistics},
  year = {1966},
  volume = {28},
  pages = {251-260}
}



@article{Ferguson73,
  AUTHOR =       {Ferguson, T. S.},
  TITLE =        { A Bayesian analysis of some nonparametric problems},
  JOURNAL =      {Ann. Statist.},
  YEAR =         {1973},
  volume =       {1},
  pages =        {209--230},
  note=          {MR0350949}
}


@article{Ferguson74,
  AUTHOR =       {Ferguson, T. S.},
  TITLE =        { Prior distributions on spaces of probability measures},
  JOURNAL =      {Ann. Statist.},
  YEAR =         {1974},
  volume =       {2},
  pages =        {615--629},
  note=          {MR0438568}
}


@article{besag1974spatial,
  title={Spatial interaction and the statistical analysis of lattice systems},
  author={Besag, Julian},
  journal={Journal of the Royal Statistical Society. Series B (Methodological)},
  pages={192--236},
  year={1974},
   volume={36},
  number={2},
  publisher={JSTOR}
}


@article{Gideon1975,
  author = {G. Weiss},
  title = {Time-Reversibility of Linear Stochastic Processes},
  journal = {Journal of Applied Probability},
  year = {1975},
  volume = {23},
  pages = {831-836}
}


@article{cox1975partial,
  title={Partial likelihood},
  author={Cox, David R},
  journal={Biometrika},
  volume={62},
  number={2},
  pages={269--276},
  year={1975},
  publisher={Biometrika Trust}
}
@article{mckay1979comparison,
  title={Comparison of three methods for selecting values of input variables in the analysis of output from a computer code},
  author={McKay, Michael D and Beckman, Richard J and Conover, William J},
  journal={Technometrics},
  volume={21},
  number={2},
  pages={239--245},
  year={1979},
  publisher={Taylor \& Francis}
}
@article{nocedal1980updating,
  title={Updating quasi-{N}ewton matrices with limited storage},
  author={Nocedal, Jorge},
  journal={Mathematics of computation},
  volume={35},
  number={151},
  pages={773--782},
  year={1980}
}

@article{efron1981jackknife,
  title={The {j}ackknife estimate of variance},
  author={Efron, Bradley and Stein, Charles},
  journal={The Annals of Statistics},
  pages={586--596},
  year={1981},
  publisher={JSTOR}
}

@article{mardia1984maximum,
  title={Maximum likelihood estimation of models for residual covariance in spatial regression},
  author={Mardia, Kanti V and Marshall, Roger J},
  journal={Biometrika},
  volume={71},
  number={1},
  pages={135--146},
  year={1984},
  publisher={Oxford University Press}
}

@article{stein1987large,
  title={Large sample properties of simulations using Latin hypercube sampling},
  author={Stein, Michael},
  journal={Technometrics},
  volume={29},
  number={2},
  pages={143--151},
  year={1987},
  publisher={Taylor \& Francis}
}
@article{lindsay1988composite,
  title={Composite likelihood methods},
  author={Lindsay, Bruce G},
  journal={Contemporary Mathematics},
  volume={80},
  number={1},
  pages={221--39},
  year={1988}
}


@article{sacks1989design,
  title={Design and analysis of computer experiments},
  author={Sacks, Jerome and Welch, William J and Mitchell, Toby J and Wynn, Henry P and others},
  journal={Statistical science},
  volume={4},
  number={4},
  pages={409--423},
  year={1989},
  publisher={Institute of Mathematical Statistics}
}

@article{liu1989limited,
	Author = {Liu, Dong C and Nocedal, Jorge},
	Journal = {Mathematical programming},
	Number = {1-3},
	Pages = {503--528},
	Publisher = {Springer-Verlag},
	Title = {On the limited memory {BFGS} method for large scale optimization},
	Volume = {45},
	Year = {1989}}



@article{sobol1990sensitivity,
  title={On sensitivity estimation for nonlinear mathematical models},
  author={Sobol', Ilya M },
  journal={Matematicheskoe Modelirovanie},
  volume={2},
  number={1},
  pages={112--118},
  year={1990},
  publisher={Russian Academy of Sciences, Branch of Mathematical Sciences}
}
@article{friedman1991multivariate,
  title={Multivariate adaptive regression splines},
  author={Friedman, Jerome H},
  journal={The annals of statistics},
  pages={1--67},
  year={1991},
  publisher={JSTOR}
}
@article{park1991tuning,
  title={Tuning complex computer codes to data and optimal designs},
  author={Park, Jeong Soo},
  year={1991}
}
@article{morris1991factorial,
  title={Factorial sampling plans for preliminary computational experiments},
  author={Morris, Max D},
  journal={Technometrics},
  volume={33},
  number={2},
  pages={161--174},
  year={1991},
  publisher={Taylor \& Francis Group}
}


@article{li1991sliced,
  title={Sliced inverse regression for dimension reduction},
  author={Li, Ker-Chau},
  journal={Journal of the American Statistical Association},
  volume={86},
  number={414},
  pages={316--327},
  year={1991},
  publisher={Taylor \& Francis Group}
}

@article{Lavine92,
  AUTHOR =       {Lavine, M.},
  TITLE =        {Some aspects of Polya tree distributions for statistical modelling},
  JOURNAL =      {Ann. Statist.},
  YEAR =         {1992},
  volume =       {20},
  pages =        {1222--1235},
  note=          {MR1186248}
}

@article{dawid1993hyper,
  title={Hyper Markov laws in the statistical analysis of decomposable graphical models},
  author={Dawid, A Philip and Lauritzen, Steffen L},
  journal={The Annals of Statistics},
  pages={1272--1317},
  year={1993},
  publisher={JSTOR}
}

@book{cressie1993statistics,
  title={Statistics for spatial data},
  author={Cressie, Noel AC and Cassie, Noel A},
  year={1993},
  publisher={Wiley, New York}
}

@article{morris1993bayesian,
  title={Bayesian design and analysis of computer experiments: use of derivatives in surface prediction},
  author={Morris, Max D and Mitchell, Toby J and Ylvisaker, Donald},
  journal={Technometrics},
  volume={35},
  number={3},
  pages={243--255},
  year={1993},
  publisher={Taylor \& Francis Group}
}
@article{handcock1993bayesian,
  title={A Bayesian analysis of kriging},
  author={Handcock, Mark S and Stein, Michael L},
  journal={Technometrics},
  volume={35},
  number={4},
  pages={403--410},
  year={1993},
  publisher={Taylor \& Francis Group}
}

@ARTICLE{Lavine94,
  AUTHOR =       {Lavine, M.},
  TITLE =        {More aspects of Polya tree distributions for statistical modelling},
  JOURNAL =      {Ann. Statist.},
  YEAR =         {1994},
  volume =       {22},
  pages =        {1161--1176},
  note=          {MR1311970}
}

@article{liu1994collapsed,
  title={The collapsed Gibbs sampler in Bayesian computations with applications to a gene regulation problem},
  author={Liu, Jun S},
  journal={Journal of the American Statistical Association},
  volume={89},
  number={427},
  pages={958--966},
  year={1994},
  publisher={Taylor \& Francis Group}
}

@article{homma1996importance,
  title={Importance measures in global sensitivity analysis of nonlinear models},
  author={Homma, Toshimitsu and Saltelli, Andrea},
  journal={Reliability Engineering \& System Safety},
  volume={52},
  number={1},
  pages={1--17},
  year={1996},
  publisher={Elsevier}
}


@inproceedings{lorenz1996predictability,
  title={Predictability: A problem partly solved},
  author={Lorenz, Edward N},
  booktitle={Proc. Seminar on predictability},
  volume={1},
  number={1},
  year={1996}
}

@BOOK{West1997,
  title = {Bayesian Forecasting \& Dynamic Models},
  publisher = {Springer Verlag},
  year = {1997},
  author = {M. West and P. J. Harrison},
  edition = {2nd},
  key = {WestHarrison.YellowBook.1997},
  owner = {mw},
  timestamp = {2010.03.16},
  url = {http://www.stat.duke.edu/~mw/book.html}
}


@article{massonnet1998radar,
  title={Radar interferometry and its application to changes in the Earth's surface},
  author={Massonnet, Didier and Feigl, Kurt L},
  journal={Reviews of geophysics},
  volume={36},
  number={4},
  pages={441--500},
  year={1998},
  publisher={Wiley Online Library}
}


@article{berger1998bayes,
  title={Bayes factors and marginal distributions in invariant situations},
  author={Berger, James O and Pericchi, Luis R and Varshavsky, Julia A},
  journal={Sankhy{\=a}: The Indian Journal of Statistics, Series A},
  pages={307--321},
  year={1998},
  publisher={JSTOR}
}

@article{o1998markov,
  title={A Markov property for covariance structures},
  author={O'Hagan, A},
  journal={Statistics Research Report},
  volume={98},
  pages={13},
  year={1998}
}

@article{scholkopf1998nonlinear,
  title={Nonlinear component analysis as a kernel eigenvalue problem},
  author={Sch{\"o}lkopf, Bernhard and Smola, Alexander and M{\"u}ller, Klaus-Robert},
  journal={Neural computation},
  volume={10},
  number={5},
  pages={1299--1319},
  year={1998},
  publisher={MIT Press}
}
@book{gupta1999matrix,
  title={Matrix variate distributions},
  author={Gupta, Arjun K and Nagar, Daya K},
  year={1999},
  publisher={CRC Press}
}

@phdthesis{oakley1999bayesian,
  title={Bayesian uncertainty analysis for complex computer codes},
  author={Oakley, Jeremy},
  year={1999},
  school={University of Sheffield}
}

@article{higdon1999non,
  title={Non-stationary spatial modeling},
  author={Higdon, Dave and Swall, J and Kern, J},
  journal={Bayesian statistics},
  volume={6},
  number={1},
  pages={761--768},
  year={1999}
}

@article{tipping1999probabilistic,
  title={Probabilistic principal component analysis},
  author={Tipping, Michael E and Bishop, Christopher M},
  journal={Journal of the Royal Statistical Society: Series B (Statistical Methodology)},
  volume={61},
  number={3},
  pages={611--622},
  year={1999},
  publisher={Wiley Online Library}
}

@article{wikle1999dimension,
  title={A dimension-reduced approach to space-time {K}alman filtering},
  author={Wikle, Christopher K and Cressie, Noel},
  journal={Biometrika},
  volume={86},
  number={4},
  pages={815--829},
  year={1999},
  publisher={Oxford University Press}
}

@inproceedings{mika1999kernel,
  title={Kernel {PCA} and de-noising in feature spaces},
  author={Mika, Sebastian and Sch{\"o}lkopf, Bernhard and Smola, Alex J and M{\"u}ller, Klaus-Robert and Scholz, Matthias and R{\"a}tsch, Gunnar},
  booktitle={Advances in neural information processing systems},
  pages={536--542},
  year={1999}
}

@ARTICLE{aguilar2000jbes,
  author = {O. Aguilar and M. West},
  title = {Bayesian dynamic factor models and portfolio allocation},
  journal = {Journal of Business and Economic Statistics},
  year = {2000},
  volume = {18},
  pages = {338-357}
}



@BOOK{Thomas2000,
  title = {Likelihood Methods in Statistics},
  publisher = {Oxford University Press},
  year = {2000},
  author = {Thomas A. Severini},
  edition = {1st}
}

@article{fischer2000attribute1,
  title={Attribute conflict and preference uncertainty: Effects on judgment time and error},
  author={Fischer, Gregory W and Luce, Mary Frances and Jia, Jianmin},
  journal={Management Science},
  volume={46},
  number={1},
  pages={88--103},
  year={2000},
  publisher={INFORMS}
}
@article{fischer2000attribute2,
  title={Attribute conflict and preference uncertainty: The RandMAU model},
  author={Fischer, Gregory W and Jia, Jianmin and Luce, Mary Frances},
  journal={Management Science},
  volume={46},
  number={5},
  pages={669--684},
  year={2000},
  publisher={INFORMS}
}

@article{kennedy2000predicting,
  title={Predicting the output from a complex computer code when fast approximations are available},
  author={Kennedy, Marc C and O'Hagan, Anthony},
  journal={Biometrika},
  volume={87},
  number={1},
  pages={1--13},
  year={2000},
  publisher={Oxford University Press}
}

@book{Zhaojun2000eigen,
  title={Templates for the solution of algebraic eigenvalue problems: a practical guide},
  author={Bai, Zhaojun and Demmel, James and Dongarra, Jack and Ruhe, Axel  and Vorst, Henk van der},
  year={2000},
  publisher={Society for Industrial and Applied Mathematics}
}


@ARTICLE{Berger01,
  author = {Berger, J. O. and Guglielmi, A.},
  title = {Bayesian Testing of parametric Model Versus Nonparamtric Alternatives},
  journal = {Journal of the American Statistical Association},
  year = {2001},
  volume = {96},
  pages = {174-184}
}

@article{berger2001objective,
  title={Objective {B}ayesian analysis of spatially correlated data},
  author={Berger, James O and De Oliveira, Victor and Sans{\'o}, Bruno},
  journal={Journal of the American Statistical Association},
  volume={96},
  number={456},
  pages={1361--1374},
  year={2001},
  publisher={Taylor \& Francis}
}


@book{saltelli2000sensitivity,
  title={Sensitivity analysis},
  author={Saltelli, Andrea and Chan, Karen and Scott, E Marian and others},
  volume={1},
  year={2000},
  publisher={Wiley New York}
}

@article{kennedy2001bayesian,
  title={Bayesian calibration of computer models},
  author={Kennedy, Marc C and O'Hagan, Anthony},
  journal={Journal of the Royal Statistical Society: Series B (Statistical Methodology)},
  volume={63},
  number={3},
  pages={425--464},
  year={2001},
  publisher={Wiley Online Library}
}

@article{sobol2001global,
  title={Global sensitivity indices for nonlinear mathematical models and their Monte Carlo estimates},
  author={Sobol', Ilya M},
  journal={Mathematics and computers in simulation},
  volume={55},
  number={1},
  pages={271--280},
  year={2001},
  publisher={Elsevier}
}


@article{an2001quasi,
  title={Quasi-regression},
  author={An, Jian and Owen, Art},
  journal={Journal of complexity},
  volume={17},
  number={4},
  pages={588--607},
  year={2001},
  publisher={Elsevier}
}


@ARTICLE{lim2002design,
  title={Design and analysis of computer experiments when the output is highly correlated over the input space},
  author={Lim, Yong B and Sacks, Jerome and Studden, WJ and Welch, William J},
  journal={Canadian Journal of Statistics},
  volume={30},
  number={1},
  pages={109--126},
  year={2002},
  publisher={Wiley Online Library}
}

@ARTICLE{Hanson02,
  author = {Hanson, T. and  Johnson, W. O.},
  title = {Modeling Regression Error with a Mixture of Polya Trees},
  journal = {Journal of the American Statistical Association},
  year = {2002},
  volume = {97},
  pages = {1020-1033}
}

@article{oakley2002bayesian,
  title={Bayesian inference for the uncertainty distribution of computer model outputs},
  author={Oakley, Jeremy and O'Hagan, Anthony},
  journal={Biometrika},
  volume={89},
  number={4},
  pages={769--784},
  year={2002},
  publisher={Biometrika Trust}
}


@article{higdon2002space,
  title={Space and space-time modeling using process convolutions},
  author={Higdon, Dave},
  journal={Quantitative methods for current environmental issues},
  volume={3754},
  year={2002}
}



@article{liaw2002classification,
  title={Classification and regression by randomForest},
  author={Liaw, Andy and Wiener, Matthew},
  journal={R news},
  volume={2},
  number={3},
  pages={18--22},
  year={2002}
}
@article{oakley2002eliciting,
  title={Eliciting Gaussian process priors for complex computer codes},
  author={Oakley, Jeremy},
  journal={Journal of the Royal Statistical Society: Series D (The Statistician)},
  volume={51},
  number={1},
  pages={81--97},
  year={2002},
  publisher={Wiley Online Library}
}

@article{bai2002determining,
  title={Determining the number of factors in approximate factor models},
  author={Bai, Jushan and Ng, Serena},
  journal={Econometrica},
  volume={70},
  number={1},
  pages={191--221},
  year={2002},
  publisher={Wiley Online Library}
}
@article{bai2003inferential,
  title={Inferential theory for factor models of large dimensions},
  author={Bai, Jushan},
  journal={Econometrica},
  volume={71},
  number={1},
  pages={135--171},
  year={2003},
  publisher={Wiley Online Library}
}

@INPROCEEDINGS{west2003bayes7,
  author = {M. West},
  title = {Bayesian factor regression models in the \lq\lq large p, small n"
	paradigm},
  booktitle = {Bayesian Statistics 7},
  year = {2003},
  editor = {J. M. Bernardo and M. J. Bayarri and J. O. Berger and A. P. David
	and D. Heckerman and A. F. M. Smith and M. West},
  pages = {723-732},
  publisher = {Oxford University Press},
  key = {fds32371},
  owner = {mw},
  timestamp = {2010.03.16},
  url = {http://ftp.isds.duke.edu/WorkingPapers/02-12.html}
}
@article{pitman2003computing,
  title={Computing granular avalanches and landslides},
  author={Pitman, E Bruce and Nichita, C Camil and Patra, Abani and Bauer, Andy and Sheridan, Michael and Bursik, Marcus},
  journal={Physics of Fluids (1994-present)},
  volume={15},
  number={12},
  pages={3638--3646},
  year={2003},
  publisher={AIP Publishing}
}


@book{santner2003design,
  title={The design and analysis of computer experiments},
  author={Santner, Thomas J and Williams, Brian J and Notz, William I},
  year={2003},
  publisher={Springer Science \& Business Media}
}


@article{gelfand2004nonstationary,
  title={Nonstationary multivariate process modeling through spatially varying coregionalization},
  author={Gelfand, Alan E and Schmidt, Alexandra M and Banerjee, Sudipto and Sirmans, CF},
  journal={Test},
  volume={13},
  number={2},
  pages={263--312},
  year={2004},
  publisher={Springer}
}

@article{dobra2004sparse,
  title={Sparse graphical models for exploring gene expression data},
  author={Dobra, Adrian and Hans, Chris and Jones, Beatrix and Nevins, Joseph R and Yao, Guang and West, Mike},
  journal={Journal of Multivariate Analysis},
  volume={90},
  number={1},
  pages={196--212},
  year={2004},
  publisher={Elsevier}
}
@article{oakley2004probabilistic,
  title={Probabilistic sensitivity analysis of complex models: a Bayesian approach},
  author={Oakley, Jeremy E and O'Hagan, Anthony},
  journal={Journal of the Royal Statistical Society: Series B (Statistical Methodology)},
  volume={66},
  number={3},
  pages={751--769},
  year={2004},
  publisher={Wiley Online Library}
}
@article{zhang2004inconsistent,
  title={Inconsistent estimation and asymptotically equal interpolations in model-based geostatistics},
  author={Zhang, Hao},
  journal={Journal of the American Statistical Association},
  volume={99},
  number={465},
  pages={250--261},
  year={2004},
  publisher={Taylor \& Francis}
}

@article{das2004dna,
  title={DNA methylation and cancer},
  author={Das, Partha M and Singal, Rakesh},
  journal={Journal of clinical oncology},
  volume={22},
  number={22},
  pages={4632--4642},
  year={2004},
  publisher={American Society of Clinical Oncology}
}

@article{taylor2004development,
  title={Development of a novel family of military campaign simulation models},
  author={Taylor, B and Lane, A},
  journal={Journal of the Operational Research Society},
  volume={55},
  number={4},
  pages={333--339},
  year={2004},
  publisher={Springer}
}


@techreport{seeger2005semiparametric,
  title={Semiparametric latent factor models},
  author={Seeger, Matthias and Teh, Yee-Whye and Jordan, Michael},
  year={2005}
}

@article{paulo2005default,
  title={Default priors for {G}aussian processes},
  author={Paulo, Rui},
  journal={Annals of statistics},
  pages={556--582},
   volume={33},
  number={2},
  year={2005},
  publisher={JSTOR}
}

@article{li2005analysis,
  title={Analysis of computer experiments using penalized likelihood in Gaussian Kriging models},
  author={Li, Runze and Sudjianto, Agus},
  journal={Technometrics},
  volume={47},
  number={2},
  year={2005}
}

@article{patra2005parallel,
  title={Parallel adaptive numerical simulation of dry avalanches over natural terrain},
  author={Patra, AK and Bauer, AC and Nichita, CC and Pitman, E Bruce and Sheridan, MF and Bursik, M and Rupp, B and Webber, A and Stinton, AJ and Namikawa, LM and Renschler, CS},
  journal={Journal of Volcanology and Geothermal Research},
  volume={139},
  number={1},
  pages={1--21},
  year={2005},
  publisher={Elsevier}
}

@article{scarano2005dna,
  title={DNA methylation 40 years later: Its role in human health and disease},
  author={Scarano, Maria Irene and Strazzullo, Maria and Matarazzo, Maria Rosaria and D'Esposito, Maurizio},
  journal={Journal of cellular physiology},
  volume={204},
  number={1},
  pages={21--35},
  year={2005},
  publisher={Wiley Online Library}
}

@article{hankin2005introducing,
  title={Introducing {BACCO}, an {R} bundle for {B}ayesian analysis of computer code output},
  author={Hankin, Robin KS},
  journal={Journal of Statistical Software},
  volume={14},
  pages={1--21},
  year={2005}
}


@book{rue2005gaussian,
  title={Gaussian Markov random fields: theory and applications},
  author={Rue, Havard and Held, Leonhard},
  year={2005},
  publisher={CRC Press}
}

@article{griffith2005effective,
  title={Effective geographic sample size in the presence of spatial autocorrelation},
  author={Griffith, Daniel A},
  journal={Annals of the Association of American Geographers},
  volume={95},
  number={4},
  pages={740--760},
  year={2005},
  publisher={Taylor \& Francis}
}

@article{eckhardt2006dna,
  title={DNA methylation profiling of human chromosomes 6, 20 and 22},
  author={Eckhardt, Florian and Lewin, Joern and Cortese, Rene and Rakyan, Vardhman K and Attwood, John and Burger, Matthias and Burton, John and Cox, Tony V and Davies, Rob and Down, Thomas A and others},
  journal={Nature genetics},
  volume={38},
  number={12},
  pages={1378--1385},
  year={2006},
  publisher={Nature Publishing Group}
}


@incollection{schonlau2006screening,
  title={Screening the input variables to a computer model via analysis of variance and visualization},
  author={Schonlau, Matthias and Welch, William J},
  booktitle={Screening},
  pages={308--327},
  year={2006},
  publisher={Springer}
}

@ARTICLE{Hanson06,
  author = {Hanson, T.},
  title = {Inference for Mixtures of Finite Polya Tree Models},
  journal = {Journal of the American Statistical Association},
  year = {2006},
  volume = {101},
  pages = {1548-1565}
}

@article{linkletter2006variable,
  title={Variable selection for Gaussian process models in computer experiments},
  author={Linkletter, Crystal and Bingham, Derek and Hengartner, Nicholas and Higdon, David and Kenny, Q Ye},
  journal={Technometrics},
  volume={48},
  number={4},
  year={2006},
  pages={478-490}
}

@book{rasmussen2006gaussian,
  title={Gaussian processes for machine learning},
  author={Rasmussen, Carl Edward},
  year={2006},
  publisher={MIT Press}
}
@article{reich2006effects,
  title={Effects of residual smoothing on the posterior of the fixed effects in disease-mapping models},
  author={Reich, Brian J and Hodges, James S and Zadnik, Vesna},
  journal={Biometrics},
  volume={62},
  number={4},
  pages={1197--1206},
  year={2006},
  publisher={Wiley Online Library}
}


@article{guttorp2006studies,
  title={Studies in the history of probability and statistics XLIX On the Matern correlation family},
  author={Guttorp, Peter and Gneiting, Tilmann},
  journal={Biometrika},
  volume={93},
  number={4},
  pages={989--995},
  year={2006},
  publisher={Oxford University Press}
}

@article{bai2007determining,
  title={Determining the number of primitive shocks in factor models},
  author={Bai, Jushan and Ng, Serena},
  journal={Journal of Business \& Economic Statistics},
  volume={25},
  number={1},
  pages={52--60},
  year={2007},
  publisher={Taylor \& Francis}
}
@article{bayarri2007computer,
  title={Computer model validation with functional output},
  author={Bayarri, MJ and Berger, JO and Cafeo, J and Garcia-Donato, G and Liu, F and Palomo, J and Parthasarathy, RJ and Paulo, R and Sacks, J and Walsh, D},
  journal={The Annals of Statistics},
  volume={35},
  number={5},
  pages={1874--1906},
  year={2007},
  publisher={JSTOR}
}

@article{bayarri2007framework,
  title={A framework for validation of computer models},
  author={Bayarri, Maria J and Berger, James O and Paulo, Rui and Sacks, Jerry and Cafeo, John A and Cavendish, James and Lin, Chin-Hsu and Tu, Jian},
  journal={Technometrics},
  volume={49},
  number={2},
  pages={138-154},
  year={2007}
}

@article{carvalho2007dynamic,
  title={Dynamic matrix-variate graphical models},
  author={Carvalho, Carlos M and West, Mike and others},
  journal={Bayesian analysis},
  volume={2},
  number={1},
  pages={69--97},
  year={2007},
  publisher={International Society for Bayesian Analysis}
}

@inproceedings{sun2007objective,
  title={Objective {b}ayesian analysis for the multivariate normal model},
  author={Sun, Dongchu and Berger, J},
  booktitle={Proceedings of ISBA 8th World Meeting on Bayesian Statistics},
  pages={1--38},
  year={2007}
}

@article{tarantola2007estimating,
  title={Estimating the approximation error when fixing unessential factors in global sensitivity analysis},
  author={Sobol', Ilya M and Tarantola, S and Gatelli, D and Kucherenko, SS and Mauntz, W},
  journal={Reliability Engineering \& System Safety},
  volume={92},
  number={7},
  pages={957--960},
  year={2007},
  publisher={Elsevier}
}


@article{pujol2007sensitivity,
  title={The sensitivity Package},
  author={Pujol, Gilles and Iooss, Claire Cannamela and Michel, Frederic and Iooss, Maintainer Bertrand},
  journal={R package version},
  volume={1},
  year={2007}
}

@article{cook2007fisher,
  title={Fisher lecture: Dimension reduction in regression},
  author={Cook, R Dennis},
  journal={Statistical Science},
  volume={22},
  number={1},
  pages={1--26},
  year={2007},
  publisher={Institute of Mathematical Statistics}
}

@article{de2007objective,
  title={Objective Bayesian analysis of spatial data with measurement error},
  author={De Oliveira, Victor},
  journal={Canadian Journal of Statistics},
  volume={35},
  number={2},
  pages={283--301},
  year={2007},
  publisher={Wiley Online Library}
}



@article{kennedy2008quantifying,
  title={Quantifying uncertainty in the biospheric carbon flux for England and Wales},
  author={Kennedy, Marc and Anderson, Clive and O'Hagan, Anthony and Lomas, Mark and Woodward, Ian and Gosling, John Paul and Heinemeyer, Andreas},
  journal={Journal of the Royal Statistical Society: Series A (Statistics in Society)},
  volume={171},
  number={1},
  pages={109--135},
  year={2008},
  publisher={Wiley Online Library}
}
@ARTICLE{carvalho2008bfrm,
  author = {C. M. Carvalho and J. E. Lucas and Q. Wang and J. Chang and J. R.
	Nevins and M. West},
  title = {High-dimensional sparse factor modelling - {A}pplications in gene
	expression genomics},
  journal = {Journal of the American Statistical Association},
  year = {2008},
  volume = {103},
  pages = {1438-1456}
}

@article{kaufman2008covariance,
  title={Covariance tapering for likelihood-based estimation in large spatial data sets},
  author={Kaufman, Cari G and Schervish, Mark J and Nychka, Douglas W},
  journal={Journal of the American Statistical Association},
  volume={103},
  number={484},
  pages={1545-1555},
  year={2008}
}

@ARTICLE{Jeff08,
author = {Qian, Peter Z. G and Wu, Huaiqing and Wu, C. F. Jeff},
title = {Gaussian Process Models for Computer Experiments With Qualitative and Quantitative Factors},
journal = {Technometrics},
volume = {50},
number = {3},
pages = {383-396},
year = {2008},
doi = {10.1198/004017008000000262},
URL = {http://www.tandfonline.com/doi/abs/10.1198/004017008000000262},
eprint = {http://www.tandfonline.com/doi/pdf/10.1198/004017008000000262}
}
@article{rajaratnam2008flexible,
  title={Flexible covariance estimation in graphical Gaussian models},
  author={Rajaratnam, Bala and Massam, H{\'e}lene and Carvalho, Carlos M and others},
  journal={The Annals of statistics},
  volume={36},
  number={6},
  pages={2818--2849},
  year={2008},
  publisher={Institute of Mathematical Statistics}
}

@article{higdon2008computer,
  title={Computer model calibration using high-dimensional output},
  author={Higdon, Dave and Gattiker, James and Williams, Brian and Rightley, Maria},
  journal={Journal of the American Statistical Association},
  volume={103},
  number={482},
  pages={570-583},
  year={2008}
}
@article{rougier2008efficient,
  title={Efficient emulators for multivariate deterministic functions},
  author={Rougier, Jonathan},
  journal={Journal of Computational and Graphical Statistics},
  volume={17},
  number={4},
  pages={827--843},
  year={2008},
  publisher={Taylor \& Francis}
}
@book{forrester2008engineering,
  title={Engineering design via surrogate modelling: a practical guide},
  author={Forrester, Alexander and Sobester, Andras and Keane, Andy},
  year={2008},
  publisher={John Wiley \& Sons}
}

@article{banerjee2008gaussian,
  title={Gaussian predictive process models for large spatial data sets},
  author={Banerjee, Sudipto and Gelfand, Alan E and Finley, Andrew O and Sang, Huiyan},
  journal={Journal of the Royal Statistical Society: Series B (Statistical Methodology)},
  volume={70},
  number={4},
  pages={825--848},
  year={2008},
  publisher={Wiley Online Library}
}

@article{cressie2008fixed,
  title={Fixed rank kriging for very large spatial data sets},
  author={Cressie, Noel and Johannesson, Gardar},
  journal={Journal of the Royal Statistical Society: Series B (Statistical Methodology)},
  volume={70},
  number={1},
  pages={209--226},
  year={2008},
  publisher={Wiley Online Library}
}

@article{petersen2008matrix,
  title={The matrix cookbook},
  author={Petersen, Kaare Brandt and Pedersen, Michael Syskind and others},
  journal={Technical University of Denmark},
  volume={7},
  pages={15},
  year={2008}
}


@incollection{van2008reproducing,
  title={Reproducing kernel Hilbert spaces of Gaussian priors},
  author={van der Vaart, Aad W and van Zanten, J Harry and others},
  booktitle={Pushing the limits of contemporary statistics: contributions in honor of Jayanta K. Ghosh},
  pages={200--222},
  year={2008},
  publisher={Institute of Mathematical Statistics}
}
@article{qian2008bayesian,
  title={Bayesian hierarchical modeling for integrating low-accuracy and high-accuracy experiments},
  author={Qian, Peter ZG and Wu, CF Jeff},
  journal={Technometrics},
  volume={50},
  number={2},
  pages={192--204},
  year={2008},
  publisher={Taylor \& Francis}
}


@article{westerink2008basin,
  title={A basin-to channel-scale unstructured grid hurricane storm surge model applied to southern Louisiana},
  author={Westerink, Joannes J and Luettich, Richard A and Feyen, Jesse C and Atkinson, John H and Dawson, Clint and Roberts, Hugh J and Powell, Mark D and Dunion, Jason P and Kubatko, Ethan J and Pourtaheri, Hasan},
  journal={Monthly weather review},
  volume={136},
  number={3},
  pages={833--864},
  year={2008}
}

@article{van2008partially,
  title={Partially collapsed Gibbs samplers: Theory and methods},
  author={Van Dyk, David A and Park, Taeyoung},
  journal={Journal of the American Statistical Association},
  volume={103},
  number={482},
  pages={790--796},
  year={2008},
  publisher={Taylor \& Francis}
}

@ARTICLE{Bayarri09,
    author = {M. J. Bayarri and James O. Berger and Eliza S. Calder and Keith Dalbey and Simon Lunagomez and Abani K. Patra and E. Bruce Pitman and Elaine T. Spiller and Robert L. Wolpert},
    title = {Using statistical and computer models to quantify volcanic hazards},
     journal = {Technometrics},
  year = {2009},
  volume = {51},
  pages = {402-413}
}


@article{liu2009modularization,
  title={Modularization in {B}ayesian analysis, with emphasis on analysis of computer models},
  author={Liu, Fei and Bayarri, MJ and Berger, JO},
  journal={Bayesian Analysis},
  volume={4},
  number={1},
  pages={119--150},
  year={2009},
  publisher={International Society for Bayesian Analysis}
}
@article{bastos2009diagnostics,
  title={Diagnostics for Gaussian process emulators},
  author={Bastos, Leonardo S and O'Hagan, Anthony},
  journal={Technometrics},
  volume={51},
  number={4},
  pages={425--438},
  year={2009},
  publisher={Taylor \& Francis}
}
@article{carvalho2009objective,
  title={Objective Bayesian model selection in Gaussian graphical models},
  author={Carvalho, CARLOS M and Scott, James G},
  journal={Biometrika},
  volume={96},
  number={3},
  pages={497--512},
  year={2009},
  publisher={Biometrika Trust}
}
@article{wang2009bayesian,
  title={Bayesian analysis of matrix normal graphical models},
  author={Wang, Hao and West, Mike},
  journal={Biometrika},
  volume={96},
  number={4},
  pages={821--834},
  year={2009},
  publisher={Biometrika Trust}
}
@article{gramacy2009adaptive,
  title={Adaptive design and analysis of supercomputer experiments},
  author={Gramacy, Robert B and Lee, Herbert KH},
  journal={Technometrics},
  volume={51},
  number={2},
  pages={130--145},
  year={2009},
  publisher={Taylor \& Francis}
}

@techreport{andrianakis2009parameter,
  title={Parameter estimation and prediction using gaussian processes},
  author={Andrianakis, Yiannis and Challenor, PG},
  year={2009},
  institution={MUCM Technical report 09/05, University of Southampton}
}
@article{rougier2009expert,
  title={Expert knowledge and multivariate emulation: The thermosphere--ionosphere electrodynamics general circulation model (TIE-GCM)},
  author={Rougier, Jonathan and Guillas, Serge and Maute, Astrid and Richmond, Arthur D},
  journal={Technometrics},
  volume={51},
  number={4},
  pages={414--424},
  year={2009},
  publisher={Taylor \& Francis}
}


@book{petris2009dynamic,
  title={Dynamic linear models},
  author={Petris, Giovanni and Petrone, Sonia and Campagnoli, Patrizia},
  year={2009},
  publisher={Springer}
}

@article{rue2009approximate,
  title={Approximate Bayesian inference for latent Gaussian models by using integrated nested Laplace approximations},
  author={Rue, H{\aa}vard and Martino, Sara and Chopin, Nicolas},
  journal={Journal of the royal statistical society: Series b (statistical methodology)},
  volume={71},
  number={2},
  pages={319--392},
  year={2009},
  publisher={Wiley Online Library}
}

@article{van2009adaptive,
  title={Adaptive Bayesian estimation using a Gaussian random field with inverse gamma bandwidth},
  author={van der Vaart, Aad W and van Zanten, J Harry},
  journal={The Annals of Statistics},
  pages={2655--2675},
  year={2009},
  publisher={JSTOR}
}
@book{hoff2009first,
  title={A first course in Bayesian statistical methods},
  author={Hoff, Peter D},
  year={2009},
  publisher={Springer Science \& Business Media}
}

@article{hoff2009simulation,
  title={Simulation of the matrix {B}ingham--von {M}ises--{F}isher distribution, with applications to multivariate and relational data},
  author={Hoff, Peter D},
  journal={Journal of Computational and Graphical Statistics},
  volume={18},
  number={2},
  pages={438--456},
  year={2009},
  publisher={Taylor \& Francis}
}


@article{faes2009effective,
  title={The effective sample size and an alternative small-sample degrees-of-freedom method},
  author={Faes, Christel and Molenberghs, Geert and Aerts, Marc and Verbeke, Geert and Kenward, Michael G},
  journal={The American Statistician},
  volume={63},
  number={4},
  pages={389--399},
  year={2009},
  publisher={Taylor \& Francis}
}
@article{bunya2010high,
  title={A high-resolution coupled riverine flow, tide, wind, wind wave, and storm surge model for southern Louisiana and Mississippi. Part I: Model development and validation},
  author={Bunya, S. and Dietrich, J. C. and Westerink, J.J. and Ebersole, B.A. and Smith, J.M. and Atkinson, J.H. and Jensen, R. and Resio, D.T. and Luettich, R.A. and Dawson, C. and Cardone, V.J.  and Cox, A.T. and Powell, M.D. and Westerink, H.J. and Roberts, H.J.},
  journal={Monthly weather review},
  volume={138},
  number={2},
  pages={345--377},
  year={2010}
}

@article{kolda2009tensor,
  title={Tensor decompositions and applications},
  author={Kolda, Tamara G and Bader, Brett W},
  journal={SIAM review},
  volume={51},
  number={3},
  pages={455--500},
  year={2009},
  publisher={SIAM}
}

@article{dette2010generalized,
  title={Generalized latin hypercube design for computer experiments},
  author={Dette, Holger and Pepelyshev, Andrey},
  journal={Technometrics},
  volume={52},
  number={4},
  year={2010}
}

@article{conti2010bayesian,
  title={Bayesian emulation of complex multi-output and dynamic computer models},
  author={Conti, Stefano and O'Hagan, Anthony},
  journal={Journal of statistical planning and inference},
  volume={140},
  number={3},
  pages={640--651},
  year={2010},
  publisher={Elsevier}
}

@ARTICLE{Wong10,
  AUTHOR =       {Wong, W. H. and Ma, L.},
  TITLE =        {Optional P\'{o}lya Tree and Bayesian inference},
  JOURNAL =      {Ann. Statist.},
  YEAR =         {2010},
  volume =       {38},
  pages =        {1433--1459},
  note=          {MR2662348}
}

@article{johnson2010use,
  title={On the use of non-local prior densities in Bayesian hypothesis tests},
  author={Johnson, Valen E and Rossell, David},
  journal={Journal of the Royal Statistical Society: Series B (Statistical Methodology)},
  volume={72},
  number={2},
  pages={143--170},
  year={2010},
  publisher={Wiley Online Library}
}

@book{gelfand2010handbook,
  title={Handbook of spatial statistics},
  author={Gelfand, Alan E and Diggle, Peter and Guttorp, Peter and Fuentes, Montserrat},
  year={2010},
  publisher={CRC Press}
}

@article{xiao2010model,
  title={Model reduction by CPOD and Kriging},
  author={Xiao, Manyu and Breitkopf, Piotr and Coelho, Rajan Filomeno and Knopf-Lenoir, Catherine and Sidorkiewicz, Maryan and Villon, Pierre},
  journal={Structural and multidisciplinary optimization},
  volume={41},
  number={4},
  pages={555--574},
  year={2010},
  publisher={Springer}
}


@article{johnson2010use,
  title={On the use of the variables $l^{th}$ is no longer in the GaSP model  as densities in Bayesian hypothesis tests},
  author={Johnson, Valen E and Rossell, David},
  journal={Journal of the Royal Statistical Society: Series B (Statistical Methodology)},
  volume={72},
  number={2},
  pages={143--170},
  year={2010},
  publisher={Wiley Online Library}
}


@article{petris2010r,
  title={An {R} package for dynamic linear models},
  author={Petris, Giovanni and others},
  journal={Journal of Statistical Software},
  volume={36},
  number={12},
  pages={1--16},
  year={2010},
  publisher={American Statistical Association}
}
@article{hodges2010adding,
  title={Adding spatially-correlated errors can mess up the fixed effect you love},
  author={Hodges, James S and Reich, Brian J},
  journal={The American Statistician},
  volume={64},
  number={4},
  pages={325--334},
  year={2010},
  publisher={Taylor \& Francis}
}

@article{lindgren2011explicit,
  title={An explicit link between Gaussian fields and Gaussian Markov random fields: the stochastic partial differential equation approach},
  author={Lindgren, Finn and Rue, H{\aa}vard and Lindstr{\"o}m, Johan},
  journal={Journal of the Royal Statistical Society: Series B (Statistical Methodology)},
  volume={73},
  number={4},
  pages={423--498},
  year={2011},
  publisher={Wiley Online Library}
}

@article{lindsay2011issues,
  title={Issues and strategies in the selection of composite likelihoods},
  author={Lindsay, Bruce G and Yi, Grace Y and Sun, Jianping},
  journal={Statistica Sinica},
  volume={21},
  number={1},
  pages={71},
  year={2011}
}


@inproceedings{hartikainen2010kalman,
  title={Kalman filtering and smoothing solutions to temporal Gaussian process regression models},
  author={Hartikainen, Jouni and Sarkka, Simo},
  booktitle={Machine Learning for Signal Processing (MLSP), 2010 IEEE International Workshop on},
  pages={379--384},
  year={2010},
  organization={IEEE}
}

@article{hodges2010adding,
  title={Adding spatially-correlated errors can mess up the fixed effect you love},
  author={Hodges, James S and Reich, Brian J},
  journal={The American Statistician},
  volume={64},
  number={4},
  pages={325--334},
  year={2010},
  publisher={Taylor \& Francis}
}

@phdthesis{russi2010uncertainty,
  title={Uncertainty quantification with experimental data and complex system models},
  author={Russi, Trent Michael},
  year={2010},
  school={UC Berkeley}
}


@article{soetaert2010solving,
  title={Solving differential equations in {R}: package de{S}olve},
  author={Soetaert, Karline and Petzoldt, Thomas and Setzer, R Woodrow},
  journal={Journal of statistical software},
  volume={33},
  pages={1--25},
  year={2010}
}
@ARTICLE{Ma11,
  AUTHOR =       {Ma, L. and Wong, W.H.},
  TITLE =        {Coupling optional P\'{o}lya trees and the two sample problem},
  JOURNAL =      {Journal of the American Statistical Association},
  YEAR =         {2011},
  volume =       {38},
  pages =        {1433--1459},
  note=          {MR2662348}
}

@article{wickham2011ggplot2,
  title={ggplot2},
  author={Wickham, Hadley},
  journal={Wiley Interdisciplinary Reviews: Computational Statistics},
  volume={3},
  number={2},
  pages={180--185},
  year={2011},
  publisher={Wiley Online Library}
}

@article{breitung2011gls,
  title={GLS estimation of dynamic factor models},
  author={Breitung, J{\"o}rg and Tenhofen, J{\"o}rn},
  journal={Journal of the American Statistical Association},
  volume={106},
  number={495},
  pages={1150--1166},
  year={2011},
  publisher={Taylor \& Francis}
}
@ARTICLE{Ranjan11,
  AUTHOR =       {Ranjan, P., Haynes, R., and Karsten, R.},
  TITLE =        {A Computationally Stable Approach to Gaussian Process Interpolation of Deterministic Computer Simulation Data},
  JOURNAL =      {Technometrics},
  YEAR =         {2011},
  volume =       {53},
  pages =        {366 - 378}
}

@article{varin2011overview,
  title={An overview of composite likelihood methods},
  author={Varin, Cristiano and Reid, Nancy and Firth, David},
  journal={Statistica Sinica},
  volume={21},
  number={1},
  pages={5--42},
  year={2011},
  publisher={Academia Sinica* Institute of Statistical Science}
}


@article{lindsay2011issues,
  title={Issues and strategies in the selection of composite likelihoods},
  author={Lindsay, Bruce G and Yi, Grace Y and Sun, Jianping},
  journal={Statistica Sinica},
  volume={21},
  number={1},
  pages={71},
  year={2011}
}
@article{kaufman2011efficient,
  title={Efficient emulators of computer experiments using compactly supported correlation functions, with an application to cosmology},
  author={Kaufman, Cari G and Bingham, Derek and Habib, Salman and Heitmann, Katrin and Frieman, Joshua A},
  journal={The Annals of Applied Statistics},
  volume={5},
  number={4},
  pages={2470--2492},
  year={2011},
  publisher={Institute of Mathematical Statistics}
}

@article{ranjan2011computationally,
  title={A computationally stable approach to Gaussian process interpolation of deterministic computer simulation data},
  author={Ranjan, Pritam and Haynes, Ronald and Karsten, Richard},
  journal={Technometrics},
  volume={53},
  number={4},
  pages={366--378},
  year={2011},
  publisher={Taylor \& Francis}
}




@inproceedings{zhou2011dependent,
  title={Dependent hierarchical beta process for image interpolation and denoising},
  author={Zhou, Mingyuan and Yang, Hongxia and Sapiro, Guillermo and Dunson, David B and Carin, Lawrence},
  booktitle={International Conference on Artificial Intelligence and Statistics},
  pages={883--891},
  year={2011}
}


@article{alvarez2011computationally,
  title={Computationally Efficient Convolved Multiple Output Gaussian Processes.},
  author={Alvarez, Mauricio A and Lawrence, Neil D},
  journal={Journal of Machine Learning Research},
  volume={12},
  number={5},
  pages={1459--1500},
  year={2011}
}


@article{alvarez2011kernels,
  title={Kernels for vector-valued functions: a review},
  author={{\'A}lvarez, Mauricio A and Rosasco, Lorenzo and Lawrence, Neil D},
  journal={arXiv preprint arXiv:1106.6251},
  year={2011}
}
@phdthesis{lopes2011development,
  title={Development and implementation of Bayesian computer model emulators},
  author={Lopes, Danilo},
  year={2011},
  school={Duke University}
}

@article{marrel2011global,
  title={Global sensitivity analysis for models with spatially dependent outputs},
  author={Marrel, Amandine and Iooss, Bertrand and Jullien, Michel and Laurent, Beatrice and Volkova, Elena},
  journal={Environmetrics},
  volume={22},
  number={3},
  pages={383--397},
  year={2011},
  publisher={Wiley Online Library}
}

@article{lee2011emulation,
  title={Emulation of a complex global aerosol model to quantify sensitivity to uncertain parameters},
  author={Lee, LA and Carslaw, KS and Pringle, KJ and Mann, GW and Spracklen, DV},
  journal={Atmospheric Chemistry and Physics},
  volume={11},
  number={23},
  pages={12253--12273},
  year={2011},
  publisher={Copernicus GmbH}
}
@article{savitsky2011variable,
  title={Variable selection for nonparametric Gaussian process priors: Models and computational strategies},
  author={Savitsky, Terrance and Vannucci, Marina and Sha, Naijun},
  journal={Statistical science: a review journal of the Institute of Mathematical Statistics},
  volume={26},
  number={1},
  pages={130-149},
  year={2011},
  publisher={NIH Public Access}
}

@article{hodges2011directional,
  title={Directional DNA methylation changes and complex intermediate states accompany lineage specificity in the adult hematopoietic compartment},
  author={Hodges, Emily and Molaro, Antoine and Dos Santos, Camila O and Thekkat, Pramod and Song, Qiang and Uren, Philip J and Park, Jin and Butler, Jason and Rafii, Shahin and McCombie, W Richard and others},
  journal={Molecular cell},
  volume={44},
  number={1},
  pages={17--28},
  year={2011},
  publisher={Elsevier}
}

@article{lam2011estimation,
  title={Estimation of latent factors for high-dimensional time series},
  author={Lam, Clifford and Yao, Qiwei and Bathia, Neil},
  journal={Biometrika},
  volume={98},
  number={4},
  pages={901--918},
  year={2011},
  publisher={Oxford University Press}
}

@article{snyder2012finding,
  title={Finding density functionals with machine learning},
  author={Snyder, John C and Rupp, Matthias and Hansen, Katja and M{\"u}ller, Klaus-Robert and Burke, Kieron},
  journal={Physical review letters},
  volume={108},
  number={25},
  pages={253002},
  year={2012},
  publisher={APS}
}

@article{bai2012statistical,
  title={Statistical analysis of factor models of high dimension},
  author={Bai, Jushan and Li, Kunpeng},
  journal={The Annals of Statistics},
  volume={40},
  number={1},
  pages={436--465},
  year={2012},
  publisher={Institute of Mathematical Statistics}
}
@article{ren2012objective,
  title={Objective Bayesian analysis for a spatial model with nugget effects},
  author={Ren, Cuirong and Sun, Dongchu and He, Chong},
  journal={Journal of Statistical Planning and Inference},
  volume={142},
  number={7},
  pages={1933--1946},
  year={2012},
  publisher={Elsevier}
}

@article{furrer2012covariance,
  title={Covariance tapering for interpolation of large spatial datasets},
  author={Furrer, Reinhard and Genton, Marc G and Nychka, Douglas},
  journal={Journal of Computational and Graphical Statistics},
  year={2012},
  publisher={Taylor \& Francis}
}

@article{arendt2012quantification,
  title={Quantification of model uncertainty: calibration, model discrepancy, and identifiability},
  author={Arendt, Paul D and Apley, Daniel W and Chen, Wei},
  journal={Journal of Mechanical Design},
  volume={134},
  number={10},
  pages={100908},
  year={2012},
  publisher={American Society of Mechanical Engineers}
}
@article{arendt2012improving,
  title={Improving identifiability in model calibration using multiple responses},
  author={Arendt, Paul D and Apley, Daniel W and Chen, Wei and Lamb, David and Gorsich, David},
  journal={Journal of Mechanical Design},
  volume={134},
  number={10},
  pages={100909},
  year={2012},
  publisher={American Society of Mechanical Engineers}
}
@article{gramacy2012cases,
  title={Cases for the nugget in modeling computer experiments},
  author={Gramacy, Robert B and Lee, Herbert KH},
  journal={Statistics and Computing},
  volume={22},
  number={3},
  pages={713--722},
  year={2012},
  publisher={Springer}
}
@article{andrianakis2012effect,
  title={The effect of the nugget on Gaussian process emulators of computer models},
  author={Andrianakis, Ioannis and Challenor, Peter G},
  journal={Computational Statistics \& Data Analysis},
  volume={56},
  number={12},
  pages={4215--4228},
  year={2012},
  publisher={Elsevier}
}

@article{ba2012composite,
  title={Composite Gaussian process models for emulating expensive functions},
  author={Ba, Shan and Joseph, V Roshan},
  journal={The Annals of Applied Statistics},
  volume={6},
  number={4},
  pages={1838--1860},
  year={2012},
  publisher={Institute of Mathematical Statistics}
}

@article{gramacy2012bayesian,
  title={Bayesian treed Gaussian process models with an application to computer modeling},
  author={Gramacy, Robert B and Lee, Herbert KH},
  journal={Journal of the American Statistical Association},
  year={2012},
  publisher={Taylor \& Francis}
}

@article{dai2012multivariate,
  title={Multivariate Bernoulli Distribution},
  author={Dai, Bin and Ding, Shilin and Wahba, Grace},
  journal={arXiv preprint arXiv:1206.1874},
  year={2012}
}

@article{ren2012objective,
  title={Objective Bayesian analysis for a spatial model with nugget effects},
  author={Ren, Cuirong and Sun, Dongchu and He, Chong},
  journal={Journal of Statistical Planning and Inference},
  volume={142},
  number={7},
  pages={1933--1946},
  year={2012},
  publisher={Elsevier}
}

@article{paulo2012calibration,
  title={Calibration of computer models with multivariate output},
  author={Paulo, Rui and Garc{\'\i}a-Donato, Gonzalo and Palomo, Jes{\'u}s},
  journal={Computational Statistics and Data Analysis},
  volume={56},
  number={12},
  pages={3959--3974},
  year={2012},
  publisher={Elsevier}
}


@article{roustant2012dicekriging,
   author = {Olivier Roustant and David Ginsbourger and Yves Deville},
   title = {DiceKriging, {D}iceOptim: Two {R} Packages for the Analysis of Computer Experiments by Kriging-Based Metamodeling and Optimization},
  author={Roustant, Olivier and Ginsbourger, David and Deville, Yves},
  journal={Journal of statistical software},
  volume={51},
  pages={1--55},
  year={2012}
}

@article{lee2012mapping,
  title={Mapping the uncertainty in global CCN using emulation},
  author={Lee, LA and Carslaw, KS and Pringle, KJ and Mann, GW},
  journal={Atmospheric Chemistry and Physics},
  volume={12},
  number={20},
  pages={9739--9751},
  year={2012},
  publisher={Copernicus GmbH}
}

@article{gramacy2012cases,
  title={Cases for the nugget in modeling computer experiments},
  author={Gramacy, Robert B and Lee, Herbert KH},
  journal={Statistics and Computing},
  volume={22},
  number={3},
  pages={713--722},
  year={2012},
  publisher={Springer}
}

@article{kazianka2012objective,
  title={Objective {B}ayesian analysis of spatial data with uncertain nugget and range parameters},
  author={Kazianka, Hannes and Pilz, J{\"u}rgen},
  journal={Canadian Journal of Statistics},
  volume={40},
  number={2},
  pages={304--327},
  year={2012},
  publisher={Wiley Online Library}
}
@article{moon2012two,
  title={Two-stage sensitivity-based group screening in computer experiments},
  author={Moon, Hyejung and Dean, Angela M and Santner, Thomas J},
  journal={Technometrics},
  volume={54},
  number={4},
  pages={376--387},
  year={2012},
  publisher={Taylor \& Francis Group}
}

@book{stein2012interpolation,
  title={Interpolation of spatial data: some theory for kriging},
  author={Stein, Michael L},
  year={2012},
  publisher={Springer Science \& Business Media}
}


@inproceedings{sarkka2012infinite,
  title={Infinite-dimensional Kalman filtering approach to spatio-temporal Gaussian process regression},
  author={S{\"a}rkk{\"a}, Simo and Hartikainen, Jouni},
  booktitle={International Conference on Artificial Intelligence and Statistics},
  pages={993--1001},
  year={2012}
}


@article{cedar2012programming,
  title={Programming of DNA methylation patterns},
  author={Cedar, Howard and Bergman, Yehudit},
  journal={Annual review of biochemistry},
  volume={81},
  pages={97--117},
  year={2012},
  publisher={Annual Reviews}
}

@incollection{sun2012geostatistics,
  title={Geostatistics for large datasets},
  author={Sun, Ying and Li, Bo and Genton, Marc G},
  booktitle={Advances and challenges in space-time modelling of natural events},
  pages={55--77},
  year={2012},
  publisher={Springer}
}
@article{johnson2012bayesian,
  title={Bayesian model selection in high-dimensional settings},
  author={Johnson, Valen E and Rossell, David},
  journal={Journal of the American Statistical Association},
  volume={107},
  number={498},
  pages={649--660},
  year={2012},
  publisher={Taylor \& Francis}
}

@article{benyahia2012summary,
  title={Summary of MFIX equations 2012-1},
  author={Benyahia, S and Syamlal, M and O'Brien, TJ},
  journal={From URL https://mfix. netl. doe. gov/documentation/MFIXEquations2012-1. pdf},
  year={2012}
}
@article{lam2012factor,
  title={Factor modeling for high-dimensional time series: inference for the number of factors},
  author={Lam, Clifford and Yao, Qiwei},
  journal={The Annals of Statistics},
  volume={40},
  number={2},
  pages={694--726},
  year={2012},
  publisher={Institute of Mathematical Statistics}
}


@article{brynjarsdottir2014learning,
  title={Learning about physical parameters: The importance of model discrepancy},
  author={Brynjarsd{\'o}ttir, Jenn{\`y} and O'Hagan, Anthony},
  journal={Inverse Problems},
  volume={30},
  number={11},
  pages={114007},
  year={2014},
  publisher={IOP Publishing}
}

@article{ziller2013charting,
  title={Charting a dynamic DNA methylation landscape of the human genome},
  author={Ziller, Michael J and Gu, Hongcang and M{\"u}ller, Fabian and Donaghey, Julie and Tsai, Linus T-Y and Kohlbacher, Oliver and De Jager, Philip L and Rosen, Evan D and Bennett, David A and Bernstein, Bradley E and others},
  journal={Nature},
  volume={500},
  number={7463},
  pages={477--481},
  year={2013},
  publisher={Nature Publishing Group}
}

@article{kacprzak2012measurement,
  title={Measurement and calibration of noise bias in weak lensing galaxy shape estimation},
  author={Kacprzak, Tomasz and Zuntz, Joe and Rowe, Barnaby and Bridle, Sarah and Refregier, Alexandre and Amara, Adam and Voigt, Lisa and Hirsch, Michael},
  journal={Monthly Notices of the Royal Astronomical Society},
  volume={427},
  number={4},
  pages={2711--2722},
  year={2012},
  publisher={Blackwell Science Ltd Oxford, UK}
}
@article{ren2013objective,
  title={Objective Bayesian analysis of spatial models with separable correlation functions},
  author={Ren, Cuirong and Sun, Dongchu and Sahu, Sujit K},
  journal={Canadian Journal of Statistics},
  volume={41},
  number={3},
  pages={488--507},
  year={2013},
  publisher={Wiley Online Library}
}

@article{eidsvik2013estimation,
  title={Estimation and prediction in spatial models with block composite likelihoods},
  author={Eidsvik, Jo and Shaby, Benjamin A and Reich, Brian J and Wheeler, Matthew and Niemi, Jarad},
  journal={Journal of Computational and Graphical Statistics},
  volume={23},
  number={2},
  pages={295--315},
  year={2014},
  publisher={Taylor \& Francis}
}


@article{fricker2013multivariate,
  title={Multivariate Gaussian process emulators with nonseparable covariance structures},
  author={Fricker, Thomas E and Oakley, Jeremy E and Urban, Nathan M},
  journal={Technometrics},
  volume={55},
  number={1},
  pages={47--56},
  year={2013},
  publisher={Taylor \& Francis}
}


@article{picheny2013benchmark,
  title={A benchmark of kriging-based infill criteria for noisy optimization},
  author={Picheny, Victor and Wagner, Tobias and Ginsbourger, David},
  journal={Structural and Multidisciplinary Optimization},
  volume={48},
  number={3},
  pages={607--626},
  year={2013},
  publisher={Springer}
}
@article{kaufman2013role,
  title={The role of the range parameter for estimation and prediction in geostatistics},
  author={Kaufman, CG and Shaby, BA},
  journal={Biometrika},
  volume={100},
  number={2},
  pages={473--484},
  year={2013},
  publisher={Biometrika Trust}
}


@article{korattikara2013austerity,
  title={Austerity in MCMC land: Cutting the Metropolis-Hastings budget},
  author={Korattikara, Anoop and Chen, Yutian and Welling, Max},
  journal={arXiv preprint arXiv:1304.5299},
  year={2013}
}
@article{hughes2013dimension,
  title={Dimension reduction and alleviation of confounding for spatial generalized linear mixed models},
  author={Hughes, John and Haran, Murali},
  journal={Journal of the Royal Statistical Society: Series B (Statistical Methodology)},
  volume={75},
  number={1},
  pages={139--159},
  year={2013},
  publisher={Wiley Online Library}
}

@Article{wen2013feasible,
  Title                    = {A feasible method for optimization with orthogonality constraints},
  Author                   = {Wen, Zaiwen and Yin, Wotao},
  Journal                  = {Mathematical Programming},
  Year                     = {2013},
  Number                   = {1-2},
  Pages                    = {397--434},
  Volume                   = {142},
  Publisher                = {Springer}
}

@article{williamson2013history,
  title={History matching for exploring and reducing climate model parameter space using observations and a large perturbed physics ensemble},
  author={Williamson, Daniel and Goldstein, Michael and Allison, Lesley and Blaker, Adam and Challenor, Peter and Jackson, Laura and Yamazaki, Kuniko},
  journal={Climate dynamics},
  volume={41},
  number={7-8},
  pages={1703--1729},
  year={2013},
  publisher={Springer}
}

@article{maclaurin2014firefly,
  title={Firefly Monte Carlo: Exact MCMC with subsets of data},
  author={Maclaurin, Dougal and Adams, Ryan P},
  journal={arXiv preprint arXiv:1403.5693},
  year={2014}
}

@article{spiller2014automating,
  title={Automating emulator construction for geophysical hazard maps},
  author={Spiller, Elaine T and Bayarri, MJ and Berger, James O and Calder, Eliza S and Patra, Abani K and Pitman, E Bruce and Wolpert, Robert L},
  journal={SIAM/ASA Journal on Uncertainty Quantification},
  volume={2},
  number={1},
  pages={126--152},
  year={2014},
  publisher={SIAM}
}



@article{le2014bayesian,
  title={A Bayesian approach for global sensitivity analysis of (multifidelity) computer codes},
  author={Le Gratiet, Loic and Cannamela, Claire and Iooss, Bertrand},
  journal={SIAM/ASA Journal on Uncertainty Quantification},
  volume={2},
  number={1},
  pages={336--363},
  year={2014},
  publisher={SIAM}
}
@article{iooss2014review,
  title={A review on global sensitivity analysis methods},
  author={Iooss, Bertrand and Lema{\^\i}tre, Paul},
  journal={arXiv preprint arXiv:1404.2405},
  year={2014}
}
@article{le2014bayesian,
  title={A Bayesian approach for global sensitivity analysis of (multifidelity) computer codes},
  author={Le Gratiet, Loic and Cannamela, Claire and Iooss, Bertrand},
  journal={SIAM/ASA Journal on Uncertainty Quantification},
  volume={2},
  number={1},
  pages={336--363},
  year={2014},
  publisher={SIAM}
}

@article{berger2014effective,
  title={The effective sample size},
  author={Berger, James and Bayarri, MJ and Pericchi, LR},
  journal={Econometric Reviews},
  volume={33},
  number={1-4},
  pages={197--217},
  year={2014},
  publisher={Taylor \& Francis}

}
@article{miller2014carbon,
  title={Carbon capture simulation initiative: a case study in multiscale modeling and new challenges},
  author={Miller, David C and Syamlal, Madhava and Mebane, David S and Storlie, Curt and Bhattacharyya, Debangsu and Sahinidis, Nikolaos V and Agarwal, Deb and Tong, Charles and Zitney, Stephen E and Sarkar, Avik and others},
  journal={Annual review of chemical and biomolecular engineering},
  volume={5},
  pages={301--323},
  year={2014},
  publisher={Annual Reviews}
}
@article{farah2014bayesian,
  title={Bayesian Emulation and Calibration of a Dynamic Epidemic Model for {A}/{H}1{N}1 Influenza},
  author={Farah, Marian and Birrell, Paul and Conti, Stefano and Angelis, Daniela De},
  journal={Journal of the American Statistical Association},
  volume={109},
  number={508},
  pages={1398--1411},
  year={2014},
  publisher={Taylor \& Francis}
}

@article{peng2014choice,
  title={On the choice of nugget in kriging modeling for deterministic computer experiments},
  author={Peng, Chien-Yu and Wu, CF Jeff},
  journal={Journal of Computational and Graphical Statistics},
  volume={23},
  number={1},
  pages={151--168},
  year={2014},
  publisher={Taylor \& Francis}
}

@manual{nloptr2014,
	Author = {Jelmer Ypma},
	Date-Modified = {2019-06-08 17:04:12 +0200},
	Note = {R package version 1.0.4},
	Title = {nloptr: {R} interface to NLopt},
	Url = {https://CRAN.R-project.org/package=nloptr},
	Year = {2014},
	Bdsk-Url-1 = {https://CRAN.R-project.org/package=nloptr}}


@book{banerjee2014hierarchical,
  title={Hierarchical modeling and analysis for spatial data},
  author={Banerjee, Sudipto and Carlin, Bradley P and Gelfand, Alan E},
  year={2014},
  publisher={Crc Press}
}


@inproceedings{bardenet2014towards,
  title={Towards scaling up Markov chain Monte Carlo: an adaptive subsampling approach.},
  author={Bardenet, R{\'e}mi and Doucet, Arnaud and Holmes, Christopher C},
  booktitle={ICML},
  pages={405--413},
  year={2014}
}
@article{constantine2014active,
  title={Active subspace methods in theory and practice: applications to kriging surfaces},
  author={Constantine, Paul G and Dow, Eric and Wang, Qiqi},
  journal={SIAM Journal on Scientific Computing},
  volume={36},
  number={4},
  pages={A1500--A1524},
  year={2014},
  publisher={SIAM}
}



@article{lane2014numerical,
  title={Numerical modeling and uncertainty quantification of a bubbling fluidized bed with immersed horizontal tubes},
  author={Lane, William A and Storlie, Curtis B and Montgomery, Christopher J and Ryan, Emily M},
  journal={Powder Technology},
  volume={253},
  pages={733--743},
  year={2014},
  publisher={Elsevier}
}

@article{vallejos2014effective,
  title={Effective sample size of spatial process models},
  author={Vallejos, Ronny and Osorio, Felipe},
  journal={Spatial statistics},
  volume={9},
  pages={66--92},
  year={2014},
  publisher={Elsevier}
}


@article{macdonald2015gpfit,
  title={GPfit: An {R} package for fitting a {G}aussian process model to deterministic simulator outputs},
  author={MacDonald, Blake and Ranjan, Pritam and Chipman, Hugh and others},
  journal={Journal of Statistical Software},
  volume={64},
  number={i12},
  year={2015},
  publisher={Foundation for Open Access Statistics}
}

@article{zhang2015predicting,
  title={Predicting genome-wide DNA methylation using methylation marks, genomic position, and DNA regulatory elements},
  author={Zhang, Weiwei and Spector, Tim D and Deloukas, Panos and Bell, Jordana T and Engelhardt, Barbara E},
  journal={Genome biology},
    volume={16},
  number={14},
  pages={1--20},
  year={2015}
}
@article{gramacy2015local,
  title={Local {G}aussian process approximation for large computer experiments},
  author={Gramacy, Robert B and Apley, Daniel W},
  journal={Journal of Computational and Graphical Statistics},
  volume={24},
  number={2},
  pages={561--578},
  year={2015},
  publisher={Taylor \& Francis}
}

@article{bayarriprobabilistic,
  title={Probabilistic quantification of hazards: a methodology using small ensembles of physics based simulations and statistical surrogates},
  author={Bayarri, MJ and Berger, James and Calder, Eliza and Patra, Abani and Pitman, E Bruce and Spiller, Elaine and Wolpert, Robert},
  journal={International Journal for Uncertainty Quantification},
    volume={5},
  number={4},
  year={2015},
  publisher={Begel House Inc.}
}
@book{cressie2015statistics,
  title={Statistics for spatio-temporal data},
  author={Cressie, Noel and Wikle, Christopher K},
  year={2015},
  publisher={John Wiley \& Sons}
}
@article{tuo2015efficient,
  title={Efficient calibration for imperfect computer models},
  author={Tuo, Rui and Wu, CF Jeff},
  journal={The Annals of Statistics},
  volume={43},
  number={6},
  pages={2331--2352},
  year={2015},
  publisher={Institute of Mathematical Statistics}
}
@article{montgomery2015renewed,
  title={Renewed inflation of Long Valley Caldera, California (2011 to 2014)},
  author={Montgomery-Brown, EK and Wicks, CW and Cervelli, Peter F and Langbein, John O and Svarc, Jerry L and Shelly, David R and Hill, David P and Lisowski, Michael},
  journal={Geophysical Research Letters},
  volume={42},
  number={13},
  pages={5250--5257},
  year={2015},
  publisher={Wiley Online Library}
}

@article{hanks2015restricted,
  title={Restricted spatial regression in practice: geostatistical models, confounding, and robustness under model misspecification},
  author={Hanks, Ephraim M and Schliep, Erin M and Hooten, Mevin B and Hoeting, Jennifer A},
  journal={Environmetrics},
  volume={26},
  number={4},
  pages={243--254},
  year={2015},
  publisher={Wiley Online Library}
}

@article{matoza2015source,
  title={Source mechanism of small long-period events at Mount St. Helens in July 2005 using template matching, phase-weighted stacking, and full-waveform inversion},
  author={Matoza, Robin S and Chouet, Bernard A and Dawson, Phillip B and Shearer, Peter M and Haney, Matthew M and Waite, Gregory P and Moran, Seth C and Mikesell, T Dylan},
  journal={Journal of Geophysical Research: Solid Earth},
  volume={120},
  number={9},
  pages={6351--6364},
  year={2015},
  publisher={Wiley Online Library}
}

@article{tuo2016theoretical,
  title={A theoretical framework for calibration in computer models: parametrization, estimation and convergence properties},
  author={Tuo, Rui and Wu, CF Jeff},
  journal={SIAM/ASA Journal on Uncertainty Quantification},
  volume={4},
  number={1},
  pages={767--795},
  year={2016},
  publisher={SIAM}
}


@article{frenklach2016comparison,
  title={Comparison of statistical and deterministic frameworks of uncertainty quantification},
  author={Frenklach, Michael and Packard, Andrew and Garcia-Donato, Gonzalo and Paulo, Rui and Sacks, Jerome},
  journal={SIAM/ASA Journal on Uncertainty Quantification},
  volume={4},
  number={1},
  pages={875--901},
  year={2016},
  publisher={SIAM}
}

@article{chang2016calibrating,
  title={Calibrating an ice sheet model using high-dimensional binary spatial data},
  author={Chang, Won and Haran, Murali and Applegate, Patrick and Pollard, David},
  journal={Journal of the American Statistical Association},
  volume={111},
  number={513},
  pages={57--72},
  year={2016},
  publisher={Taylor \& Francis}
}

@article{lewis2016gradient,
  title={Gradient free active subspace construction using Morris screening elementary effects},
  author={Lewis, Allison and Smith, Ralph and Williams, Brian},
  journal={Computers \& Mathematics with Applications},
  volume={72},
  number={6},
  pages={1603--1615},
  year={2016},
  publisher={Elsevier}
}
@article{rearden2016scale,
  title={SCALE code system, ORNL/TM-2005/39, version 6.2. 1},
  author={Rearden, BT and Jessee, MA},
  journal={Oak Ridge National Laboratory, Oak Ridge, Tennessee},
  year={2016}
}
@article{haji2017multilevel,
  title={Multilevel weighted least squares polynomial approximation},
  author={Haji-Ali, Abdul-Lateef and Nobile, Fabio and Tempone, Ra{\'u}l and Wolfers, S{\"o}ren},
  journal={arXiv preprint arXiv:1707.00026},
  year={2017}
}
@article{Gu2018robustness,
  title={Robust {G}aussian stochastic process emulation},
  author={Gu, Mengyang and Wang, Xiaojing and Berger, James O},
    journal={Annals of Statistics},
      volume={46},
  number={6A},
  pages={3038--3066},
    year    = {2018},

}

@article{peherstorfer2018survey,
  title={Survey of multifidelity methods in uncertainty propagation, inference, and optimization},
  author={Peherstorfer, Benjamin and Willcox, Karen and Gunzburger, Max},
  journal={Siam Review},
  volume={60},
  number={3},
  pages={550--591},
  year={2018},
  publisher={SIAM}
}



@phdthesis{Gu2016thesis,
    title = {Robust Uncertainty Quantification and Scalable Computation for Computer Models with Massive Output.},
    author = {Gu, Mengyang},
    school = {Duke University},
    year = {2016}
}

@article{Gu2016PPGaSPsup,
  title={Supplement to ``Parallel Partial Gaussian Process Emulation for Computer Models with Massive Output"},
  author={Gu, Mengyang and Berger, James O},
  year={2016},
}

@article{Gu2016PPGaSP,
  title={Parallel Partial {G}aussian Process Emulation for Computer Models with Massive Output},
  author={Gu, Mengyang and Berger, James O},
    journal={Annals of Applied Statistics},
  volume={10},
  number={3},
  pages={1317--1347},
  year={2016},  
    publisher={Institute of Mathematical Statistics}

}

  @Manual{Gu2016Robustpackage,
    title = {RobustGaSP: Robust Gaussian Stochastic Process Emulation},
    author = {Mengyang Gu and Jesus Palomo and James O Berger},
    year = {2016},
    note = {R package version 0.5.5},
    url = {https://CRAN.R-project.org/package=RobustGaSP},
  }

@article{anderson2016bayesian,
  title={Bayesian estimation of magma supply, storage, and eruption rates using a multiphysical volcano model: K{\=\i}lauea Volcano, 2000--2012},
  author={Anderson, Kyle R and Poland, Michael P},
  journal={Earth and Planetary Science Letters},
  volume={447},
  pages={161--171},
  year={2016},
  publisher={Elsevier}
}


@techreport{chen2016analysis,
  title={Analysis Methods for Computer Experiments: How to Assess and What Counts?},
  author={Chen, Hao and Loeppky, J and Sacks, Jerome and Welch, W},
   journal={Statistical science},
  volume={31},
  number={1},
  pages={40--60},
  year={2016},
  publisher={Institute of Mathematical Statistics}
}







@article{overstall2016multivariate,
  title={Multivariate emulation of computer simulators: model selection and diagnostics with application to a humanitarian relief model},
  author={Overstall, Antony M and Woods, David C},
  journal={Journal of the Royal Statistical Society: Series C (Applied Statistics)},
  volume={65},
  number={4},
  pages={483--505},
  year={2016},
  publisher={Wiley Online Library}
}
@article{datta2016hierarchical,
  title={Hierarchical nearest-neighbor Gaussian process models for large geostatistical datasets},
  author={Datta, Abhirup and Banerjee, Sudipto and Finley, Andrew O and Gelfand, Alan E},
  journal={Journal of the American Statistical Association},
  volume={111},
  number={514},
  pages={800--812},
  year={2016},
  publisher={Taylor \& Francis}
}

@article{gramacy2015local,
  title={Local Gaussian process approximation for large computer experiments},
  author={Gramacy, Robert B and Apley, Daniel W},
  journal={Journal of Computational and Graphical Statistics},
  volume={24},
  number={2},
  pages={561--578},
  year={2015},
  publisher={Taylor \& Francis}
}

@article{palomo2015save,
  title={SAVE: an {R} package for the Statistical Analysis of Computer Models},
  author={Palomo, Jes{\'u}s and Paulo, Rui and Garc{\'\i}a-Donato, Gonzalo and others},
  journal={Journal of Statistical Software},
  volume={64},
  number={13},
  pages={1--23},
  year={2015}
}

@article{agram2015noise,
  title={A noise model for {I}n{SAR} time series},
  author={Agram, PS and Simons, M},
  journal={Journal of Geophysical Research: Solid Earth},
  volume={120},
  number={4},
  pages={2752--2771},
  year={2015},
  publisher={Wiley Online Library}
}
@article{gramacy2016lagp,
  title={laGP: large-scale spatial modeling via local approximate Gaussian processes in R},
  author={Gramacy, Robert B},
  journal={Journal of Statistical Software},
  volume={72},
  number={1},
  pages={1--46},
  year={2016},
  publisher={Foundation for Open Access Statistics}
}
@article{wong2017frequentist,
  title={A frequentist approach to computer model calibration},
  author={Wong, Raymond KW and Storlie, Curtis B and Lee, Thomas},
  journal={Journal of the Royal Statistical Society: Series B (Statistical Methodology)},
  volume={79},
   year={2017},
  pages={635--648},
  publisher={Wiley Online Library}
}


@article{anderson2017abundant,
  title={Abundant carbon in the mantle beneath Hawai'i},
  author={Anderson, Kyle R and Poland, Michael P},
  journal={Nature Geoscience},
  volume={10},
  number={9},
  pages={704--708},
  year={2017},
  publisher={Nature Research}
}




@article{plumlee2017bayesian,
  title={Bayesian calibration of inexact computer models},
  author={Plumlee, Matthew},
  journal={Journal of the American Statistical Association},
  volume={112},
  number={519},
  pages={1274--1285},
  year={2017},
  publisher={Taylor \& Francis}
}


@article{gu2016nonseparable,
  title={Fast Nonseparable {G}aussian Stochastic Process with Application to Methylation
Level Interpolation},
  author={Gu, Mengyang and Xu, Yanxun},
  journal={Journal of Computational and Graphical Statistics, In Press, arXiv preprint arXiv:1711.11501},
  year={2019}
}

@article{chkrebtii2016bayesian,
  title={Bayesian solution uncertainty quantification for differential equations},
  author={Chkrebtii, Oksana A and Campbell, David A and Calderhead, Ben and Girolami, Mark A and others},
  journal={Bayesian Analysis},
  volume={11},
  number={4},
  pages={1239--1267},
  year={2016},
  publisher={International Society for Bayesian Analysis}
}

@article{hourdin2017art,
  title={The art and science of climate model tuning},
  author={Hourdin, Fr{\'e}d{\'e}ric and Mauritsen, Thorsten and Gettelman, Andrew and Golaz, Jean-Christophe and Balaji, Venkatramani and Duan, Qingyun and Folini, Doris and Ji, Duoying and Klocke, Daniel and Qian, Yun and others},
  journal={Bulletin of the American Meteorological Society},
  volume={98},
  number={3},
  pages={589--602},
  year={2017}
}

@article{tuo2017adjustments,
  title={Adjustments to Computer Models via Projected Kernel Calibration},
  author={Tuo, Rui},
  journal={arXiv preprint arXiv:1705.03422},
  year={2017}
}

@article{matoza2017automated,
  title={Automated detection and cataloging of global explosive volcanism using the International Monitoring System infrasound network},
  author={Matoza, Robin S and Green, David N and Le Pichon, Alexis and Shearer, Peter M and Fee, David and Mialle, Pierrick and Ceranna, Lars},
  journal={Journal of Geophysical Research: Solid Earth},
  volume={122},
  number={4},
  pages={2946--2971},
  year={2017},
  publisher={Wiley Online Library}
}

@article{conrad2017statistical,
  title={Statistical analysis of differential equations: introducing probability measures on numerical solutions},
  author={Conrad, Patrick R and Girolami, Mark and S{\"a}rkk{\"a}, Simo and Stuart, Andrew and Zygalakis, Konstantinos},
  journal={Statistics and Computing},
  volume={27},
  number={4},
  pages={1065--1082},
  year={2017},
  publisher={Springer}
}


@article{stroud2017bayesian,
  title={Bayesian and maximum likelihood estimation for Gaussian processes on an incomplete lattice},
  author={Stroud, Jonathan R and Stein, Michael L and Lysen, Shaun},
  journal={Journal of computational and Graphical Statistics},
  volume={26},
  number={1},
  pages={108--120},
  year={2017},
  publisher={Taylor \& Francis}
}

@article{guinness2017circulant,
  title={Circulant embedding of approximate covariances for inference from Gaussian data on large lattices},
  author={Guinness, Joseph and Fuentes, Montserrat},
  journal={Journal of computational and Graphical Statistics},
  volume={26},
  number={1},
  pages={88--97},
  year={2017},
  publisher={Taylor \& Francis}
}
@article{Nychka2017LatticeKrig,
author = {Douglas Nychka and Soutir Bandyopadhyay and Dorit Hammerling and Finn Lindgren and Stephan Sain},
title = {A Multiresolution Gaussian Process Model for the Analysis of Large Spatial Datasets},
journal = {Journal of Computational and Graphical Statistics},
volume = {24},
number = {2},
pages = {579-599},
year  = {2015},
publisher = {Taylor & Francis},
doi = {10.1080/10618600.2014.914946},

URL = { 
        https://doi.org/10.1080/10618600.2014.914946
    
},
eprint = { 
        https://doi.org/10.1080/10618600.2014.914946
    
}
}


@article{zammit2017fixedrank,
title={FRK: An R package for spatial and spatio-temporal prediction with large datasets},
  author={Zammit-Mangion, Andrew, and Noel Cressie},
  journal={arXiv preprint arXiv:1106.6251},
    year={2017}
  }





@article{katzfuss2017multi,
  title={A multi-resolution approximation for massive spatial datasets},
  author={Katzfuss, Matthias},
  journal={Journal of the American Statistical Association},
  volume={112},
  number={517},
  pages={201--214},
  year={2017},
  publisher={Taylor \& Francis}
}

@article{hegde2017machine,
  title={Machine-learned approximations to density functional theory hamiltonians},
  author={Hegde, Ganesh and Bowen, R Chris},
  journal={Scientific reports},
  volume={7},
  pages={42669},
  year={2017},
  publisher={Nature Publishing Group}
}

@article{brockherde2017bypassing,
  title={Bypassing the Kohn-Sham equations with machine learning},
  author={Brockherde, Felix and Vogt, Leslie and Li, Li and Tuckerman, Mark E and Burke, Kieron and M{\"u}ller, Klaus-Robert},
  journal={Nature communications},
  volume={8},
  number={1},
  pages={1--10},
  year={2017},
  publisher={Nature Publishing Group}
}

@article{carmassi2018calico,
  title={Cali{C}o: a {R} package for {B}ayesian calibration},
  author={Carmassi, Mathieu and Barbillon, Pierre and Chiodetti, Matthieu and Keller, Merlin and Parent, Eric},
  journal={arXiv preprint arXiv:1808.01932},
  year={2018}
}

@article{gu2018robustgasp,
  author = {Mengyang Gu and Jesus Palomo and James O. Berger},
  title = {{RobustGaSP: Robust Gaussian Stochastic Process Emulation in
          R}},
  year = {2019},
  journal = {{The R Journal}},
  doi = {10.32614/RJ-2019-011},
  pages = {112--136},
  volume = {11},
  number = {1}
}




  @Manual{gu2018robustcalibrationpackage,
    title = {RobustCalibration: Robust Calibration of Imperfect Mathematical Models},
    author = {Mengyang Gu},
    year = {2018},
    note = {R package version 0.5.1},
    url = {https://CRAN.R-project.org/package=RobustCalibration},
  }
  
  @article{heaton2019case,
  title={A case study competition among methods for analyzing large spatial data},
  author={Heaton, Matthew J and Datta, Abhirup and Finley, Andrew O and Furrer, Reinhard and Guinness, Joseph and Guhaniyogi, Rajarshi and Gerber, Florian and Gramacy, Robert B and Hammerling, Dorit and Katzfuss, Matthias and others},
  journal={Journal of Agricultural, Biological and Environmental Statistics},
  volume={24},
  number={3},
  pages={398--425},
  year={2019},
  publisher={Springer}
}

  @Manual{gu2019fastgasppackage,
    title = {FastGaSP: Fast and Exact Computation of Gaussian Stochastic Process},
    author = {Mengyang Gu},
    year = {2019},
    note = {R package version 0.5.1},
    url = {https://CRAN.R-project.org/package=FastGaSP},
  }




@MISC{simulationlib, 
 author = {Surjanovic, S. and Bingham, D.}, 
 title = {Virtual Library of Simulation Experiments: Test Functions and Datasets}, 
 howpublished = {\url{http://www.sfu.ca/~ssurjano}}, 
   year={2017}

}

@article{gu2019jointly,
  title={Jointly Robust Prior for {G}aussian Stochastic Process in Emulation, Calibration and Variable Selection},
  author={Gu, Mengyang},
  journal={Bayesian Analysis},
  volume={14},
  number={1},
  page={857-885},
  year={2019}
}

@article{guan2019computer,
  title={Computer model calibration based on image warping metrics: an application for sea ice deformation},
  author={Guan, Yawen and Sampson, Christian and Tucker, J Derek and Chang, Won and Mondal, Anirban and Haran, Murali and Sulsky, Deborah},
  journal={Journal of Agricultural, Biological and Environmental Statistics},
  volume={24},
  number={3},
  pages={444--463},
  year={2019},
  publisher={Springer}
}

@article{gu2018generalized,
  title={Generalized probabilistic principal component analysis of correlated data},
  author={Gu, Mengyang and Shen, Weining},
  journal={Journal of Machine Learning Research},
  volume={21},
  number={13},
  page={1-41},
  year={2020}
}



    
    
    
@article{gu2022calibration,
author = {Mengyang Gu and Kyle Anderson and Erika McPhillips},
title = {Calibration of Imperfect Geophysical Models by Multiple Satellite Interferograms with Measurement Bias},
journal = {Technometrics, In Press},
year  = {2023},
publisher = {Taylor & Francis},
doi = {10.1080/00401706.2023.2182365}
}


@article{gu2018sgasp,
  title={Scaled {G}aussian stochastic process for computer model calibration and prediction},
  author={Gu, Mengyang and Wang, Long},
  journal={SIAM/ASA Journal on Uncertainty Quantification},
  volume={6},
  number={4},
  pages={1555-1583},
  year={2018}
}

@article{gu2022theoretical,
  title={A Theoretical Framework of the Scaled {G}aussian Stochastic Process in Prediction and Calibration},
  author={Gu, Mengyang and Xie, Fangzheng and Wang, Long},
  journal={SIAM/ASA Journal on Uncertainty Quantification},
  volume={10},
  number={4},
  pages={1435--1460},
  year={2022},
  publisher={SIAM}
}

@article{xie2018bayesian,
author = {Fangzheng Xie and Yanxun Xu},
title = {Bayesian Projected Calibration of Computer Models},
journal = {Journal of the American Statistical Association},
volume = {0},
number = {0},
pages = {1-18},
year  = {2020},
publisher = {Taylor & Francis},
doi = {10.1080/01621459.2020.1753519},
}


@article{meng2018statistical,
  title={Statistical paradises and paradoxes in big data (I): Law of large populations, big data paradox, and the 2016 US presidential election},
  author={Meng, Xiao-Li},
  journal={The Annals of Applied Statistics},
  volume={12},
  number={2},
  pages={685--726},
  year={2018},
  publisher={Institute of Mathematical Statistics}
}
@article{oliver2018calibration,
  title={Calibration of imperfect models to biased observations},
  author={Oliver, Dean S and Alfonzo, Miguel},
  journal={Computational Geosciences},
  volume={22},
  number={1},
  pages={145--161},
  year={2018},
  publisher={Springer}
}


@article{Acosta_on_eff_2018,
author = {Jonathan Acosta and Ronny Vallejos and Daniel Griffth},
title = {On the effective geographic sample size},
journal = {Journal of Statistical Computation and Simulation},
volume = {88},
number = {10},
pages = {1958-1975},
year  = {2018},
publisher = {Taylor & Francis},
doi = {10.1080/00949655.2018.1428977},
URL = { 
        https://doi.org/10.1080/00949655.2018.1428977   
},
eprint = { 
        https://doi.org/10.1080/00949655.2018.1428977
}
}


@article{acosta2018effective,
  title={Effective sample size for spatial regression models},
  author={Acosta, Jonathan and Vallejos, Ronny},
  journal={Electronic Journal of Statistics},
  volume={12},
  number={2},
  pages={3147--3180},
  year={2018},
  publisher={The Institute of Mathematical Statistics and the Bernoulli Society}
}

@Manual{gu2019robustgaspmatlab,
    author       = {Gu, Mengyang},
    title        = {RobustGaSP: Robust Gaussian Process Emulation In MATLAB},
    month        = {August},
    year         = {2019},
    doi          = {10.5281/zenodo.3370575},
    version      = {1.0},
    note    = {Zenodo, https://doi.org/10.5281/zenodo.3370575},
    url          = {https://doi.org/10.5281/zenodo.3370575},
    }
    
    
    

@article{ma2022multifidelity,
  title={Multifidelity computer model emulation with high-dimensional output: An application to storm surge},
  author={Ma, Pulong and Karagiannis, Georgios and Konomi, Bledar A and Asher, Taylor G and Toro, Gabriel R and Cox, Andrew T},
  journal={Journal of the Royal Statistical Society Series C: Applied Statistics},
  volume={71},
  number={4},
  pages={861--883},
  year={2022},
  publisher={Oxford University Press}
}
    @article{plumlee2019computer,
  title={Computer model calibration with confidence and consistency},
  author={Plumlee, Matthew},
  journal={Journal of the Royal Statistical Society: Series B (Statistical Methodology)},
  year={2019},
  publisher={Wiley Online Library}
}

@article{salter2019uncertainty,
  title={Uncertainty quantification for computer models with spatial output using calibration-optimal bases},
  author={Salter, James M and Williamson, Daniel B and Scinocca, John and Kharin, Viatcheslav},
  journal={Journal of the American Statistical Association},
  pages={1--24},
  year={2019},
  publisher={Taylor \& Francis}
}

@article{guinness2019spectral,
  title={Spectral density estimation for random fields via periodic embeddings},
  author={Guinness, Joseph},
  journal={Biometrika},
  volume={106},
  number={2},
  pages={267--286},
  year={2019},
  publisher={Oxford University Press}
}
%

@article{anderson2019magma,
  title={Magma reservoir failure and the onset of caldera collapse at {K}{\=\i}lauea Volcano in 2018},
  author={Anderson, Kyle R and Johanson, Ingrid A and Patrick, Matthew R and Gu, Mengyang and Segall, Paul and Poland, Michael P and Montgomery-Brown, Emily K and Miklius, Asta},
  journal={Science},
  volume={366},
  number={6470},
  year={2019},
  publisher={American Association for the Advancement of Science}
}

    
    @article{schleder2019dft,
  title={From DFT to machine learning: recent approaches to materials science--a review},
  author={Schleder, Gabriel R and Padilha, Antonio CM and Acosta, Carlos Mera and Costa, Marcio and Fazzio, Adalberto},
  journal={Journal of Physics: Materials},
  volume={2},
  number={3},
  pages={032001},
  year={2019},
  publisher={IOP Publishing}
}
    
    @article{coleman2019gradient,
  title={Gradient-Free Construction of Active Subspaces for Dimension Reduction in Complex Models with Applications to Neutronics},
  author={Coleman, Kayla D and Lewis, Allison and Smith, Ralph C and Williams, Brian and Morris, Max and Khuwaileh, Bassam},
  journal={SIAM/ASA Journal on Uncertainty Quantification},
  volume={7},
  number={1},
  pages={117--142},
  year={2019},
  publisher={SIAM}
}

@article{plumlee2019computer,
  title={Computer model calibration with confidence and consistency},
  author={Plumlee, Matthew},
  journal={Journal of the Royal Statistical Society: Series B (Statistical Methodology)},
  year={2019},
  publisher={Wiley Online Library}
}

@article{salter2019uncertainty,
  title={Uncertainty quantification for computer models with spatial output using calibration-optimal bases},
  author={Salter, James M and Williamson, Daniel B and Scinocca, John and Kharin, Viatcheslav},
  journal={Journal of the American Statistical Association},
  pages={1--24},
  year={2019},
  publisher={Taylor \& Francis}
}


@article{chandrasekaran2019solving,
  title={Solving the electronic structure problem with machine learning},
  author={Chandrasekaran, Anand and Kamal, Deepak and Batra, Rohit and Kim, Chiho and Chen, Lihua and Ramprasad, Rampi},
  journal={npj Computational Materials},
  volume={5},
  number={1},
  pages={1--7},
  year={2019},
  publisher={Nature Publishing Group}
}

@article {neal2018Kilauea,
	author = {Neal, C. A. and Brantley, S. R. and Antolik, L. and Babb, J. L. and Burgess, M. and Calles, K. and Cappos, M. and Chang, J. C. and Conway, S. and Desmither, L. and Dotray, P. and Elias, T. and Fukunaga, P. and Fuke, S. and Johanson, I. A. and Kamibayashi, K. and Kauahikaua, J. and Lee, R. L. and Pekalib, S. and Miklius, A. and Million, W. and Moniz, C. J. and Nadeau, P. A. and Okubo, P. and Parcheta, C. and Patrick, M. R. and Shiro, B. and Swanson, D. A. and Tollett, W. and Trusdell, F. and Younger, E. F. and Zoeller, M. H. and Montgomery-Brown, E. K. and Anderson, K. R. and Poland, M. P. and Ball, J. L. and Bard, J. and Coombs, M. and Dietterich, H. R. and Kern, C. and Thelen, W. A. and Cervelli, P. F. and Orr, T. and Houghton, B. F. and Gansecki, C. and Hazlett, R. and Lundgren, P. and Diefenbach, A. K. and Lerner, A. H. and Waite, G. and Kelly, P. and Clor, L. and Werner, C. and Mulliken, K. and Fisher, G. and Damby, D.},
	title = {The 2018 rift eruption and summit collapse of {K}ilauea Volcano},
	volume = {363},
	number = {6425},
	pages = {367--374},
	year = {2019},
	doi = {10.1126/science.aav7046},
	publisher = {American Association for the Advancement of Science},
	abstract = {The Kilauea Volcano on the island of Hawai{\textquoteleft}i erupted for 3 months in 2018. Neal et al. present a summary of the eruption sequence along with a variety of geophysical observations collected by the Hawaiian Volcano Observatory. The cyclic inflation, deflation, and eventual collapse of the summit was tied to lava eruption from lower East Rift Zone fissures. A total volume of 0.8 cubic kilometers of magma erupted, roughly the equivalent of 320,000 swimming pools, which matched the change in volume at the summit.Science, this issue p. 367In 2018, Kilauea Volcano experienced its largest lower East Rift Zone (LERZ) eruption and caldera collapse in at least 200 years. After collapse of the Pu{\textquoteleft}u {\textquoteleft}O{\textquoteleft}o vent on 30 April, magma propagated downrift. Eruptive fissures opened in the LERZ on 3 May, eventually extending ~6.8 kilometers. A 4 May earthquake [moment magnitude (Mw) 6.9] produced ~5 meters of fault slip. Lava erupted at rates exceeding 100 cubic meters per second, eventually covering 35.5 square kilometers. The summit magma system partially drained, producing minor explosions and near-daily collapses releasing energy equivalent to Mw 4.7 to 5.4 earthquakes. Activity declined rapidly on 4 August. Summit collapse and lava flow volume estimates are roughly equivalent{\textemdash}about 0.8 cubic kilometers. Careful historical observation and monitoring of Kilauea enabled successful forecasting of hazardous events.},
	issn = {0036-8075},
	URL = {https://science.sciencemag.org/content/363/6425/367},
	eprint = {https://science.sciencemag.org/content/363/6425/367.full.pdf},
	journal = {Science}
}


 @Manual{rstiefel,
    title = {rstiefel: Random Orthonormal Matrix Generation and Optimization on the
Stiefel Manifold},
    author = {Peter Hoff and Alexander Franks},
    year = {2019},
    note = {R package version 1.0.0},
    url = {https://CRAN.R-project.org/package=rstiefel},
  }
  
   @Manual{Kilauea_cost_2018,
    title = {Recovery from Kilauea eruption might cost \$800M},
    author = {Kevin Dayton},
    year = {2018},
      journal={Honolulu Star Adviser},
    note = {https://www.staradvertiser.com/2018/09/01/hawaii-news/recovery-from-kilauea-eruption-might-cost-800m/},
  }
@techreport{ewert20182018,
  title={2018 update to the US Geological Survey national volcanic threat assessment},
  author={Ewert, John W and Diefenbach, Angela K and Ramsey, David W},
  year={2018},
  institution={US Geological Survey}
}

@techreport{mangan2019california,
  title={California's exposure to volcanic hazards},
  author={Mangan, Margaret and Ball, Jessica and Wood, Nathan and Jones, Jamie L and Peters, Jeff and Abdollahian, Nina and Dinitz, Laura and Blankenheim, Sharon and Fenton, Johanna and Pridmore, Cynthia},
  year={2019},
  institution={US Geological Survey}
}

@book{evensen2009data,
  title={Data assimilation: the ensemble Kalman filter},
  author={Evensen, Geir},
  year={2009},
  publisher={Springer Science \& Business Media}
}

@inproceedings{simakov2019modernizing,
  title={Modernizing {T}itan2{D}, a Parallel {AMR} Geophysical Flow Code to Support Multiple Rheologies and Extendability},
  author={Simakov, Nikolay A and Jones-Ivey, Renette L and Akhavan-Safaei, Ali and Aghakhani, Hossein and Jones, Matthew D and Patra, Abani K},
  booktitle={International Conference on High Performance Computing},
  pages={101--112},
  year={2019},
  organization={Springer}
}

@article{li2021robust,
  title={Robust estimation of {SARS}-{C}o{V}-2 epidemic in US counties},
  author={Li, Hanmo and Gu, Mengyang},
  journal={Scientific reports},
  volume={11},
  number={1},
  pages={1--16},
  year={2021},
  publisher={Nature Publishing Group}
}



@article{maclean2020surrogate,
  title={A surrogate-based approach to nonlinear, non-{G}aussian joint state-parameter data assimilation},
  author={Maclean, John and Spiller, Elaine T},
  journal={arXiv preprint arXiv:2012.04793},
  year={2020}
}

@article{brajard2020combining,
  title={Combining data assimilation and machine learning to emulate a dynamical model from sparse and noisy observations: A case study with the {L}orenz 96 model},
  author={Brajard, Julien and Carrassi, Alberto and Bocquet, Marc and Bertino, Laurent},
  journal={Journal of Computational Science},
  volume={44},
  pages={101171},
  year={2020},
  publisher={Elsevier}
}

@article{edwards2021projected,
  title={Projected land ice contributions to twenty-first-century sea level rise},
  author={Edwards, Tamsin L and Nowicki, Sophie and Marzeion, Ben and Hock, Regine and Goelzer, Heiko and Seroussi, H{\'e}l{\`e}ne and Jourdain, Nicolas C and Slater, Donald A and Turner, Fiona E and Smith, Christopher J and others},
  journal={Nature},
  volume={593},
  number={7857},
  pages={74--82},
  year={2021},
  publisher={Nature Publishing Group}
}
@article{chang2022ice,
  title={Ice model calibration using semicontinuous spatial data},
  author={Chang, Won and Konomi, Bledar A and Karagiannis, Georgios and Guan, Yawen and Haran, Murali},
  journal={The Annals of Applied Statistics},
  volume={16},
  number={3},
  pages={1937--1961},
  year={2022},
  publisher={Institute of Mathematical Statistics}
}

@article{li2022efficient,
  title={Efficient force field and energy emulation through partition of permutationally equivalent atoms},
  author={Li, Hao and Zhou, Musen and Sebastian, Jessalyn and Wu, Jianzhong and Gu, Mengyang},
  journal={The Journal of Chemical Physics},
  volume={156},
  number={18},
  pages={184304},
  year={2022},
  publisher={AIP Publishing LLC}
}


@article{fang2022reliable,
  title={Reliable emulation of complex functionals by active learning with error control},
  author={Fang, Xinyi and Gu, Mengyang and Wu, Jianzhong},
  journal={The Journal of Chemical Physics},
  volume={157},
  number={21},
  pages={214109},
  year={2022},
  publisher={AIP Publishing LLC}
}

% Anderson
%author={Kyle Anderson, Ingrid A. Johanson, Matthew R. Patrick, Mengyang Gu, Paul Segall, Michael P. Poland, Emily K. Montgomery-Brown, and Asta Miklius },

@article{Pinel2014,
author = {Pinel, V. and Poland, M.P. and Hooper, a.},
doi = {10.1016/j.jvolgeores.2014.10.010},
issn = {03770273},
journal = {Journal of Volcanology and Geothermal Research},
keywords = {DEM,Deformation,Eruptive deposits,SAR,Volcanoes},
month = {nov},
pages = {81--113},
publisher = {Elsevier B.V.},
title = {{Volcanology: Lessons learned from Synthetic Aperture Radar imagery}},
url = {http://linkinghub.elsevier.com/retrieve/pii/S0377027314003084},
volume = {289},
year = {2014}
}

@article{Burgmann2000,
author = {B{\"{u}}rgmann, Roland and Rosen, Paul A and Fielding, Eric J},
doi = {10.1146/annurev.earth.28.1.169},
issn = {0084-6597},
journal = {Annual Review of Earth and Planetary Sciences},
keywords = {crustal deformation,earthquakes,land subsidence,remote sensing,topography,volcanoes},
month = {may},
number = {1},
pages = {169--209},
title = {{Synthetic Aperture Radar Interferometry to Measure Earth's Surface Topography and Its Deformation}},
url = {http://www.annualreviews.org/doi/10.1146/annurev.earth.28.1.169},
volume = {28},
year = {2000}
}

@article{Chen2001,
abstract = {Interferometric radar techniques often necessitate two-dimensional (2-D) phase unwrapping, defined here as the estimation of unambiguous phase data from a 2-D array known only modulo 2$\pi$ rad. We develop a maximum a posteriori probability (MAP) estimation approach for this problem, and we derive an algorithm that approximately maximizes the conditional probability of its phase-unwrapped solution given observable quantities such as wrapped phase, image intensity, and interferogram coherence. Examining topographic and differential interferometry separately, we derive simple, working models for the joint statistics of the estimated and the observed signals. We use generalized, nonlinear cost functions to reflect these probability relationships, and we employ nonlinear network-flow techniques to approximate MAP solutions. We apply our algorithm both to a topographic interferogram exhibiting rough terrain and layover and to a differential interferogram measuring the deformation from a large earthquake. The MAP solutions are complete and are more accurate than those of other tested algorithms.},
author = {Chen, Curtis W. and Zebker, Howard A.},
doi = {10.1364/JOSAA.18.000338},
isbn = {1520-8532},
issn = {1084-7529},
journal = {Journal of the Optical Society of America A},
number = {2},
pages = {338},
pmid = {11205980},
title = {{Two-dimensional phase unwrapping with use of statistical models for cost functions in nonlinear optimization}},
url = {https://www.osapublishing.org/abstract.cfm?URI=josaa-18-2-338},
volume = {18},
year = {2001}
}


@incollection{Gong2016,
author = {Gong, Wenyu and Lu, Zhong and Meyer, Franz},
booktitle = {Natural Hazard Uncertainty Assessment: Modeling and Decision Support, Geophysical Monograph 223},
chapter = {7},
doi = {10.1002/9781119028116.ch7},
editor = {Riley, Karin and Webley, Peter and Thompson, Matthew},

isbn = {9781119028116},
pages = {89--104},
publisher = {John Wiley {\&} Sons, Inc.},
title = {{Uncertainties in estimating magma source parameters from InSAR observation}},
url = {http://www.tandfonline.com/doi/full/10.1080/2150704X.2016.1187316 http://doi.wiley.com/10.1002/9781119028116.ch7},
year = {2016}
}


@article{Biggs2014,
author = {Biggs, J. and Ebmeier, S. K. and Aspinall, W. P. and Lu, Z. and Pritchard, M. E. and Sparks, R. S.J. and Mather, T. A.},
doi = {10.1038/ncomms4471},

issn = {20411723},
journal = {Nature Communications},
pmid = {24699342},
title = {{Global link between deformation and volcanic eruption quantified by satellite imagery}},
volume = {5},
year = {2014}
}

@article{Zebker1997,
author = {Zebker, Howard A. and Rosen, Paul A. and Hensley, Scott},
doi = {10.1029/96JB03804},

issn = {01480227},
journal = {Journal of Geophysical Research: Solid Earth},
keywords = {doi:10.1029/96JB03804,http://dx.doi.org/10.1029/96JB03804},
month = {apr},
number = {B4},
pages = {7547--7563},
title = {{Atmospheric effects in interferometric synthetic aperture radar surface deformation and topographic maps}},
url = {http://doi.wiley.com/10.1029/96JB03804},
volume = {102},
year = {1997}
}

@article{Lohman2005,
author = {Lohman, Rowena B. and Simons, Mark},
doi = {10.1029/2004GC000841},

issn = {15252027},
journal = {Geochemistry, Geophysics, Geosystems},
keywords = {1209 geodesy and gravity,1240 geodesy and gravity,1241 geodesy and gravity,6924,6929,6994,7215,7230,7240,7969,accepted 16 december 2004,correlated noise,index terms,insar,little skull mountain,published 25 january 2005,received 11 september 2004,results,revised 24 november 2004,satellite geodesy,technical issues,tectonic deformation},
mendeley-groups = {Reading list},
month = {Jan},
number = {1},
pages = {},
title = {{Some thoughts on the use of InSAR data to constrain models of surface deformation: Noise structure and data downsampling}},
url = {http://doi.wiley.com/10.1029/2004GC000841},
volume = {6},
year = {2005}
}

@article{Jonsson2002,
author = {Jonsson, Sigurjon and Zebker, Howard and Segall, Paul and Amelung, Falk},
doi = {10.1785/0120000922},

issn = {0037-1106},
journal = {Bulletin of the Seismological Society of America},
month = {may},
number = {4},
pages = {1377--1389},
title = {{Fault Slip Distribution of the 1999 Mw 7.1 Hector Mine, California, Earthquake, Estimated from Satellite Radar and GPS Measurements}},
url = {http://bssa.geoscienceworld.org/cgi/doi/10.1785/0120000922 https://pubs.geoscienceworld.org/bssa/article/92/4/1377-1389/120787},
volume = {92},
year = {2002}
}

@article{Wang2014,
abstract = {Downsampling is a routine step before applying interferometric synthetic aperture radar (InSAR) data to earthquake inversion because of the high computational burden. In this letter, we make use of the matrix perturbation theory to describe the downsampling process, which is considered as matrix perturbation on inversion equation. First, we derive a formula to quantitatively assess the perturbation on the inversion solution caused by data downsampling. Next, we propose an equation-based InSAR data downsampling algorithm to better reduce the perturbation. The experiment with simulated data demonstrates that our new algorithm preserves the most details from full data inversion comparing with previous algorithms. Finally, we use our method to study the slip distribution of the 2008 Mw 6.3 Dangxiong earthquake.},
author = {Wang, Chisheng and Ding, Xiaoli and Li, Qingquan and Jiang, Mi},
doi = {10.1109/LGRS.2014.2318775},

isbn = {2012101911114},
issn = {1545598X},
journal = {IEEE Geoscience and Remote Sensing Letters},
keywords = {Earthquake inversion,interferometric synthetic aperture radar (InSAR),quadtree downsampling,slip distribution},
number = {12},
pages = {2060--2064},
title = {{Equation-based InSAR data quadtree downsampling for earthquake slip distribution inversion}},
volume = {11},
year = {2014}
}

@article{Simons2002b,
abstract = {We use interferometric synthetic aperture radar (InSAR) and Global Positioning System (GPS) observations to Investigate static deformation due to the 1999 M-w 7.1 Hector Mine earthquake, that occurred in the eastern California shear zone. Interferometric decorrelation, phase, and azimuth offset measurements indicate regions of surface and near-surface slip, which we use to constrain the geometry of surface rupture. The inferred geometry is spatially complex, with multiple strands. The southern third of the rupture zone consists of three subparallel segments extending about 20 km in length in a N45degreesW direction. The central segment is the simplest, with a single strand crossing the Bullion Mountains and a strike of N10degreesW. The northern third of the rupture zone is characterized by multiple splays, with directions subparallel to strikes in the southern and central. The average strike for the entire rupture is about N30degreesW. The interferograms indicate significant along-strike variations in strain which are consistent with variations in the ground-based slip measurements. Using a variable resolution data sampling routine to reduce the computational burden, we invert the InSAR and GPS data for the fault geometry and distribution of slip. We compare results from assuming an elastic half-space and a layered elastic space. Results from these two elastic models are similar, although the layered-space model predicts more slip at depth than does the half-space model. The layered model predicts a maximum coseismic slip of more than 5 In at a depth of 3 to 6 km. Contrary to preliminary reports, the northern part of the Hector Mine rupture accommodates the maximum slip. Our model predictions for the surface fault offset and total seismic moment agree with both field mapping results and recent seismic models. The inferred shallow slip deficit is enigmatic and may suggest that distributed inelastic yielding occurred in the uppermost few kilometers of the crust during or soon after the earthquake.},
author = {Simons, Mark and Fialko, Yuri and Rivera, Luis},
doi = {10.1785/0120000933},

isbn = {0037-1106},
issn = {00371106},
journal = {Bulletin of the Seismological Society of America},
number = {4},
pages = {1390--1402},
title = {{Coseismic deformation from the 1999 Mw 7.1 Hector Mine, California, earthquake as inferred from InSAR and GPS observations}},
volume = {92},
year = {2002}
}


@article{Massonnet1995,
author = {Massonnet, Didier and Briole, Pierre and Arnaud, Alain},
doi = {10.1038/375567a0},

issn = {0028-0836},
journal = {Nature},
month = {jun},
number = {6532},
pages = {567--570},
title = {{Deflation of Mount Etna monitored by spaceborne radar interferometry}},
url = {http://www.nature.com/doifinder/10.1038/375567a0},
volume = {375},
year = {1995}
}

@article{Massonnet1993,
abstract = {The movements produced by the 1992 earthquake in Landers, California are mapped using SAR interferometry. An interferogram is constructed by combining topographic information with SAR images obtained by the ERS-1 satellite before and after the earthquake. It is shown that the observed changes in the range from the ground surface to the satellite agree well with the slip measured in the field, with the displacements measured by surveying, and with the results of Okada's (1985) elastic dislocation model. This interferogram provides a denser spatial sampling than surveying methods and a better precision than earlier space imaging techniques.},
author = {Massonnet, Didier and Rossi, Marc and Carmona, C{\'{e}}sar and Adragna, Fr{\'{e}}d{\'{e}}ric and Peltzer, Gilles and Feigl, Kurt and Rabaute, Thierry},
doi = {10.1038/364138a0},

isbn = {0028-0836},
issn = {0028-0836},
journal = {Nature},
number = {6433},
pages = {138--142},
pmid = {2989708},
title = {{The displacement field of the Landers earthquake mapped by radar interferometry}},
url = {http://www.nature.com/doifinder/10.1038/364138a0},
volume = {364},
year = {1993}
}


@article{Pritchard2002,
  title={Co-seismic slip from the 1995 July 30 M w= 8.1 Antofagasta, Chile, earthquake as constrained by InSAR and GPS observations},
  author={Pritchard, ME and Simons, M and Rosen, PA and Hensley, S and Webb, FH},
  journal={Geophysical Journal International},
  volume={150},
  number={2},
  pages={362--376},
  year={2002},
  publisher={Blackwell Publishing Ltd Oxford, UK}
}

@article{Biggs2017,
author = {Biggs, Juliet and Pritchard, Matthew E.},
doi = {10.2113/gselements.13.1.17},

issn = {1811-5209},
journal = {Elements},
month = {feb},
number = {1},
pages = {17--22},
title = {{Global Volcano Monitoring: What Does It Mean When Volcanoes Deform?}},
url = {http://elements.geoscienceworld.org/lookup/doi/10.2113/gselements.13.1.17},
volume = {13},
year = {2017}
}


@article{Dzurisin2003,
abstract = {[1] Since the 1980 eruption of {\{}M{\}}ount {\{}S{\}}t. {\{}H{\}}elens, volcanologists
have made considerable progress toward predicting eruptions on the
basis of precursors that typically start a few days to several months
in advance. Although accurate eruption prediction is by no means
routine, it may now be possible in some cases to extend the effective
warning period by anticipating the onset of short-term precursors.
Three promising indicators of deep magmatic processes are (1) deep,
long-period earthquakes and tremor that indicate the ascent of magma
through the crust, (2) magmatic CO2 emission rate as a proxy for
magma supply rate, and (3) relatively broad, generally aseismic surface
uplift caused by magmatic intrusions. In the latter case it is essential
to sample the deformation field thoroughly in both time and space
to adequately constrain source models. Until recently, this has been
nearly impossible because high-precision sensors could not be deployed
in sufficient numbers, nor could extensive geodetic surveys be conducted
often enough. Advances in instrumentation, interferometric synthetic
aperture radar (InSAR), and telecommunications are helping to overcome
these limitations. As a result, comprehensive geodetic monitoring
of selected volcanoes is now feasible. A combination of InSAR, large-aperture
GPS surveys, microgravity surveys, and dense arrays of continuous
GPS stations, strain meters, and tiltmeters can reveal both spatial
and temporal patterns of ground deformation throughout the eruption
cycle. Improved geodetic monitoring of many of the world's volcanoes
would be a major stride toward better understanding of magmatic processes
and longer-term eruption forecasts.},
author = {Dzurisin, D},

journal = {Reviews of Geophysics},
keywords = {volcano deformation,volcano geodesy,volcano moni},
number = {1},
title = {{A comprehensive approach to monitoring volcano deformation as a window on the eruption cycle}},
volume = {41},
year = {2003}
}

@article{Amelung2000,
abstract = {Volcanic uplift, caused by the accumulation of magma in subsurface reservoirs, is a common precursor to eruptions. But, for some volcanoes, uplift of metres or more has not yet led to an eruption. Here we present displacement maps of volcanoes in the Gal{\'{a}}pagos Islands, constructed using satellite radar interferometry, that might help explain this dichotomy. We show that all but one of the seven volcanoes on the islands of Isabela and Fernandina deformed during 1992-99. Cerro Azul and Fernandina erupted during the observation period and show evidence of inflation, co-eruptive deflation and shallow dyke intrusion. In contrast, the largest volcano, Sierra Negra, has not erupted, yet exhibits spatially and temporally variable deformation, with a maximum uplift of 2.7 m between 1992 and 1999, which can be modelled by a shallow inflating sill. Inflation during 1997-98, however, was accompanied by 'trapdoor' faulting on a steeply dipping fracture system within the caldera. Repeated trapdoor faulting over geological time has formed an arcuate intra-caldera ridge within Sierra Negra and may have acted to relax stresses above the magma chamber, inhibiting summit eruptions. Similar processes may help explain large uplift unaccompanied by eruptive activity at other volcanoes.},
author = {Amelung, F. and Jonsson, S. and Zebker, H. and Segall, P.},
doi = {10.1038/35039604},
isbn = {0028-0836},
issn = {00280836},
journal = {Nature},
number = {6807},
pages = {993--996},
pmid = {11069176},
title = {{Widespread uplift and 'trapdoor' faulting on Galapagos volcanoes observed with radar interferometry}},
volume = {407},
year = {2000}
}

@article{Wicks1998,
author = {{Wicks Jr.}, C.},
doi = {10.1126/science.282.5388.458},
journal = {Science},
month = {oct},
number = {5388},
pages = {458--462},
title = {{Migration of Fluids Beneath Yellowstone Caldera Inferred from Satellite Radar Interferometry}},
url = {http://www.jstor.org/stable/2897838 http://www.sciencemag.org/cgi/doi/10.1126/science.282.5388.458},
volume = {282},
year = {1998}
}


@article{Lu2007,
author = {Lu, Zhong},
doi = {10.14358/PERS.73.3.245},
issn = {00991112},
journal = {Photogrammetric Engineering and Remote Sensing},
number = {3},
pages = {245--257},
title = {{InSAR imaging of volcanic deformation over cloud-prone areas - Aleutian islands}},
url = {http://www.scopus.com/inward/record.url?eid=2-s2.0-33847186331{\&}partnerID=tZOtx3y1},
volume = {73},
year = {2007}
}

@article{Lu2010,
author = {Lu, Zhong and Dzurisin, Daniel and Biggs, Juliet and Wicks, Charles and McNutt, Steve},
doi = {10.1029/2009JB006969},
issn = {0148-0227},
journal = {Journal of Geophysical Research},
keywords = {doi:10.102,http://dx.doi.org/10.1029/2009JB006969},
month = {may},
number = {5},
pages = {B00B02},
title = {{Ground surface deformation patterns, magma supply, and magma storage at Okmok volcano, Alaska, from InSAR analysis: 1. Intereruption deformation, 1997--2008}},
url = {http://doi.wiley.com/10.1029/2009JB006969},
volume = {115},
year = {2010}
}


@article{Montgomery-Brown2010a,
author = {Montgomery-Brown, E. K. and Sinnett, D. K. and Poland, M. and Segall, P. and Orr, T. and Zebker, H. and Miklius, A.},
doi = {10.1029/2009JB006658},

issn = {0148-0227},
journal = {Journal of Geophysical Research},
mendeley-groups = {Hawaii},
month = {jul},
number = {B7},
pages = {B07405},
title = {{Geodetic evidence for en echelon dike emplacement and concurrent slow slip during the June 2007 intrusion and eruption at Kilauea volcano, Hawaii}},
url = {http://www.agu.org/pubs/crossref/2010/2009JB006658.shtml},
volume = {115},
year = {2010}
}


@article{Lundgren2013,
author = {Lundgren, Paul and Poland, Michael and Miklius, Asta and Orr, Tim and Yun, Sang-ho and Fielding, Eric and Liu, Zhen and Tanaka, Akiko and Szeliga, Walter and Hensley, Scott and Owen, Susan},
doi = {10.1002/jgrb.50108},
issn = {21699313},
journal = {Journal of Geophysical Research: Solid Earth},
mendeley-groups = {Kamoamoa},
month = {mar},
number = {3},
pages = {897--914},
title = {{Evolution of dike opening during the March 2011 Kamoamoa fissure eruption, Kilauea Volcano, Hawai`i}},
url = {http://onlinelibrary.wiley.com/doi/10.1002/jgrb.50108/abstract http://doi.wiley.com/10.1002/jgrb.50108},
volume = {118},
year = {2013}
}

@article{Baker2012,
author = {Baker, Scott and Amelung, Falk},
doi = {10.1029/2011JB009123},
isbn = {2156-2202},
issn = {01480227},
journal = {Journal of Geophysical Research B: Solid Earth},
keywords = {InSAR,Kilauea,eruption,intrusion,magma bodies},
number = {12},
pages = {1--14},
title = {{Top-down inflation and deflation at the summit of Klauea Volcano, Hawaii observed with InSAR}},
volume = {117},
year = {2012}
}

@article{Chen2014,
author = {Chen, Jingyi and Zebker, Howard a. and Segall, Paul and Miklius, Asta},
doi = {10.1002/2014JB011156},

issn = {21699313},
journal = {Journal of Geophysical Research: Solid Earth},
mendeley-groups = {Reading list},
month = {jul},
pages = {n/a--n/a},
title = {{The 2010 slow slip event and secular motion at Kilauea, Hawai`i inferred from TerraSAR-X InSAR data}},
url = {http://doi.wiley.com/10.1002/2014JB011156},
year = {2014}
}

@article{Hooper2012,
abstract = {Synthetic aperture radar (SAR) interferometry is a technique that permits remote detection of deformation at the Earth's surface, and has been used extensively to measure displacements associated with earthquakes, volcanic activity and many other crustal deformation phenomena. Analysis of a time series of SAR images extends the area where interferometry can be successfully applied, and also allows detection of smaller displacements, through the reduction of error sources. Here, we review recent advances in time series SAR interferometry methods that further improve accuracy. This is particularly important when constraining displacements due to processes with low strain rates, such as interseismic deformation. We include examples of improved algorithms applied to image deformation associated with the 2010 eruption of Eyjafjallaj{\"{o}}kull volcano in Iceland, slow slip on the Guerrero subduction zone in Mexico, and tectonic deformation in western Anatolia, Turkey. {\textcopyright} 2011 Elsevier B.V.},
author = {Hooper, Andrew and Bekaert, David and Spaans, Karsten and Arikan, Mahmut},
doi = {10.1016/j.tecto.2011.10.013},
isbn = {0040-1951},
issn = {00401951},
journal = {Tectonophysics},
keywords = {Crustal deformation,Eyjafjallaj{\"{o}}kull,Guerrero slow slip,PS-InSAR,Small baseline InSAR,Time series InSAR},
pages = {1--13},
title = {{Recent advances in SAR interferometry time series analysis for measuring crustal deformation}},
volume = {514-517},
year = {2012}
}

@article{Hooper2007,
author = {Hooper, Andrew and Segall, Paul and Zebker, Howard},
doi = {10.1029/2006JB004763},
journal = {Journal of Geophysical Research},
pages = {1--19},
title = {{Persistent Scatterer InSAR for Crustal Deformation Analysis, with Application to Volcan Alcedo, Galapagos}},
volume = {112},
year = {2007}
}

@article{Mogi1958,
author = {Mogi, K},

journal = {Bull. Earthquake Res. Inst. University of Tokyo},
pages = {99--134},
title = {{Relations between the eruptions of various volcanoes and the deformations of the ground surfaces around them}},
volume = {36},
year = {1958}
}

@incollection{Simons2007,
author = {Simons, M. and Rosen, P. A.},
booktitle = {Treatise on Geophysics},
doi = {10.1016/B978-0-12-386874-9.00010-5},

isbn = {9780123868749},
pages = {391--446},
publisher = {Elsevier Press},
title = {{Interferometric synthetic aperture radar geodesy}},
url = {http://ieeexplore.ieee.org/xpls/abs{\_}all.jsp?arnumber=1024984},
volume = {3},
year = {2007}
}

@article{Yang1988,
author = {Yang, Xue-Min M and Davis, Paul M. and Dieterich, James H.},
doi = {10.1029/JB093iB05p04249},

issn = {0148-0227},
journal = {Journal of Geophysical Research-Solid Earth and Planets},
number = {B5},
pages = {4249--4257},
title = {{Deformation from Inflation of a Dipping Finite Prolate Spheroid in an Elastic Half-Space as a Model for Volcanic Stressing}},
url = {http://doi.wiley.com/10.1029/JB093iB05p04249},
volume = {93},
year = {1988}
}

@article{Dieterich1975,
abstract = {Theoretical analyses of observed vertical and horizontal ground surface deformations near active volcanoes, particularly on Kilauea volcano in Hawaii, have led to useful estimates of the location and shape of subsurface magma reservoirs. One of the major shortcomings of the various existing elastic models is that they have very similar near-field vertical deformations and they do not explain observed differences between vertical and horizontal deformations. Finite element models appear to offer better fits between observed and computed data. Deformations were computed for idealized magma reservoirs of various shapes: spheres, horizontal lenses, vertical plugs, sills, and dikes of various inclinations. The measured surface deformations from the summit magma reservoir of Kilauea can be approximated by a group of vertical plugs whose tops come within I km of the surface; surface deformation of the lower east rift zone of Kilauea appears best explained as being produced by increased magma pressure in a 45 south-dipping dike whose top is about 1 km below the surface},
author = {Dieterich, J. H. and Decker, R. W.},
doi = {10.1029/JB080i029p04094},

issn = {01480227},
journal = {J. Geophys. Res.},
keywords = {http://dx.doi.org/10.1029/JB080i029p04094, doi:10.1029/JB080i029p04094},
number = {29},
pages = {4094--4101},
title = {{Finite element modeling of surface deformation associated with volcanism}},
volume = {80},
year = {1975}
}

@article{Montgomery-Brown2015a,
author = {Montgomery-Brown, E. K. and Wicks, C. W. and Cervelli, P. F. and Langbein, J. O. and Svarc, J. L. and Shelly, D. R. and Hill, D. P. and Lisowski, M.},
doi = {10.1002/2015GL064338},
issn = {19448007},
journal = {Geophysical Research Letters},
keywords = {GPS,InSAR,Long Valley,caldera deformation,geodesy},
number = {13},
pages = {5250--5257},
title = {{Renewed inflation of Long Valley Caldera, California (2011 to 2014)}},
volume = {42},
year = {2015}
}

@article{Sudhaus2009,
author = {Sudhaus, Henriette and J{\'{o}}nsson, Sigurj{\'{o}}n},
doi = {10.1111/j.1365-246X.2008.03989.x},
issn = {0956540X},
journal = {Geophysical Journal International},
keywords = {earthquake source observations,radar interferometry},
month = {feb},
number = {2},
pages = {389--404},
title = {{Improved source modelling through combined use of InSAR and GPS under consideration of correlated data errors: application to the June 2000 Kleifarvatn earthquake, Iceland}},
url = {http://gji.oxfordjournals.org/cgi/doi/10.1111/j.1365-246X.2008.03989.x},
volume = {176},
year = {2009}
}

@article{Anderson2011,
author = {Anderson, Kyle and Segall, Paul},
title = {Physics-based models of ground deformation and extrusion rate at effusively erupting volcanoes},
journal = {Journal of Geophysical Research: Solid Earth},
volume = {116},
number = {B7},
pages = {},
keywords = {deformation, effusive, extrusion, friction, model, volcano},
doi = {10.1029/2010JB007939},
url = {https://agupubs.onlinelibrary.wiley.com/doi/abs/10.1029/2010JB007939},
eprint = {https://agupubs.onlinelibrary.wiley.com/doi/pdf/10.1029/2010JB007939},
year = {2011}
}

@article{Pritchard2006,
author = {Pritchard, M. E. and Ji, C. and Simons, M.},
title = {Distribution of slip from 11 Mw > 6 earthquakes in the northern Chile subduction zone},
journal = {Journal of Geophysical Research: Solid Earth},
volume = {111},
number = {B10},
pages = {},
keywords = {earthquakes, Chile, joint inversion},
doi = {10.1029/2005JB004013},
url = {https://agupubs.onlinelibrary.wiley.com/doi/abs/10.1029/2005JB004013},
eprint = {https://agupubs.onlinelibrary.wiley.com/doi/pdf/10.1029/2005JB004013},
year = {2006}
}

@article{Knospe2010,
  title={Covariance estimation for dInSAR surface deformation measurements in the presence of anisotropic atmospheric noise},
  author={Knospe, Steffen and Jonsson, Sigurjon},
  journal={IEEE Transactions on Geoscience and Remote Sensing},
  volume={48},
  number={4},
  pages={2057--2065},
  year={2010},
  publisher={IEEE}
}

@article{2013AGUFM.V44C..06C,
   author = {{Cervelli}, P.~F.},
    title = {Analytical Expressions for Deformation from an Arbitrarily Oriented Spheroid in a Half-Space},
  journal = {AGU Fall Meeting Abstracts},
 keywords = {8439 VOLCANOLOGY Physics and chemistry of magma bodies, 1211 GEODESY AND GRAVITY Non-tectonic deformation, 1294 GEODESY AND GRAVITY Instruments and techniques, 8494 VOLCANOLOGY Instruments and techniques},
     year = 2013,
    month = dec,
      eid = {V44C-06},
    pages = {V44C-06},
   adsurl = {https://ui.adsabs.harvard.edu/abs/2013AGUFM.V44C..06C},
  adsnote = {Provided by the SAO/NASA Astrophysics Data System}
}

@incollection{Poland2014b,
author = {Poland, Michael P and Miklius, Asta and Montgomery-Brown, Emily K},
booktitle = {Characteristics of Hawaiian Volcanoes},
chapter = {5},
editor = {Poland, Michael P and Takahashi, T. J. and Landowski, Claire M.},
pages = {179--234},
publisher = {U.S. Geological Survey Professional Paper 1801},
title = {{Magma Supply, Storage, and Transport at Shield-Stage Hawaiian Volcanoes}},
year = {2014}
}

@incollection{Anderson2015,
author = {Anderson, Kyle R and Poland, Michael P and Johnson, Jessica H and Miklius, Asta},
booktitle = {Hawaiian volcanoes, from source to surface},
chapter = {11},
doi = {10.1002/9781118872079.ch11},
editor = {Carey, R. J. and Poland, M.P. and Cayol, V. and Weis, D.},
pages = {229--250},
publisher = {AGU Geophysical Monograph 208},
title = {{Episodic deflation-inflation events at Kilauea Volcano and implications for the shallow magma system}},
year = {2015}
}


@inproceedings{wilson2015kernel,
  title={Kernel interpolation for scalable structured Gaussian processes (KISS-GP)},
  author={Wilson, Andrew and Nickisch, Hannes},
  booktitle={International Conference on Machine Learning},
  pages={1775--1784},
  year={2015}
}
@article{Foster2006,
  title={Mitigating atmospheric noise for InSAR using a high resolution weather model},
  author={Foster, J and Brooks, B and Cherubini, T and Shacat, C and Businger, S and Werner, CL},
  journal={Geophysical Research Letters},
  volume={33},
  number={16},
  year={2006},
  publisher={Wiley Online Library}
}

