@Manual{,
  title = {HDSpatialScan: Multivariate and Functional Spatial Scan Statistics},
  author = {FREVENT Camille and AHMED Mohamed-Salem and SOULA Julien and SMIDA Zaineb and CUCALA Lionel and DABO-NIANG Sophie and GENIN Michaël},
  year = {2022},
  url = {https://CRAN.R-project.org/package=HDSpatialScan}
}

@Manual{rsatscan,
title = {rsatscan: Tools, Classes, and Methods for Interfacing with SaTScan Stand-Alone Software},
author = {Ken Kleinman},
year = {2015},
url = {https://CRAN.R-project.org/package=rsatscan }
}

@Manual{SpatialEpi,
title = {SpatialEpi: Methods and Data for Spatial Epidemiology},
author = {Cici Chen and Albert Y. Kim and Michelle Ross and Jon Wakefield},
year = {2018},
url = { https://CRAN.R-project.org/package=SpatialEpi  }
}

@article{spatialepiapp1,
title = {{SpatialEpiApp}: {A Shiny Web Application for the Analysis of Spatial and Spatio-Temporal Disease Data}},
author = {Paula Moraga},
year = {2017},
url = {https://doi.org/10.1016/j.sste.2017.08.001},
journal = {Spatial and Spatio-temporal Epidemiology},
volume = {23}
}

@Manual{SpatialEpiApp,
title = {SpatialEpiApp: A Shiny Web Application for the Analysis of Spatial and Spatio-Temporal Disease Data},
author = {Paula Moraga},
year = {2017},
url = {https://CRAN.R-project.org/package=SpatialEpiApp}
}

@Manual{rflexscan,
title = {rflexscan: The Flexible Spatial Scan Statistic},
author = {T. Otani and K. Takahashi},
year = {2021},
url = { https://CRAN.R-project.org/package=rflexscan }
}

@Manual{graphscan,
title = {graphscan: Cluster Detection with Hypothesis Free Scan Statistic},
author = {Robin Loche and Benoit Giron and David Abrial and Lionel Cucala and Myriam CharrasGarrido and Jocelyn De-Goer},
year = {2016},
url = { https://CRAN.R-project.org/package=graphscan }
}

@article{functional_outlying,
Author = {Wenlin Dai and Marc G. Genton},
url = {https://doi.org/10.1016/j.csda.2018.03.017},
Issn = {0167-9473},
Journal = {Computational Statistics \& Data Analysis},
Pages = {50-65},
Publisher = {Elsevier BV},
Title = {Directional Outlyingness for Multivariate Functional Data},
Volume = {131},
Year = {2019}}

@article{wilco,
Author = {Anirvan Chakraborty and Probal Chaudhuri},
url = {https://doi.org/10.1093/biomet/asu072},
Journal = {Biometrika},
Title = {A {Wilcoxon-Mann-Whitney} Type Test for Infinite Dimensional Data},
Volume = {102},
Year = {2014}}

@article{dwass,
Author = {Meyer Dwass},
url = {https://doi.org/10.1214/aoms/1177707045},
Journal = {The Annals of Mathematical Statistics},
Number = {1},
Pages = {181-187},
Title = {Modified Randomization Tests for Nonparametric Hypotheses},
Volume = {28},
Year = {1957}}

@article{spatialscanstat,
Author = {Martin Kulldorff},
url = {https://doi.org/10.1080/03610929708831995},
Journal = {Communications in Statistics - Theory and Methods},
Pages = {1481-1496},
Title = {A Spatial Scan Statistic},
Volume = {26},
Year = {1997}}

@article{spatialdisease,
Author = {Martin Kulldorff and Neville Nagarwalla},
url = {https://doi.org/10.1002/sim.4780140809},
Journal = {Statistics in Medicine},
Number = {8},
Pages = {799-810},
Title = {Spatial Disease Clusters: {Detection} and Inference},
Volume = {14},
Year = {1995}}



@article{elliptic,
Author = {Martin Kulldorff and Lan Huang and Linda Pickle and Luiz Duczmal},
url = {https://doi.org/10.1002/sim.2490},
Journal = {Statistics in Medicine},
Pages = {3929-3943},
Title = {An Elliptic Spatial Scan Statistic},
Volume = {25},
Year = {2006}}

@article{wilco_cucala,
  title={A {Wilcoxon-Mann-Whitney} spatial scan statistic for functional data},
  author={Smida, Zaineb and Cucala, Lionel and Gannoun, Ali and Durif, Ghislain},
  journal={Computational Statistics \& Data Analysis},
  pages={107378},
  year={2022},
  url={https://doi.org/10.1016/j.csda.2021.107378},
  volume = {167},
  publisher={Elsevier}
}

@article{spacetimekulldorff,
Author = {Martin Kulldorff and Richard Heffernan and Jessica Hartman and Renato Assunç{\c c}{\~a}o and Farzad Mostashari},
url = {
https://doi.org/10.1371/journal.pmed.0020059},
Journal = {PLoS Medicine},
Number = {3},
Title = {A Space-Time Permutation Scan Statistic for Disease Outbreak Detection},
Volume = {2},
Year = {2005}}

@article{kulldorffmulti,
Author = {Martin Kulldorff and Farzad Mostashari and Luiz Duczmal and W Katherine Yih and Ken Kleinman and Richard Platt},
url = {https://doi.org/10.1002/sim.2818},
Journal = {Statistics in Medicine},
Pages = {1824-1833},
Title = {Multivariate Scan Statistics for Disease Surveillance},
Volume = {26},
Year = {2007}}

@article{manovafonctional,
Author = {Tomasz G{\'o}recki and {\L}ukasz Smaga},
url = {https://doi.org/10.1080/02664763.2016.1247791},
Journal = {Journal of Applied Statistics},
Number = {12},
Pages = {2172-2189},
Title = {Multivariate Analysis of Variance for Functional Data},
Volume = {44},
Year = {2017}}



@article{cucala_graph,
Author = {Lionel Cucala and Christophe Demattei and Paulo Lopes and Andre Ribeiro},
url = {https://doi.org/10.1007/s00180-012-0304-6},
Journal = {Computational Statistics},
Pages = {357-369},
Title = {A Spatial Scan Statistic for Case Event Data Based on Connected Components},
Volume = {28},
Year = {2013}}

@article{cressie,
Author = {Noel Cressie},
Journal = {Journal of Applied Probability},
Pages = {272-283},
Title = {On Some Properties of the Scan Statistic on the Circle and the Line},
url = {https://doi.org/10.2307/3212998},
Volume = {14},
Year = {1977}}

@incollection{rectangular,
Author = {Jie Chen and Joseph Glaz},
title = {Approximations for Two-Dimensional Variable Window Scan Statistics},
url = {https://doi.org/10.1007/978-0-8176-4749-0_5},
Editor = {Glaz, Joseph and Pozdnyakov, Vladimir and Wallenstein, Sylvan},
Pages = {109 - 128},
Publisher = {Birkh{\"a}user Boston},
booktitle = {Scan Statistics},
Year = {2009}}

@article{fpc_boente,
Author = {Graciela Boente and Ricardo Fraiman},
url = {https://doi.org/10.1016/S0167-7152(00)00014-6},
Journal = {Statistics \& Probability Letters},
Pages = {335-345},
Title = {Kernel-Based Functional Principal Components},
Volume = {48},
Year = {2000}}

@article{fpc_berrendero,
Author = {J.R. Berrendero and Ana Justel and Marcela Svarc},
url = {https://doi.org/10.1016/j.csda.2011.03.011},
Journal = {Computational Statistics \& Data Analysis},
Pages = {2619-2634},
Title = {Principal Components for Multivariate Functional Data},
Volume = {55},
Year = {2011}}

@article{reg_cuevas,
Author = {Antonio Cuevas and Manuel Febrero-Bande and Ricardo Fraiman},
url = {https://doi.org/10.2307/3315952},
Journal = {The Canadian Journal of Statistics},
Pages = {285-300},
Title = {Linear Functional Regression: {The} Case of Fixed Design and Functional Response},
Volume = {30},
Year = {2002}}

@article{reg_ferraty,
Author = {Frederic Ferraty and Philippe Vieu},
url = {https://doi.org/10.1007/s001800200126},
Journal = {Computational Statistics},
Pages = {545-564},
Title = {The Functional Nonparametric Model and Application to Spectrometric Data},
Volume = {17},
Year = {2002}}

@article{reg_chiou,
Author = {Jeng-Min Chiou and Hans-Georg M{\"u}ller},
url = {https://doi.org/10.1016/j.csda.2006.07.042},
Journal = {Computational Statistics \& Data Analysis},
Month = {06},
Pages = {4849-4863},
Title = {Diagnostics for Functional Regression via Residual Processes},
Volume = {15},
Year = {2007}}

@article{normalkulldorff,
Author = {Martin Kulldorff and Lan Huang and Kevin Konty},
url = {https://doi.org/10.1186/1476-072X-8-58},
Journal = {International Journal of Health Geographics},
Number = {58},
Title = {A Scan Statistic for Continuous Data Based on the Normal Probability Model},
Volume = {8},
Year = {2009}}

@article{a_multivariate_gaussian,
Author = {Lionel Cucala and Michael Genin and Caroline Lanier and Florent Occelli},
url = {https://doi.org/10.1016/j.spasta.2017.06.001},
Journal = {Spatial Statistics},
Pages = {66-74},
Title = {A Multivariate {Gaussian} Scan Statistic for Spatial Data},
Volume = {21},
Year = {2017}}


@phdthesis{Naus_thesis,
author = {Joseph Irwin Naus}, 
title = {Clustering of Random Points in Line and Plane}, 
school = {Rutgers University, New Brunswick	}, 
year = {1963}
}

@article{bhatt2014spatial,
Author = {Vijaya Bhatt and Neeraj Tiwari},
Journal = {Statistics in medicine},
Number = {11},
Pages = {1867-1876},
Publisher = {Wiley Online Library},
Title = {A Spatial Scan Statistic for Survival Data Based on {Weibull} Distribution},
url = {https://doi.org/10.1002/sim.6075},
Volume = {33},
Year = {2014}}

@article{huang2007spatial,
Author = {Lan Huang and Martin Kulldorff and David Gregorio},
Journal = {Biometrics},
Number = {1},
Pages = {109-118},
Publisher = {Wiley Online Library},
Title = {A Spatial Scan Statistic for Survival Data},
Volume = {63},
url = {https://doi.org/10.1111/j.1541-0420.2006.00661.x},
Year = {2007}}

@article{genin2020fine,
Author = {Micha{\"e}l Genin and Mathurin Fumery and Florent Occelli and Guillaume Savoye and Benjamin Pariente and Luc Dauchet and Jonathan Giovannelli and C{\'e}cile Vignal and Mathilde Body-Malapel and H{\'e}l{\`e}ne Sarter and others},
Journal = {Alimentary Pharmacology \& Therapeutics},
Number = {1},
Pages = {139-148},
Publisher = {Wiley Online Library},
Title = {Fine-Scale Geographical Distribution and Ecological Risk Factors for {Crohn's} Disease in {France} (2007-2014)},
url = {https://doi.org/10.1111/apt.15512},
Volume = {51},
Year = {2020}}
	
@article{jung2007spatial,
Author = {Inkyung Jung and Martin Kulldorff and Ann C Klassen},
Journal = {Statistics in Medicine},
Number = {7},
Pages = {1594-1607},
Publisher = {Wiley Online Library},
Title = {A Spatial Scan Statistic for Ordinal Data},
url = {https://doi.org/10.1002/sim.2607},
Volume = {26},
Year = {2007}}

@inbook{epidemio1,
Author = {Martin Kulldorff},
url = {https://doi.org/10.1007/978-1-4612-1578-3_14},
publisher = {Birkhäuser, Boston, MA},
Journal = {Recent Advances on Scan Statistics and Applications},
Pages = {303-322},
Title = {Spatial Scan Statistics: {Models,} Calculations, and Applications},
Year = {1999}}

@article{epidemio2,
Author = {Francisco Luquero and Cunhate Banga and Daniel Remart{\'\i}nez and Pedro Pablo Palma Urrutia and Emanuel Baron and Rebecca Grais},
url = {
https://doi.org/10.1371/journal.pone.0019005},
Journal = {PloS One},
Title = {Cholera Epidemic in {Guinea-Bissau} (2008): {The} Importance of "Place"},
Volume = {6},
Year = {2011}}

@article{social1,
Author = {Dustin Duncan and Michael Rienti and Martin Kulldorff and Jared Aldstadt and Marcia Castro and Rochelle Frounfelker and James Williams and Glorian Sorensen and Renee Johnson and David Hemenway and David Williams},
url = {https://doi.org/10.3109/00952990.2016.1151522},
Journal = {The American Journal of Drug and Alcohol Abuse},
Number = {4},
Pages = {412-421},
Title = {Local Spatial Clustering in Youths' Use of Tobacco, Alcohol, and Marijuana in Boston},
Volume = {42},
Year = {2016}}

@article{social2,
Author = {Shanley Chong and Michael Nelson and Roy Byun and Liz Harris and John Eastwood and Bin Jalaludin},
url = {https://doi.org/10.1186/1476-072X-12-46},
Journal = {International Journal of Health Geographics},
Number = {46},
Title = {Geospatial Analyses to Identify Clusters of Adverse Antenatal Factors for Targeted Interventions},
Volume = {12},
Year = {2013}}

@article{geology,
Author = {Jie Gao and Zhijie Zhang and Yi Hu and Jianchao Bian and Wen Jiang and Xiaoming Wang and Liqian Sun and Qingwu Jiang},
url = {https://doi.org/10.3390/ijerph110505431},
Journal = {International Journal of Environmental Research and Public Health},
Number = {5},
Pages = {5431-5444},
Title = {Geographical Distribution Patterns of Iodine in Drinking-Water and Its Associations with Geological Factors in {Shandong} Province, {China}},
Volume = {11},
Year = {2014}}

@article{local_functional,
author = {Karim Benhenni and Frederic Ferraty and Mustapha Rachdi and Philippe Vieu},
year = {2007},
month = {02},
pages = {353-369},
title = {Local Smoothing Regression with Functional Data},
volume = {22},
journal = {Computational Statistics},
url = {https://doi.org/10.1007/s00180-007-0045-0}
}

@article{reduce_cluster_size,
author = {Peter Donnan and John Parratt and Sally Wilson and Raeburn Forbes and Jonathan O'Riordan  and Robert Swingler},
year = {2005},
month = {09},
pages = {403-8},
title = {Multiple Sclerosis in Tayside, Scotland: {Detection} of Clusters Using a Spatial Scan Statistic},
volume = {11},
journal = {Multiple Sclerosis Journal},
url = {https://doi.org/10.1191/1352458505ms1191oa}
}

@article{clustering_multi,
author = {Julien Jacques and Cristian Preda},
year = {2014},
month = {03},
pages = {92–106},
title = {Model-Based Clustering for Multivariate Functional Data},
volume = {71},
journal = {Computational Statistics \& Data Analysis},
url = {https://doi.org/10.1016/j.csda.2012.12.004}
}


@article{oja,
author = {Hannu Oja and Ronald H. Randles},
year = {2004},
month = {11},
pages = {598–605},
title = {Multivariate Nonparametric Tests},
volume = {18},
number = {4},
journal = {Statistical Science},
url = {https://doi.org/10.1214/088342304000000558}
}

@book{ramsaylivre,
  title={Functional Data Analysis},
  author={JO Ramsay and BW Silverman},
  year={2005},
  publisher={Springer-Verlag},
  series = {Springer Series in Statistics}
}

@article{notre_fonctionnel,
  title={Detecting spatial clusters in functional data: {New} scan statistic approaches},
  author={Fr{\'e}vent, Camille and Ahmed, Mohamed-Salem and Marbac, Matthieu and Genin, Micha{\"e}l},
  journal={Spatial Statistics},
  pages={100550},
  year={2021a},
  url={https://doi.org/10.1016/j.spasta.2021.100550},
  publisher={Elsevier}
}

@unpublished{notre_fonctionnel1,
Author = {Camille Frévent and Mohamed-Salem Ahmed and Sophie Dabo-Niang and Michaël Genin},
Doi = {},
Journal = {},
Month = {},
Pages = {},
Title = {Investigating Spatial Scan Statistics for Multivariate Functional Data},
note = {arXiv:2103.14401v1},
Volume = {},
Year = {2021b}}


@article{puissance_etendue,
author = {Kunihiko Takahashi and Toshiro Tango},
year = {2006},
month = {03},
pages = {841-852},
title = {An Extended Power of Cluster Detection Tests},
volume = {25},
journal = {Statistics in Medicine},
url = {https://doi.org/10.1002/sim.2419}
}

@article{biv_power,
author = {Kunihiko Takahashi and Toshiro Tango},
year = {2005},
month = {05},
title = {A Flexibly Shaped Spatial Scan Statistic for Detecting Clusters},
volume = {4},
number = {11},
journal = {International Journal of Health Geographics},
url = {https://doi.org/10.1186/1476-072X-4-11}
}

@article{nonparam_multi,
author = {Lionel Cucala and Micha{\"e}l Genin and Florent Occelli and Julien Soula},
journal = {Spatial statistics},
pages = {1-14},
publisher = {Elsevier},
title = {A Multivariate Nonparametric Scan Statistic for Spatial Data},
url = {https://doi.org/10.1016/j.spasta.2018.10.002},
volume = {29},
year = {2019}}
	
@article{comparisonanova,
author = {Tomasz G{\'o}recki and {\L}ukasz Smaga },
url = {https://doi.org/10.1007/s00180-015-0555-0},
journal = {Computational Statistics},
pages = {987-1010},
title = {A Comparison of Tests for the One-Way {ANOVA} Problem for Functional Data},
volume = {30},
year = {2015}}

@article{anova_functional,
author = {Antonio Cuevas and Manuel Febrero-Bande and Ricardo Fraiman},
url = {https://doi.org/10.1016/j.csda.2003.10.021},
journal = {Computational Statistics \& Data Analysis},
pages = {111-122},
title = {An {ANOVA} Test for Functional Data},
volume = {47},
year = {2004}}



@article{a_distribution_free,
author = {Lionel Cucala},
url = {https://doi.org/10.1016/j.spasta.2014.03.004},
journal = {Spatial Statistics},
pages = {117-125},
title = {A Distribution-Free Spatial Scan Statistic for Marked Point Processes},
volume = {10},
year = {2014}}
	
@article{hd_manova,
author = {Lin, Zhenhua and Lopes, Miles E. and Müller, Hans-Georg},
journal = {Journal of the American Statistical Association},
pages = {},
publisher={Taylor \& Francis},
title = {High-dimensional {MANOVA} via Bootstrapping and its Application to Functional and Sparse Count Data},
volume = {},
url = {https://doi.org/10.1080/01621459.2021.1920959},
year = {2021}}
	
@article{two_s,
Author = {Zhiping Qiu and Jianwei Chen and Jin-Ting Zhang },
Journal = {Computational Statistics \& Data Analysis},
Number = {},
Pages = {},
Publisher = {},
Title = {Two-Sample Tests for Multivariate Functional Data with Applications},
Volume = {157},
url = {https://doi.org/10.1016/j.csda.2020.107160},
Year = {2021}}

@article{space-time,
author = {M. Kulldorff and WF  Athas and EJ Feurer and BA Miller and CR Key},
journal = {The American Journal of Public Health},
pages = {1377-1380},
volume = {88},
number = {9},
title = {Evaluating Cluster Alarms: {A} Space-Time Scan Statistic and Brain Cancer in {Los Alamos}, {New Mexico}},
year = {1998},
url = {https://doi.org/10.2105/AJPH.88.9.1377}}
	

@article{tree,
author = {Martin Kulldorff and Zixing Fang and Stephen J. Walsh},
journal = {Biometrics},
pages = {323-331},
volume = {59},
number = {2},
title = {A Tree-Based Scan Statistic for Database Disease Surveillance},
url = {https://doi.org/10.1111/1541-0420.00039},
year = {2003},
publisher = {International Biometric Society}}



@Manual{clusterseer1,
title = {ClusterSeer: Software for the Detection and Analysis of Event Clusters, User Manual Book 1, Version~2.5},
author = {D. Greiling and L. Estberg and A. Long and G. Jacquez},
year = {2012},
publisher = {BioMedware}
}

@Manual{clusterseer2,
title = {ClusterSeer: Software for the Detection and Analysis of Event Clusters, User Manual Book 2, Version~2.5},
author = {H. Durbeck and D. Greiling and L. Estberg and A. Long and G. Jacquez and Y. Pallicaris and S. Hinton},
year = {2012},
publisher = {BioMedware}
}

@Manual{satscan,
title = {{SaTScan} User Guide for Version~9.7},
author = {Martin Kulldorff},
year = {2021},
url = {https://www.satscan.org/}
}

@Manual{treescan,
title = {{TreeScan} User Guide},
author = {Martin Kulldorff},
year = {2018},
url = {https://www.treescan.org/}
}

@Manual{flexscan,
title = {{FleXScan} v~3.1: Software for the Flexible Scan Statistic},
author = {Kunihiko Takahashi and Tetsuji Yokoyama and Toshiro Tango},
year = {2010}
}

@Manual{fda,
title = {fda: Functional Data Analysis
},
author = {J. O. Ramsay and Spencer Graves and Giles Hooker},
year = {2020},
url = { https://CRAN.R-project.org/package=fda }
}

@Manual{proj4,
title = {PROJ coordinate transformation software library},
author = {{PROJ contributors}},
organization = {Open Source Geospatial Foundation},
year = {2021},
url = {https://proj.org/},
}


@Manual{scanstatisticsman,
title = {scanstatistics: Space-Time Anomaly Detection using Scan Statistics
},
author = {Benjamin Allévius},
year = {2018},
url = {https://CRAN.R-project.org/package=scanstatistics},
}


@article{scanstatistics,
title = {scanstatistics: {Space-Time} Anomaly Detection using Scan Statistics},
author = {Benjamin Allévius},
year = {2018},
url = {https://doi.org/10.21105/joss.00515},
volume = {3},
journal = {Journal of Open Source Software}
}

@article{spatclus,
title = {{SPATCLUS: An} {R} Package for Arbitrarily Shaped Multiple Spatial Cluster Detection for Case Event Data},
journal = {Computer Methods and Programs in Biomedicine},
volume = {84},
number = {1},
pages = {42-49},
year = {2006},
issn = {0169-2607},
url = {https://doi.org/10.1016/j.cmpb.2006.07.008},
author = {Christophe Dematteï and Nicolas Molinari and Jean-Pierre Daurès}
}



@article{A_nonparametric_spatial,
author = {Inkyung Jung and Ho Jin Cho},
year = {2015},
title = {A Nonparametric Spatial Scan Statistic for Continuous Data},
volume = {14},
journal = {International Journal of Health Geographics},
url = {https://doi.org/10.1186/s12942-015-0024-6}
}

@article{cucala2016mann,
  title={{A Mann-Whitney} scan statistic for continuous data},
  author={Cucala, Lionel},
  journal={Communications in Statistics-Theory and Methods},
  volume={45},
  number={2},
  pages={321-329},
  url={https://doi.org/10.1080/03610926.2013.806667},
  year={2016},
  publisher={Taylor \& Francis}
}

@article{cucala2013spatial,
  title={A spatial scan statistic for case event data based on connected components},
  author={Cucala, Lionel and Demattei, Christophe and Lopes, Paulo and Ribeiro, Andre},
  journal={Computational Statistics},
  volume={28},
  number={1},
  pages={357--369},
  year={2013},
  url={https://doi.org/10.1007/s00180-012-0304-6},
  publisher={Springer}
}



@Manual{DCluster,
title = {DCluster: Functions for the Detection of Spatial Clusters of Diseases
},
author = {Virgilio Gómez-Rubio and Juan Ferrándiz-Ferragud and Antonio López-Quílez},
year = {2015},
url = {  https://CRAN.R-project.org/package=DCluster }
}

@Manual{DClusterm,
title = {DClusterm: Model-Based Detection of Disease Clusters
},
author = {Virgilio Gomez-Rubio and Paula Esther Moraga Serrano and Barry Rowlingson
},
year = {2020},
url = { https://CRAN.R-project.org/package=DClusterm }
}

@article{JSSv090i14,
 title={{DClusterm}: {Model-}Based Detection of Disease Clusters},
 volume={90},
 url={https://doi.org/10.18637/jss.v090.i14},
 number={14},
 journal={Journal of Statistical Software},
 author={Virgilio Gómez-Rubio and Paula Moraga and John Molitor and Barry Rowlingson},
 year={2019},
 pages={1–26}
}


@article{khan2021geographic,
  title={Geographic disparities and temporal changes of diabetes prevalence and diabetes self-management education program participation in {Florida}},
  author={Md Marufuzzaman Khan and Shamarial Roberson and Keshia Reid and Melissa Jordan and Agricola Odoi},
  journal={Plos one},
  volume={16},
  number={7},
  year={2021},
  url={https://doi.org/10.1371/journal.pone.0254579},
  publisher={Public Library of Science San Francisco, CA USA}
}

@article{marciano2018epidemiological,
  title={Epidemiological and geographical characterization of leprosy in a {Brazilian} hyperendemic municipality},
  author={Lucia Helena Soares Camargo Marciano and Andr{\'e}a de Faria Fernandes Belone and Patr{\'\i}cia Sammarco Rosa and Neusa Maria Broch Coelho and C{\'a}ssio C{\'e}sar Ghidella and Susilene Maria Tonelli Nardi and William Cabral Miranda and Ligia Vizeu Barrozo and Joel Carlos Last{\'o}ria},
  journal={Cadernos de saude publica},
  volume={34},
  year={2018},
  url={https://doi.org/10.1590/0102-311X00197216 },
  publisher={SciELO Brasil}
}


@article{sudakin2002regional,
  title={Regional variation in the incidence of symptomatic pesticide exposures: {Applications} of geographic information systems},
  author={Daniel L Sudakin and Zane Horowitz and Sandy Giffin},
  journal={Journal of Toxicology: Clinical Toxicology},
  volume={40},
  number={6},
  pages={767--773},
  year={2002},
  publisher={Taylor \& Francis},
  url={https://doi.org/10.1081/CLT-120015837}
}

@article{shi2021spatial,
  title={Spatial and temporal variations of $\text{PM}_{2.5}$ concentrations in {Chinese} cities during 2015-2019},
  author={Shi, Guiqian and Liu, Jiaxiu and Zhong, Xiaoni},
  journal={International Journal of Environmental Health Research},
  pages={1--13},
  year={2021},
  publisher={Taylor \& Francis},
  url={https://doi.org/10.1080/09603123.2021.1987394}
}

@article{wan2020industrial,
  title={Industrial pollution areas detection and location via satellite-based {IIoT}},
  author={Wan, Liangtian and Sun, Yuchen and Lee, Ivan and Zhao, Wenhong and Xia, Feng},
  journal={IEEE Transactions on Industrial Informatics},
  volume={17},
  number={3},
  pages={1785--1794},
  year={2020},
  publisher={IEEE},
  url={https://doi.org/10.1109/TII.2020.2992658}
}
