%% This BibTeX bibliography file was created using BibDesk.
%% https://bibdesk.sourceforge.io/

%% Created for Catherine Hurley at 2022-12-01 17:40:28 +0000 


%% Saved with string encoding Unicode (UTF-8) 



@manual{rsatscan,
	author = {Ken Kleinman},
	title = {rsatscan: Tools, Classes, and Methods for Interfacing with SaTScan Stand-Alone Software},
	url = {https://CRAN.R-project.org/package=rsatscan},
	year = {2015},
	bdsk-url-1 = {https://CRAN.R-project.org/package=rsatscan}}

@manual{SpatialEpi,
	author = {Cici Chen and Albert Y. Kim and Michelle Ross and Jon Wakefield},
	title = {SpatialEpi: Methods and Data for Spatial Epidemiology},
	url = {https://CRAN.R-project.org/package=SpatialEpi},
	year = {2018},
	bdsk-url-1 = {https://CRAN.R-project.org/package=SpatialEpi}}

@article{spatialepiapp1,
	author = {Paula Moraga},
	journal = {Spatial and Spatio-temporal Epidemiology},
	title = {{SpatialEpiApp}: {A Shiny Web Application for the Analysis of Spatial and Spatio-Temporal Disease Data}},
	url = {https://doi.org/10.1016/j.sste.2017.08.001},
	volume = {23},
	year = {2017},
	bdsk-url-1 = {https://doi.org/10.1016/j.sste.2017.08.001}}

@manual{SpatialEpiApp,
	author = {Paula Moraga},
	title = {SpatialEpiApp: A Shiny Web Application for the Analysis of Spatial and Spatio-Temporal Disease Data},
	url = {https://CRAN.R-project.org/package=SpatialEpiApp},
	year = {2017},
	bdsk-url-1 = {https://CRAN.R-project.org/package=SpatialEpiApp}}

@manual{rflexscan,
	author = {T. Otani and K. Takahashi},
	title = {rflexscan: The Flexible Spatial Scan Statistic},
	url = {https://CRAN.R-project.org/package=rflexscan},
	year = {2021},
	bdsk-url-1 = {https://CRAN.R-project.org/package=rflexscan}}

@manual{graphscan,
	author = {Robin Loche and Benoit Giron and David Abrial and Lionel Cucala and Myriam CharrasGarrido and Jocelyn De-Goer},
	title = {graphscan: Cluster Detection with Hypothesis Free Scan Statistic},
	url = {https://CRAN.R-project.org/package=graphscan},
	year = {2016},
	bdsk-url-1 = {https://CRAN.R-project.org/package=graphscan}}

@article{functional_outlying,
	author = {Wenlin Dai and Marc G. Genton},
	issn = {0167-9473},
	journal = {Computational Statistics \& Data Analysis},
	pages = {50-65},
	publisher = {Elsevier BV},
	title = {Directional Outlyingness for Multivariate Functional Data},
	url = {https://doi.org/10.1016/j.csda.2018.03.017},
	volume = {131},
	year = {2019},
	bdsk-url-1 = {https://doi.org/10.1016/j.csda.2018.03.017}}

@article{wilco,
	author = {Anirvan Chakraborty and Probal Chaudhuri},
	journal = {Biometrika},
	title = {A {Wilcoxon-Mann-Whitney} Type Test for Infinite Dimensional Data},
	url = {https://doi.org/10.1093/biomet/asu072},
	volume = {102},
	year = {2014},
	bdsk-url-1 = {https://doi.org/10.1093/biomet/asu072}}

@article{dwass,
	author = {Meyer Dwass},
	journal = {The Annals of Mathematical Statistics},
	number = {1},
	pages = {181-187},
	title = {Modified Randomization Tests for Nonparametric Hypotheses},
	url = {https://doi.org/10.1214/aoms/1177707045},
	volume = {28},
	year = {1957},
	bdsk-url-1 = {https://doi.org/10.1214/aoms/1177707045}}

@article{spatialscanstat,
	author = {Martin Kulldorff},
	journal = {Communications in Statistics - Theory and Methods},
	pages = {1481-1496},
	title = {A Spatial Scan Statistic},
	url = {https://doi.org/10.1080/03610929708831995},
	volume = {26},
	year = {1997},
	bdsk-url-1 = {https://doi.org/10.1080/03610929708831995}}

@article{spatialdisease,
	author = {Martin Kulldorff and Neville Nagarwalla},
	journal = {Statistics in Medicine},
	number = {8},
	pages = {799-810},
	title = {Spatial Disease Clusters: {Detection} and Inference},
	url = {https://doi.org/10.1002/sim.4780140809},
	volume = {14},
	year = {1995},
	bdsk-url-1 = {https://doi.org/10.1002/sim.4780140809}}

@article{elliptic,
	author = {Martin Kulldorff and Lan Huang and Linda Pickle and Luiz Duczmal},
	journal = {Statistics in Medicine},
	pages = {3929-3943},
	title = {An Elliptic Spatial Scan Statistic},
	url = {https://doi.org/10.1002/sim.2490},
	volume = {25},
	year = {2006},
	bdsk-url-1 = {https://doi.org/10.1002/sim.2490}}

@article{wilco_cucala,
	author = {Smida, Zaineb and Cucala, Lionel and Gannoun, Ali and Durif, Ghislain},
	journal = {Computational Statistics \& Data Analysis},
	pages = {107378},
	publisher = {Elsevier},
	title = {A {Wilcoxon-Mann-Whitney} spatial scan statistic for functional data},
	url = {https://doi.org/10.1016/j.csda.2021.107378},
	volume = {167},
	year = {2022},
	bdsk-url-1 = {https://doi.org/10.1016/j.csda.2021.107378}}

@article{spacetimekulldorff,
	author = {Martin Kulldorff and Richard Heffernan and Jessica Hartman and Renato Assun{\c c}{\c c}{\~a}o and Farzad Mostashari},
	journal = {PLoS Medicine},
	number = {3},
	title = {A Space-Time Permutation Scan Statistic for Disease Outbreak Detection},
	url = {https://doi.org/10.1371/journal.pmed.0020059},
	volume = {2},
	year = {2005},
	bdsk-url-1 = {https://doi.org/10.1371/journal.pmed.0020059}}

@article{kulldorffmulti,
	author = {Martin Kulldorff and Farzad Mostashari and Luiz Duczmal and W Katherine Yih and Ken Kleinman and Richard Platt},
	journal = {Statistics in Medicine},
	pages = {1824-1833},
	title = {Multivariate Scan Statistics for Disease Surveillance},
	url = {https://doi.org/10.1002/sim.2818},
	volume = {26},
	year = {2007},
	bdsk-url-1 = {https://doi.org/10.1002/sim.2818}}

@article{manovafonctional,
	author = {Tomasz G{\'o}recki and {\L}ukasz Smaga},
	journal = {Journal of Applied Statistics},
	number = {12},
	pages = {2172-2189},
	title = {Multivariate Analysis of Variance for Functional Data},
	url = {https://doi.org/10.1080/02664763.2016.1247791},
	volume = {44},
	year = {2017},
	bdsk-url-1 = {https://doi.org/10.1080/02664763.2016.1247791}}

@article{cucala_graph,
	author = {Lionel Cucala and Christophe Demattei and Paulo Lopes and Andre Ribeiro},
	journal = {Computational Statistics},
	pages = {357-369},
	title = {A Spatial Scan Statistic for Case Event Data Based on Connected Components},
	url = {https://doi.org/10.1007/s00180-012-0304-6},
	volume = {28},
	year = {2013},
	bdsk-url-1 = {https://doi.org/10.1007/s00180-012-0304-6}}

@article{cressie,
	author = {Noel Cressie},
	journal = {Journal of Applied Probability},
	pages = {272-283},
	title = {On Some Properties of the Scan Statistic on the Circle and the Line},
	url = {https://doi.org/10.2307/3212998},
	volume = {14},
	year = {1977},
	bdsk-url-1 = {https://doi.org/10.2307/3212998}}

@incollection{rectangular,
	author = {Jie Chen and Joseph Glaz},
	booktitle = {Scan Statistics},
	editor = {Glaz, Joseph and Pozdnyakov, Vladimir and Wallenstein, Sylvan},
	pages = {109 - 128},
	publisher = {Birkh{\"a}user Boston},
	title = {Approximations for Two-Dimensional Variable Window Scan Statistics},
	url = {https://doi.org/10.1007/978-0-8176-4749-0_5},
	year = {2009},
	bdsk-url-1 = {https://doi.org/10.1007/978-0-8176-4749-0_5}}

@article{fpc_boente,
	author = {Graciela Boente and Ricardo Fraiman},
	journal = {Statistics \& Probability Letters},
	pages = {335-345},
	title = {Kernel-Based Functional Principal Components},
	url = {https://doi.org/10.1016/S0167-7152(00)00014-6},
	volume = {48},
	year = {2000},
	bdsk-url-1 = {https://doi.org/10.1016/S0167-7152(00)00014-6}}

@article{fpc_berrendero,
	author = {J.R. Berrendero and Ana Justel and Marcela Svarc},
	journal = {Computational Statistics \& Data Analysis},
	pages = {2619-2634},
	title = {Principal Components for Multivariate Functional Data},
	url = {https://doi.org/10.1016/j.csda.2011.03.011},
	volume = {55},
	year = {2011},
	bdsk-url-1 = {https://doi.org/10.1016/j.csda.2011.03.011}}

@article{reg_cuevas,
	author = {Antonio Cuevas and Manuel Febrero-Bande and Ricardo Fraiman},
	journal = {The Canadian Journal of Statistics},
	pages = {285-300},
	title = {Linear Functional Regression: {The} Case of Fixed Design and Functional Response},
	url = {https://doi.org/10.2307/3315952},
	volume = {30},
	year = {2002},
	bdsk-url-1 = {https://doi.org/10.2307/3315952}}

@article{reg_ferraty,
	author = {Frederic Ferraty and Philippe Vieu},
	journal = {Computational Statistics},
	pages = {545-564},
	title = {The Functional Nonparametric Model and Application to Spectrometric Data},
	url = {https://doi.org/10.1007/s001800200126},
	volume = {17},
	year = {2002},
	bdsk-url-1 = {https://doi.org/10.1007/s001800200126}}

@article{reg_chiou,
	author = {Jeng-Min Chiou and Hans-Georg M{\"u}ller},
	journal = {Computational Statistics \& Data Analysis},
	month = {06},
	pages = {4849-4863},
	title = {Diagnostics for Functional Regression via Residual Processes},
	url = {https://doi.org/10.1016/j.csda.2006.07.042},
	volume = {15},
	year = {2007},
	bdsk-url-1 = {https://doi.org/10.1016/j.csda.2006.07.042}}

@article{normalkulldorff,
	author = {Martin Kulldorff and Lan Huang and Kevin Konty},
	journal = {International Journal of Health Geographics},
	number = {58},
	title = {A Scan Statistic for Continuous Data Based on the Normal Probability Model},
	url = {https://doi.org/10.1186/1476-072X-8-58},
	volume = {8},
	year = {2009},
	bdsk-url-1 = {https://doi.org/10.1186/1476-072X-8-58}}

@article{a_multivariate_gaussian,
	author = {Lionel Cucala and Michael Genin and Caroline Lanier and Florent Occelli},
	journal = {Spatial Statistics},
	pages = {66-74},
	title = {A Multivariate {Gaussian} Scan Statistic for Spatial Data},
	url = {https://doi.org/10.1016/j.spasta.2017.06.001},
	volume = {21},
	year = {2017},
	bdsk-url-1 = {https://doi.org/10.1016/j.spasta.2017.06.001}}

@phdthesis{Naus_thesis,
	author = {Joseph Irwin Naus},
	school = {Rutgers University, New Brunswick	},
	title = {Clustering of Random Points in Line and Plane},
	year = {1963}}

@article{bhatt2014spatial,
	author = {Vijaya Bhatt and Neeraj Tiwari},
	journal = {Statistics in medicine},
	number = {11},
	pages = {1867-1876},
	publisher = {Wiley Online Library},
	title = {A Spatial Scan Statistic for Survival Data Based on {Weibull} Distribution},
	url = {https://doi.org/10.1002/sim.6075},
	volume = {33},
	year = {2014},
	bdsk-url-1 = {https://doi.org/10.1002/sim.6075}}

@article{huang2007spatial,
	author = {Lan Huang and Martin Kulldorff and David Gregorio},
	journal = {Biometrics},
	number = {1},
	pages = {109-118},
	publisher = {Wiley Online Library},
	title = {A Spatial Scan Statistic for Survival Data},
	url = {https://doi.org/10.1111/j.1541-0420.2006.00661.x},
	volume = {63},
	year = {2007},
	bdsk-url-1 = {https://doi.org/10.1111/j.1541-0420.2006.00661.x}}

@article{genin2020fine,
	author = {Micha{\"e}l Genin and Mathurin Fumery and Florent Occelli and Guillaume Savoye and Benjamin Pariente and Luc Dauchet and Jonathan Giovannelli and C{\'e}cile Vignal and Mathilde Body-Malapel and H{\'e}l{\`e}ne Sarter and others},
	journal = {Alimentary Pharmacology \& Therapeutics},
	number = {1},
	pages = {139-148},
	publisher = {Wiley Online Library},
	title = {Fine-Scale Geographical Distribution and Ecological Risk Factors for {Crohn's} Disease in {France} (2007-2014)},
	url = {https://doi.org/10.1111/apt.15512},
	volume = {51},
	year = {2020},
	bdsk-url-1 = {https://doi.org/10.1111/apt.15512}}

@article{jung2007spatial,
	author = {Inkyung Jung and Martin Kulldorff and Ann C Klassen},
	journal = {Statistics in Medicine},
	number = {7},
	pages = {1594-1607},
	publisher = {Wiley Online Library},
	title = {A Spatial Scan Statistic for Ordinal Data},
	url = {https://doi.org/10.1002/sim.2607},
	volume = {26},
	year = {2007},
	bdsk-url-1 = {https://doi.org/10.1002/sim.2607}}

@inbook{epidemio1,
	author = {Martin Kulldorff},
	journal = {Recent Advances on Scan Statistics and Applications},
	pages = {303-322},
	publisher = {Birkh{\"a}user, Boston, MA},
	title = {Spatial Scan Statistics: {Models,} Calculations, and Applications},
	url = {https://doi.org/10.1007/978-1-4612-1578-3_14},
	year = {1999},
	bdsk-url-1 = {https://doi.org/10.1007/978-1-4612-1578-3_14}}

@article{social1,
	author = {Dustin Duncan and Michael Rienti and Martin Kulldorff and Jared Aldstadt and Marcia Castro and Rochelle Frounfelker and James Williams and Glorian Sorensen and Renee Johnson and David Hemenway and David Williams},
	journal = {The American Journal of Drug and Alcohol Abuse},
	number = {4},
	pages = {412-421},
	title = {Local Spatial Clustering in Youths' Use of Tobacco, Alcohol, and Marijuana in Boston},
	url = {https://doi.org/10.3109/00952990.2016.1151522},
	volume = {42},
	year = {2016},
	bdsk-url-1 = {https://doi.org/10.3109/00952990.2016.1151522}}

@article{social2,
	author = {Shanley Chong and Michael Nelson and Roy Byun and Liz Harris and John Eastwood and Bin Jalaludin},
	journal = {International Journal of Health Geographics},
	number = {46},
	title = {Geospatial Analyses to Identify Clusters of Adverse Antenatal Factors for Targeted Interventions},
	url = {https://doi.org/10.1186/1476-072X-12-46},
	volume = {12},
	year = {2013},
	bdsk-url-1 = {https://doi.org/10.1186/1476-072X-12-46}}

@article{geology,
	author = {Jie Gao and Zhijie Zhang and Yi Hu and Jianchao Bian and Wen Jiang and Xiaoming Wang and Liqian Sun and Qingwu Jiang},
	journal = {International Journal of Environmental Research and Public Health},
	number = {5},
	pages = {5431-5444},
	title = {Geographical Distribution Patterns of Iodine in Drinking-Water and Its Associations with Geological Factors in {Shandong} Province, {China}},
	url = {https://doi.org/10.3390/ijerph110505431},
	volume = {11},
	year = {2014},
	bdsk-url-1 = {https://doi.org/10.3390/ijerph110505431}}

@article{local_functional,
	author = {Karim Benhenni and Frederic Ferraty and Mustapha Rachdi and Philippe Vieu},
	journal = {Computational Statistics},
	month = {02},
	pages = {353-369},
	title = {Local Smoothing Regression with Functional Data},
	url = {https://doi.org/10.1007/s00180-007-0045-0},
	volume = {22},
	year = {2007},
	bdsk-url-1 = {https://doi.org/10.1007/s00180-007-0045-0}}

@article{reduce_cluster_size,
	author = {Peter Donnan and John Parratt and Sally Wilson and Raeburn Forbes and Jonathan O'Riordan and Robert Swingler},
	journal = {Multiple Sclerosis Journal},
	month = {09},
	pages = {403-8},
	title = {Multiple Sclerosis in Tayside, Scotland: {Detection} of Clusters Using a Spatial Scan Statistic},
	url = {https://doi.org/10.1191/1352458505ms1191oa},
	volume = {11},
	year = {2005},
	bdsk-url-1 = {https://doi.org/10.1191/1352458505ms1191oa}}

@article{clustering_multi,
	author = {Julien Jacques and Cristian Preda},
	journal = {Computational Statistics \& Data Analysis},
	month = {03},
	pages = {92--106},
	title = {Model-Based Clustering for Multivariate Functional Data},
	url = {https://doi.org/10.1016/j.csda.2012.12.004},
	volume = {71},
	year = {2014},
	bdsk-url-1 = {https://doi.org/10.1016/j.csda.2012.12.004}}

@article{oja,
	author = {Hannu Oja and Ronald H. Randles},
	journal = {Statistical Science},
	month = {11},
	number = {4},
	pages = {598--605},
	title = {Multivariate Nonparametric Tests},
	url = {https://doi.org/10.1214/088342304000000558},
	volume = {18},
	year = {2004},
	bdsk-url-1 = {https://doi.org/10.1214/088342304000000558}}

@book{ramsaylivre,
	author = {JO Ramsay and BW Silverman},
	publisher = {Springer-Verlag},
	series = {Springer Series in Statistics},
	title = {Functional Data Analysis},
	year = {2005}}

@article{notre_fonctionnel,
	author = {Fr{\'e}vent, Camille and Ahmed, Mohamed-Salem and Marbac, Matthieu and Genin, Micha{\"e}l},
	journal = {Spatial Statistics},
	pages = {100550},
	publisher = {Elsevier},
	title = {Detecting spatial clusters in functional data: {New} scan statistic approaches},
	url = {https://doi.org/10.1016/j.spasta.2021.100550},
	year = {2021a},
	bdsk-url-1 = {https://doi.org/10.1016/j.spasta.2021.100550}}

@unpublished{notre_fonctionnel1,
	author = {Camille Fr{\'e}vent and Mohamed-Salem Ahmed and Sophie Dabo-Niang and Micha{\"e}l Genin},
	note = {arXiv:2103.14401v1},
	title = {Investigating Spatial Scan Statistics for Multivariate Functional Data},
	year = {2021b}}

@article{puissance_etendue,
	author = {Kunihiko Takahashi and Toshiro Tango},
	journal = {Statistics in Medicine},
	month = {03},
	pages = {841-852},
	title = {An Extended Power of Cluster Detection Tests},
	url = {https://doi.org/10.1002/sim.2419},
	volume = {25},
	year = {2006},
	bdsk-url-1 = {https://doi.org/10.1002/sim.2419}}

@article{biv_power,
	author = {Kunihiko Takahashi and Toshiro Tango},
	journal = {International Journal of Health Geographics},
	month = {05},
	number = {11},
	title = {A Flexibly Shaped Spatial Scan Statistic for Detecting Clusters},
	url = {https://doi.org/10.1186/1476-072X-4-11},
	volume = {4},
	year = {2005},
	bdsk-url-1 = {https://doi.org/10.1186/1476-072X-4-11}}

@article{nonparam_multi,
	author = {Lionel Cucala and Micha{\"e}l Genin and Florent Occelli and Julien Soula},
	journal = {Spatial statistics},
	pages = {1-14},
	publisher = {Elsevier},
	title = {A Multivariate Nonparametric Scan Statistic for Spatial Data},
	url = {https://doi.org/10.1016/j.spasta.2018.10.002},
	volume = {29},
	year = {2019},
	bdsk-url-1 = {https://doi.org/10.1016/j.spasta.2018.10.002}}

@article{comparisonanova,
	author = {Tomasz G{\'o}recki and {\L}ukasz Smaga},
	journal = {Computational Statistics},
	pages = {987-1010},
	title = {A Comparison of Tests for the One-Way {ANOVA} Problem for Functional Data},
	url = {https://doi.org/10.1007/s00180-015-0555-0},
	volume = {30},
	year = {2015},
	bdsk-url-1 = {https://doi.org/10.1007/s00180-015-0555-0}}

@article{anova_functional,
	author = {Antonio Cuevas and Manuel Febrero-Bande and Ricardo Fraiman},
	journal = {Computational Statistics \& Data Analysis},
	pages = {111-122},
	title = {An {ANOVA} Test for Functional Data},
	url = {https://doi.org/10.1016/j.csda.2003.10.021},
	volume = {47},
	year = {2004},
	bdsk-url-1 = {https://doi.org/10.1016/j.csda.2003.10.021}}

@article{a_distribution_free,
	author = {Lionel Cucala},
	journal = {Spatial Statistics},
	pages = {117-125},
	title = {A Distribution-Free Spatial Scan Statistic for Marked Point Processes},
	url = {https://doi.org/10.1016/j.spasta.2014.03.004},
	volume = {10},
	year = {2014},
	bdsk-url-1 = {https://doi.org/10.1016/j.spasta.2014.03.004}}

@article{hd_manova,
	author = {Lin, Zhenhua and Lopes, Miles E. and M{\"u}ller, Hans-Georg},
	journal = {Journal of the American Statistical Association},
	publisher = {Taylor \& Francis},
	title = {High-dimensional {MANOVA} via Bootstrapping and its Application to Functional and Sparse Count Data},
	url = {https://doi.org/10.1080/01621459.2021.1920959},
	year = {2021},
	bdsk-url-1 = {https://doi.org/10.1080/01621459.2021.1920959}}

@article{two_s,
	author = {Zhiping Qiu and Jianwei Chen and Jin-Ting Zhang},
	journal = {Computational Statistics \& Data Analysis},
	title = {Two-Sample Tests for Multivariate Functional Data with Applications},
	url = {https://doi.org/10.1016/j.csda.2020.107160},
	volume = {157},
	year = {2021},
	bdsk-url-1 = {https://doi.org/10.1016/j.csda.2020.107160}}

@article{space-time,
	author = {M. Kulldorff and WF Athas and EJ Feurer and BA Miller and CR Key},
	journal = {The American Journal of Public Health},
	number = {9},
	pages = {1377-1380},
	title = {Evaluating Cluster Alarms: {A} Space-Time Scan Statistic and Brain Cancer in {Los Alamos}, {New Mexico}},
	url = {https://doi.org/10.2105/AJPH.88.9.1377},
	volume = {88},
	year = {1998},
	bdsk-url-1 = {https://doi.org/10.2105/AJPH.88.9.1377}}

@article{tree,
	author = {Martin Kulldorff and Zixing Fang and Stephen J. Walsh},
	journal = {Biometrics},
	number = {2},
	pages = {323-331},
	publisher = {International Biometric Society},
	title = {A Tree-Based Scan Statistic for Database Disease Surveillance},
	url = {https://doi.org/10.1111/1541-0420.00039},
	volume = {59},
	year = {2003},
	bdsk-url-1 = {https://doi.org/10.1111/1541-0420.00039}}

@manual{clusterseer1,
	author = {D. Greiling and L. Estberg and A. Long and G. Jacquez},
	publisher = {BioMedware},
	title = {ClusterSeer: Software for the Detection and Analysis of Event Clusters, User Manual Book 1, Version~2.5},
	year = {2012}}

@manual{clusterseer2,
	author = {H. Durbeck and D. Greiling and L. Estberg and A. Long and G. Jacquez and Y. Pallicaris and S. Hinton},
	publisher = {BioMedware},
	title = {ClusterSeer: Software for the Detection and Analysis of Event Clusters, User Manual Book 2, Version~2.5},
	year = {2012}}

@manual{satscan,
	author = {Martin Kulldorff},
	title = {{SaTScan} User Guide for Version~9.7},
	url = {https://www.satscan.org/},
	year = {2021},
	bdsk-url-1 = {https://www.satscan.org/}}

@manual{treescan,
	author = {Martin Kulldorff},
	title = {{TreeScan} User Guide},
	url = {https://www.treescan.org/},
	year = {2018},
	bdsk-url-1 = {https://www.treescan.org/}}

@manual{flexscan,
	author = {Kunihiko Takahashi and Tetsuji Yokoyama and Toshiro Tango},
	title = {{FleXScan} v~3.1: Software for the Flexible Scan Statistic},
	year = {2010}}

@manual{fda,
	author = {J. O. Ramsay and Spencer Graves and Giles Hooker},
	title = {fda: Functional Data Analysis},
	url = {https://CRAN.R-project.org/package=fda},
	year = {2020},
	bdsk-url-1 = {https://CRAN.R-project.org/package=fda}}

@manual{proj4,
	author = {{PROJ contributors}},
	organization = {Open Source Geospatial Foundation},
	title = {PROJ coordinate transformation software library},
	url = {https://proj.org/},
	year = {2021},
	bdsk-url-1 = {https://proj.org/}}

@manual{scanstatisticsman,
	author = {Benjamin All{\'e}vius},
	title = {scanstatistics: Space-Time Anomaly Detection using Scan Statistics},
	url = {https://CRAN.R-project.org/package=scanstatistics},
	year = {2018},
	bdsk-url-1 = {https://CRAN.R-project.org/package=scanstatistics}}

@article{scanstatistics,
	author = {Benjamin All{\'e}vius},
	journal = {Journal of Open Source Software},
	title = {scanstatistics: {Space-Time} Anomaly Detection using Scan Statistics},
	url = {https://doi.org/10.21105/joss.00515},
	volume = {3},
	year = {2018},
	bdsk-url-1 = {https://doi.org/10.21105/joss.00515}}

@article{spatclus,
	author = {Christophe Dematte{\"\i} and Nicolas Molinari and Jean-Pierre Daur{\`e}s},
	issn = {0169-2607},
	journal = {Computer Methods and Programs in Biomedicine},
	number = {1},
	pages = {42-49},
	title = {{SPATCLUS: An} {R} Package for Arbitrarily Shaped Multiple Spatial Cluster Detection for Case Event Data},
	url = {https://doi.org/10.1016/j.cmpb.2006.07.008},
	volume = {84},
	year = {2006},
	bdsk-url-1 = {https://doi.org/10.1016/j.cmpb.2006.07.008}}

@article{A_nonparametric_spatial,
	author = {Inkyung Jung and Ho Jin Cho},
	journal = {International Journal of Health Geographics},
	title = {A Nonparametric Spatial Scan Statistic for Continuous Data},
	url = {https://doi.org/10.1186/s12942-015-0024-6},
	volume = {14},
	year = {2015},
	bdsk-url-1 = {https://doi.org/10.1186/s12942-015-0024-6}}

@article{cucala2016mann,
	author = {Cucala, Lionel},
	journal = {Communications in Statistics-Theory and Methods},
	number = {2},
	pages = {321-329},
	publisher = {Taylor \& Francis},
	title = {{A Mann-Whitney} scan statistic for continuous data},
	url = {https://doi.org/10.1080/03610926.2013.806667},
	volume = {45},
	year = {2016},
	bdsk-url-1 = {https://doi.org/10.1080/03610926.2013.806667}}

@article{cucala2013spatial,
	author = {Cucala, Lionel and Demattei, Christophe and Lopes, Paulo and Ribeiro, Andre},
	journal = {Computational Statistics},
	number = {1},
	pages = {357--369},
	publisher = {Springer},
	title = {A spatial scan statistic for case event data based on connected components},
	url = {https://doi.org/10.1007/s00180-012-0304-6},
	volume = {28},
	year = {2013},
	bdsk-url-1 = {https://doi.org/10.1007/s00180-012-0304-6}}

@manual{DCluster,
	author = {Virgilio G{\'o}mez-Rubio and Juan Ferr{\'a}ndiz-Ferragud and Antonio L{\'o}pez-Qu{\'\i}lez},
	title = {DCluster: Functions for the Detection of Spatial Clusters of Diseases},
	url = {https://CRAN.R-project.org/package=DCluster},
	year = {2015},
	bdsk-url-1 = {https://CRAN.R-project.org/package=DCluster}}

@manual{DClusterm,
	author = {Virgilio Gomez-Rubio and Paula Esther Moraga Serrano and Barry Rowlingson},
	title = {DClusterm: Model-Based Detection of Disease Clusters},
	url = {https://CRAN.R-project.org/package=DClusterm},
	year = {2020},
	bdsk-url-1 = {https://CRAN.R-project.org/package=DClusterm}}

@article{JSSv090i14,
	author = {Virgilio G{\'o}mez-Rubio and Paula Moraga and John Molitor and Barry Rowlingson},
	journal = {Journal of Statistical Software},
	number = {14},
	pages = {1--26},
	title = {{DClusterm}: {Model-}Based Detection of Disease Clusters},
	url = {https://doi.org/10.18637/jss.v090.i14},
	volume = {90},
	year = {2019},
	bdsk-url-1 = {https://doi.org/10.18637/jss.v090.i14}}

@article{khan2021geographic,
	author = {Md Marufuzzaman Khan and Shamarial Roberson and Keshia Reid and Melissa Jordan and Agricola Odoi},
	journal = {Plos one},
	number = {7},
	publisher = {Public Library of Science San Francisco, CA USA},
	title = {Geographic disparities and temporal changes of diabetes prevalence and diabetes self-management education program participation in {Florida}},
	url = {https://doi.org/10.1371/journal.pone.0254579},
	volume = {16},
	year = {2021},
	bdsk-url-1 = {https://doi.org/10.1371/journal.pone.0254579}}

@article{marciano2018epidemiological,
	author = {Lucia Helena Soares Camargo Marciano and Andr{\'e}a de Faria Fernandes Belone and Patr{\'\i}cia Sammarco Rosa and Neusa Maria Broch Coelho and C{\'a}ssio C{\'e}sar Ghidella and Susilene Maria Tonelli Nardi and William Cabral Miranda and Ligia Vizeu Barrozo and Joel Carlos Last{\'o}ria},
	journal = {Cadernos de saude publica},
	publisher = {SciELO Brasil},
	title = {Epidemiological and geographical characterization of leprosy in a {Brazilian} hyperendemic municipality},
	url = {https://doi.org/10.1590/0102-311X00197216},
	volume = {34},
	year = {2018},
	bdsk-url-1 = {https://doi.org/10.1590/0102-311X00197216}}

@article{sudakin2002regional,
	author = {Daniel L Sudakin and Zane Horowitz and Sandy Giffin},
	journal = {Journal of Toxicology: Clinical Toxicology},
	number = {6},
	pages = {767--773},
	publisher = {Taylor \& Francis},
	title = {Regional variation in the incidence of symptomatic pesticide exposures: {Applications} of geographic information systems},
	url = {https://doi.org/10.1081/CLT-120015837},
	volume = {40},
	year = {2002},
	bdsk-url-1 = {https://doi.org/10.1081/CLT-120015837}}

@article{shi2021spatial,
	author = {Shi, Guiqian and Liu, Jiaxiu and Zhong, Xiaoni},
	journal = {International Journal of Environmental Health Research},
	pages = {1--13},
	publisher = {Taylor \& Francis},
	title = {Spatial and temporal variations of $\text{PM}_{2.5}$ concentrations in {Chinese} cities during 2015-2019},
	url = {https://doi.org/10.1080/09603123.2021.1987394},
	year = {2021},
	bdsk-url-1 = {https://doi.org/10.1080/09603123.2021.1987394}}

@article{wan2020industrial,
	author = {Wan, Liangtian and Sun, Yuchen and Lee, Ivan and Zhao, Wenhong and Xia, Feng},
	journal = {IEEE Transactions on Industrial Informatics},
	number = {3},
	pages = {1785--1794},
	publisher = {IEEE},
	title = {Industrial pollution areas detection and location via satellite-based {IIoT}},
	url = {https://doi.org/10.1109/TII.2020.2992658},
	volume = {17},
	year = {2020},
	bdsk-url-1 = {https://doi.org/10.1109/TII.2020.2992658}}
