@article{Ahcan2014,
  title={Forecasting mortality for small populations by mixing mortality data},
  author={Ahcan, Ales and Medved, Darko and Olivieri, Annamaria and Pitacco, Ermanno},
  journal={Insurance: {M}athematics and {E}conomics},
  volume={54},
  pages={12--27},
  year={2014},
  publisher={Elsevier}
}
@article{Ahmadi2014,
  title={Coherent mortality forecasting with generalized linear models: {A} modified time--transformation approach},
  author={Ahmadi, Seyed Saeed and Li, Johnny Siu-Hang},
  journal={Insurance: {M}athematics and {E}conomics},
  volume={59},
  pages={194--221},
  year={2014},
  publisher={Elsevier}
}
@article{Armstrong1972,
  title={A comparative study of methods for long--range market forecasting},
  author={Armstrong, J Scott and Grohman, Michael C},
  journal={{Management Science}},
  volume={19},
  number={2},
  pages={211--221},
  year={1972},
  publisher={INFORMS}
}
@article{Antonio2017,
  title={Producing the {D}utch and {B}elgian mortality projections: a stochastic multi--population standard},
  author={Antonio, Katrien and Devriendt, Sander and de Boer, Wouter and de Vries, Robert and De Waegenaere, Anja and Kan, Hok-Kwan and Kromme, Egbert and Ouburg, Wilbert and Schulteis, Tim and Slagter, Erica and van~der~Winden, Marco and van~Iersel, Corné and Vellekoop, Michel},
  journal={{European Actuarial Journal}},
  volume={7},
  pages={297--336},
  year={2017},
  publisher={Springer}
}
@article{Atance2020,
  title={A comparison of forecasting mortality models using resampling methods},
  author={Atance, David and Deb{\'o}n, Ana and Navarro, Eliseo},
  journal={Mathematics},
  volume={8},
  number={9},
  pages={1550},
  year={2020},
  publisher={MDPI}
}
@article{Atance2020const,
  title={Constructing dynamic life tables with a single--factor model},
  author={Atance, David and Balb{\'a}s, Alejandro and Navarro, Eliseo},
  journal={{Decisions in Economics and Finance}},
  volume={43},
  number={2},
  pages={787--825},
  year={2020},
  publisher={Springer}
}
@article{Atance2024,
  title={A simplified model for measuring longevity risk for life insurance products},
  author={Atance, David and Navarro, Eliseo},
  journal={{Financial Innovation}},
  volume={1},
  pages={61},
  year={2024},
  publisher={Springer}
}
@article{Barigou2023,
  title={{Bayesian} model averaging for mortality forecasting using leave--future--out validation},
  author={Barigou, Karim and Goffard, Pierre-Olivier and Loisel, St{\'e}phane and Salhi, Yahia},
  journal={International {J}ournal of {F}orecasting},
  year={2023},
  volume={39},
  number={2},
  pages={674--690},
  publisher={Elsevier}
}
@article{Bartolomei1989,
  title={A note on a comparison of exponential smoothing methods for forecasting seasonal series},
  author={Bartolomei, Sonia M and Sweet, Arnold L},
  journal={{International Journal of Forecasting}},
  volume={5},
  number={1},
  pages={111--116},
  year={1989},
  publisher={Elsevier}
}
@article{Begin2023,
  author = {Jean-François Bégin and Barbara Sanders and Xueyi Xu},
  title = {Modeling and Forecasting Subnational Mortality in the Presence of Aggregated Data},
  journal = {North American Actuarial Journal},
  volume = {0},
  number = {0},
  pages = {1-27},
  year = {2023},
  publisher = {Routledge},
  doi = {10.1080/10920277.2023.2231996},
  URL = {https://doi.org/10.1080/10920277.2023.2231996},
  eprint = { https://doi.org/10.1080/10920277.2023.2231996}
}
@article{Berg2012,
  title={On the use of cross-validation for time series predictor evaluation},
  author={Bergmeir, Christoph and Ben{\'\i}tez, Jos{\'e} M},
  journal={Information Sciences},
  volume={191},
  pages={192--213},
  year={2012},
  publisher={Elsevier}
}
@article{Bergmeir2018,
  title={A note on the validity of cross--validation for evaluating autoregressive time series prediction},
  author={Bergmeir, Christoph and Hyndman, Rob J and Koo, Bonsoo},
  journal={{C}omputational {S}tatistics \& {D}ata {A}nalysis},
  volume={120},
  pages={70--83},
  year={2018},
  publisher={Elsevier}
}
@inproceedings{Biatat2010,
  title={Joint models for classification and comparison of mortality in different countries},
  author={Biatat, Viani D and Currie, Iain D},
  booktitle={{P}roceedings of 25rd {I}nternational {W}orkshop on {S}tatistical {M}odelling, {G}lasgow},
  pages={89--94},
  year={2010}
}
@article{Booth2002,
  title={Applying {L}ee--{C}arter under conditions of variable mortality decline},
  author={Booth, Heather and Maindonald, John and Smith, Len},
  journal={Population {S}tudies},
  volume={56},
  number={3},
  pages={325--336},
  year={2002},
  publisher={Taylor \& Francis}
}
@article{Brouhns2002,
  title={A {P}oisson log--bilinear regression approach to the construction of projected lifetables},
  author={Brouhns, Natacha and Denuit, Michel and Vermunt, Jeroen K},
  journal={{I}nsurance: {M}athematics and {E}conomics},
  volume={31},
  number={3},
  pages={373--393},
  year={2002},
  publisher={Elsevier}
}
@article{Brouhns2005,
  title={Bootstrapping the {P}oisson log--bilinear model for mortality forecasting},
  author={Brouhns, Natacha and Denuit, Michel and Van Keilegom, Ingrid},
  journal={{S}candinavian {A}ctuarial {J}ournal},
  volume={2005},
  number={3},
  pages={212--224},
  year={2005},
  publisher={Taylor \& Francis}
}
@article{Bozikas2020,
  title={Incorporating crossed classification credibility into the {L}ee--{C}arter model for multi-population mortality data},
  author={Bozikas, Apostolos and Pitselis, Georgios},
  journal={{I}nsurance: {M}athematics and {E}conomics},
  volume={93},
  pages={353--368},
  year={2020},
  publisher={Elsevier}
}
@article{Bur1989,
  title={A comparative study of ordinary cross-validation, v-fold cross-validation and the repeated learning-testing methods},
  author={Burman, Prabir},
  journal={Biometrika},
  volume={76},
  number={3},
  pages={503--514},
  year={1989},
  publisher={Oxford University Press}
}
@article{Burman1994,
  title={A cross--validatory method for dependent data},
  author={Burman, Prabir and Chow, Edmond and Nolan, Deborah},
  journal={Biometrika},
  volume={81},
  number={2},
  pages={351--358},
  year={1994},
  publisher={Oxford University Press}
}
@article{Butt2009,
  title={llc: a collection of {R} functions for fitting a class of {L}ee--{C}arter mortality models using iterative fitting algorithms},
  author={Butt, Zoltan and Haberman, Steve},
  journal={{A}ctuarial {R}esearch {P}aper, {C}ass {B}usiness {S}chool},
  year={2009}
}
@article{Cairns2006,
  title={A two--factor model for stochastic mortality with parameter uncertainty: theory and calibration},
  author={Cairns, AJG and Blake, David and Dowd, Kevin},
  journal={Journal of {R}isk and {I}nsurance},
  volume={73},
  number={4},
  pages={687--718},
  year={2006},
  publisher={Wiley Online Library}
}
@article{Cairns2009,
  title={A quantitative comparison of stochastic mortality models using data from {E}ngland and {W}ales and the {U}nited {S}tates},
  author={Cairns, Andrew JG and Blake, David and Dowd, Kevin and Coughlan, Guy D and Epstein, David and Ong, Alen and Balevich, Igor},
  journal={North {A}merican {A}ctuarial {J}ournal},
  volume={13},
  number={1},
  pages={1--35},
  year={2009},
  publisher={Taylor \& Francis}
}
@article{Callen1996,
  title={Neural network forecasting of quarterly accounting earnings},
  author={Callen, Jeffrey L and Kwan, Clarence CY and Yip, Patrick CY and Yuan, Yufei},
  journal={{International Journal of Forecasting}},
  volume={12},
  number={4},
  pages={475--482},
  year={1996},
  publisher={Elsevier}
}
@article{Carter1992,
  title={Modeling and forecasting {US} sex differentials in mortality},
  author={Carter, Lawrence R and Lee, Ronald D},
  journal={{International Journal of forecasting}},
  volume={8},
  number={3},
  pages={393--411},
  year={1992},
  publisher={Elsevier}
}
@article{Chen2018,
  title={Sex--specific mortality forecasting for {UK} countries: a coherent approach},
  author={Chen, Ree Yongqing and Millossovich, Pietro},
  journal={{E}uropean {A}ctuarial {J}ournal},
  volume={8},
  number={1},
  pages={69--95},
  year={2018},
  publisher={Springer}
}
@article{Currie2004,
  title={Smoothing and forecasting mortality rates},
  author={Currie, Iain D and Durban, Maria and Eilers, Paul HC},
  journal={{S}tatistical {M}odelling},
  volume={4},
  number={4},
  pages={279--298},
  year={2004},
  publisher={Sage Publications Sage CA: Thousand Oaks, CA}
}
@article{Damato2012,
  title={Modelling dependent data for longevity projections},
  author={D'Amato, Valeria and Haberman, Steven and Piscopo, Gabriella and Russolillo, Maria},
  journal={Insurance: {M}athematics and {E}conomics},
  volume={51},
  number={3},
  pages={694--701},
  year={2012},
  publisher={Elsevier}
}
@article{Danesi2015,
  title={Forecasting mortality in subpopulations using {L}ee--{C}arter type models: a comparison},
  author={Danesi, Ivan Luciano and Haberman, Steven and Millossovich, Pietro},
  journal={Insurance: {M}athematics and {E}conomics},
  volume={62},
  pages={151--161},
  year={2015},
  publisher={Elsevier}
}
@article{Debon2008,
  title={Modelling and forecasting mortality in {S}pain},
  author={Deb{\'o}n, Ana and Montes, Francisco and Puig, Francisco},
  journal={European {J}ournal of {O}perational {R}esearch},
  volume={189},
  number={3},
  pages={624--637},
  year={2008},
  publisher={Elsevier}
}
@article{Debon2008modelling,
  title={Modelling residuals dependence in dynamic life tables: A geostatistical approach},
  author={Deb{\'o}n, Ana and Montes, F and Mateu, Jorge and Porcu, Emilio and Bevilacqua, Moreno},
  journal={{C}omputational {S}tatistics \& {D}ata {A}nalysis},
  volume={52},
  number={6},
  pages={3128--3147},
  year={2008},
  publisher={Elsevier}
}
@article{Debon2011,
  title={Statistical methods to compare mortality for a group with non--divergent populations: an application to {S}panish regions},
  author={Deb{\'o}n, Ana and Montes, Francisco and Mart{\'\i}nez-Ruiz, Francisco},
  journal={European {A}ctuarial {J}ournal},
  volume={1},
  number={2},
  pages={291--308},
  year={2011},
  publisher={Springer}
}
@article{Dong2020,
  title={Multi--population mortality forecasting using tensor decomposition},
  author={Dong, Yumo and Huang, Fei and Yu, Honglin and Haberman, Steven},
  journal={{S}candinavian {A}ctuarial {J}ournal},
  volume={2020},
  number={8},
  pages={754--775},
  year={2020},
  publisher={Taylor \& Francis}
}
@article{Dowd2011,
  title={A gravity model of mortality rates for two related populations},
  author={Dowd, Kevin and Cairns, Andrew JG and Blake, David and Coughlan, Guy D and Khalaf-Allah, Marwa},
  journal={North {A}merican {A}ctuarial {J}ournal},
  volume={15},
  number={2},
  pages={334--356},
  year={2011},
  publisher={Taylor \& Francis}
}
@BOOK{Elandt-Johnson80,
  AUTHOR={R.C. Elandt-Johnson and N.L. Johnson},
  TITLE={Survival {M}odels and {D}ata {A}nalysis},
  PUBLISHER={Wiley, New York},
  YEAR={1980}
}
@article{Enchev2017,
  title={Multi--population mortality models: fitting, forecasting and comparisons},
  author={Enchev, Vasil and Kleinow, Torsten and Cairns, Andrew JG},
  journal={{S}candinavian {A}ctuarial {J}ournal},
  volume={2017},
  number={4},
  pages={319--342},
  year={2017},
  publisher={Taylor \& Francis}
}
@article{England1999,
  title={Analytic and bootstrap estimates of prediction errors in claims reserving},
  author={England, Peter and Verrall, Richard},
  journal={{I}nsurance: {M}athematics and {E}conomics},
  volume={25},
  number={3},
  pages={281--293},
  year={1999},
  publisher={Elsevier}
}
@article{Felipe2002,
  title={Recent mortality trends in the {Spanish} population},
  author={Felipe, A and Guill{\'e}n, M and Perez-Marin, AM},
  journal={{British Actuarial Journal}},
  volume={8},
  number={4},
  pages={757--786},
  year={2002},
  publisher={Cambridge University Press}
}
@book{Gareth2013,
  title={An introduction to statistical learning: with applications in {R}},
  author={James, Gareth and Witten, Daniela and Hastie, Trevor and Tibshirani, Robert},
  year={2013},
  volume={1},
  publisher={{Springer: New York, NY, USA}}
}
@article{Haberman2009,
  title={On age--period--cohort parametric mortality rate projections},
  author={Haberman, Steven and Renshaw, Arthur},
  journal={{I}nsurance: {M}athematics and {E}conomics},
  volume={45},
  number={2},
  pages={255--270},
  year={2009},
  publisher={Elsevier}
}
@article{Haberman2011,
  title={A comparative study of parametric mortality projection models},
  author={Haberman, Steven and Renshaw, Arthur},
  journal={{I}nsurance: {M}athematics and {E}conomics},
  volume={48},
  number={1},
  pages={35--55},
  year={2011},
  publisher={Elsevier}
}
@article{Haberman2013,
  title={Modelling and projecting mortality improvement rates using a cohort perspective},
  author={Haberman, Steven and Renshaw, Arthur},
  journal={{Insurance: Mathematics and Economics}},
  volume={53},
  number={1},
  pages={150--168},
  year={2013},
  publisher={Elsevier}
}
@article{Hainaut2018,
  title={A neural--network analyzer for mortality forecast},
  author={Hainaut, Donatien},
  journal={{ASTIN} {B}ulletin},
  volume={48},
  number={2},
  pages={481--508},
  year={2018},
  publisher={Cambridge University Press}
}
@article{Hart1994,
  title={Automated kernel smoothing of dependent data by using time series cross--validation},
  author={Hart, Jeffrey D},
  journal={{Journal of the Royal Statistical Society Series B: (Methodological)}},
  volume={56},
  number={3},
  pages={529--542},
  year={1994},
  publisher={Oxford University Press}
}
@book{Hastie2009,
  title={The elements of statistical learning: data mining, inference, and prediction},
  author={Hastie, Trevor and Tibshirani, Robert and Friedman, Jerome H},
  volume={2},
  year={2009},
  publisher={{Springer Series: New York, NY, USA}}
}
@article{Hatzopoulos2013,
  title={Common mortality modeling and coherent forecasts. {A}n empirical analysis of worldwide mortality data},
  author={Hatzopoulos, Petros and Haberman, Steven},
  journal={{I}nsurance: {M}athematics and {E}conomics},
  volume={52},
  number={2},
  pages={320--337},
  year={2013},
  publisher={Elsevier}
}
@article{Hoedemakers2003,
  title={Confidence bounds for discounted loss reserves},
  author={Hoedemakers, Tom and Beirlant, Jan and Goovaerts, Marc J and Dhaene, Jan},
  journal={{I}nsurance: {M}athematics and {E}conomics},
  volume={33},
  number={2},
  pages={297--316},
  year={2003},
  publisher={Elsevier}
}
@article{Holford1983,
  title={The estimation of age, period and cohort effects for vital rates},
  author={Holford, Theodore R},
  journal={Biometrics},
  pages={311--324},
  year={1983},
  publisher={JSTOR}
}
@book{Hsiao2022,
  title={Analysis of panel data},
  author={Hsiao, Cheng},
  year={2022},
  volume={4},
  publisher={{Cambridge University Press: New York, NY, USA}}
}
@article{Hunt2020,
  title={Identifiability in age/period/cohort mortality models},
  author={Hunt, Andrew and Blake, David},
  journal={Annals of {A}ctuarial {S}cience},
  volume={14},
  number={2},
  pages={500--536},
  year={2020},
  publisher={Cambridge University Press}
}
@article{Hunt2023,
  title={Mortality improvement rates: {M}odeling, parameter uncertainty, and robustness},
  author={Hunt, Andrew and Villegas, Andr{\'e}s M},
  journal={{North American Actuarial Journal}},
  volume={27},
  number={1},
  pages={47--73},
  year={2023},
  publisher={Taylor \& Francis}
}
@article{Hyndman2007,
  title={Robust forecasting of mortality and fertility rates: a functional data approach},
  author={Hyndman, Rob J and Ullah, Md Shahid},
  journal={{C}omputational {S}tatistics \& {D}ata {A}nalysis},
  volume={51},
  number={10},
  pages={4942--4956},
  year={2007},
  publisher={Elsevier}
}
@Article{Hyndman2008,
  title = {Automatic time series forecasting: the forecast package for {R}},
  author = {Rob J Hyndman and Yeasmin Khandakar},
  journal = {Journal of Statistical Software},
  volume = {26},
  number = {3},
  pages = {1--22},
  year = {2008},
  doi = {10.18637/jss.v027.i03}
}
@Manual{Hyndman2023,
  title = {{forecast}: Forecasting functions for time series and linear models},
  author = {Rob J Hyndman and George Athanasopoulos and Christoph Bergmeir and Gabriel Caceres and Leanne Chhay and Mitchell O'Hara-Wild and Fotios Petropoulos and Slava Razbash and Earo Wang and Farah Yasmeen},
  year = {2023},
  note = {R package version 8.21.1},
  url = {https://pkg.robjhyndman.com/forecast/}
}
@Manual{Hyndman2019,
  title = {demography: {F}orecasting mortality, fertility, migration and population data},
  author = {Rob J Hyndman and Heather Booth and Leonie Tickle and John Maindonald},
  year = {2019},
  note = {{R} package version 1.22},
  url = {https://CRAN.R-project.org/package=demography}
}
@book{Hyndman2021,
  title = {Forecasting: Principles and Practice},
  author = {Rob J Hyndman and George Athanasopoulos},
  year = {2021},
  edition = {3rd edition},
  publisher = {OTexts},
  address = {Melbourne, Australia},
  url = {http://OTexts.org/fpp3/}
}
@article{Hyndman2013,
  title={Coherent mortality forecasting: the product--ratio method with functional time series models},
  author={Hyndman, Rob J and Booth, Heather and Yasmeen, Farah},
  journal={Demography},
  volume={50},
  pages={261--283},
  year={2013},
  publisher={Springer}
}
@TECHREPORT{ine10b,
  author={S. Muriel and M. Cantalapiedra and F. L{\'o}pez},
  title={Towards advanced methods for computing life tables},
  institution={Instituto {N}acional de {E}stad{\'\i}stica},
  year={2010},
  url = {www.ine.es}
}
@article{Jarner2011,
  title={Modelling adult mortality in small populations: the {SAINT} model},
  author={Jarner, S{\o}ren Fiig and Kryger, Esben Masotti},
  journal={{ASTIN} {B}ulletin},
  volume={41},
  number={2},
  pages={377--418},
  year={2011},
  publisher={Cambridge University Press}
}
@book{James2013,
  title={An introduction to statistical learning with application in {R}},
  author={James, Gareth and Witten, Daniela and Hastie, Trevor and Tibshirani, Robert and others},
  volume={112},
  year={2013},
  publisher={{Springer Series: New York, NY USA}}
}
@article{Kessy2022,
  title={Mortality forecasting using stacked regression ensembles},
  author={Kessy, Salvatory R and Sherris, Michael and Villegas, Andr{\'e}s M and Ziveyi, Jonathan},
  journal={Scandinavian {A}ctuarial {J}ournal},
  volume={2022},
  number={7},
  pages={591--626},
  year={2022},
  publisher={Taylor \& Francis}
}
@article{Kleinow2015,
  title={A common age effect model for the mortality of multiple populations},
  author={Kleinow, Torsten},
  journal={{I}nsurance: {M}athematics and {E}conomics},
  volume={63},
  pages={147--152},
  year={2015},
  publisher={Elsevier}
}
@article{Koissi2006,
  title={Evaluating and extending the {L}ee--{C}arter model for mortality forecasting: {B}ootstrap confidence interval},
  author={Koissi, Marie-Claire and Shapiro, Arnold F and H{\"o}gn{\"a}s, G{\"o}ran},
  journal={Insurance: {M}athematics and {E}conomics},
  volume={38},
  number={1},
  pages={1--20},
  year={2006},
  publisher={Elsevier}
}
@article{Kung2022,
  title={Multi--population mortality modeling: {W}hen the data is too much and not enough},
  author={Kung, Ko-Lun and MacMinn, Richard D and Kuo, Weiyu and Tsai, Chenghsien Jason},
  journal={Insurance: {M}athematics and {E}conomics},
  volume={103},
  pages={41--55},
  year={2022},
  publisher={Elsevier}
}
@article{Lachenbruch1968,
  title={Estimation of error rates in discriminant analysis},
  author={Lachenbruch, Peter A and Mickey, M Ray},
  journal={{Technometrics}},
  volume={10},
  number={1},
  pages={1--11},
  year={1968},
  publisher={Taylor \& Francis}
}
@article{Lee1992,
  title={Modeling and forecasting {US} mortality},
  author={Lee, Ronald D and Carter, Lawrence R},
  journal={Journal of the {A}merican {S}tatistical {A}ssociation},
  volume={87},
  number={419},
  pages={659--671},
  year={1992},
  publisher={Taylor \& Francis}
}
@article{Lee2000,
  title={The {L}ee--{C}arter method for forecasting mortality, with various extensions and applications},
  author={Lee, Ronald D},
  journal={{N}orth {A}merican {A}ctuarial {J}ournal},
  volume={4},
  number={1},
  pages={80--91},
  year={2000},
  publisher={Taylor \& Francis}
}
@article{Lee2001,
  author = {Lee, Ronald D and Miller, Timothy},
  title = "{Evaluating the performance of the {L}ee--{C}arter method for forecasting mortality}",
  journal = {Demography},
  volume = {38},
  number = {4},
  pages = {537-549},
  year = {2001},
  month = {11},
  issn = {0070-3370},
  doi = {10.1353/dem.2001.0036},
  url = {https://doi.org/10.1353/dem.2001.0036}
}
@article{Levantesi2019,
  title={Application of machine learning to mortality modeling and forecasting},
  author={Levantesi, Susanna and Pizzorusso, Virginia},
  journal={Risks},
  volume={7},
  number={1},
  pages={26},
  year={2019},
  publisher={MDPI}
}
@article{Li2005,
  title={Coherent mortality forecasts for a group of populations: an extension of the {L}ee-{C}arter method},
  author={Li, Nan and Lee, Ronald D},
  journal={Demography},
  volume={42},
  number={3},
  pages={575--594},
  year={2005},
  publisher={Springer}
}
@article{Li2019,
  title={Mortality forecasting: {H}ow far back should we look in time?},
  author={Li, Han and O'Hare, Colin},
  journal={Risks},
  volume={7},
  number={1},
  pages={22},
  year={2019},
  publisher={MDPI}
}
@article{Li2011,
  title={Measuring basis risk in longevity hedges},
  author={Li, Johnny Siu-Hang and Hardy, Mary R},
  journal={North {A}merican {A}ctuarial {J}ournal},
  volume={15},
  number={2},
  pages={177--200},
  year={2011},
  publisher={Taylor \& Francis}
}
@article{Li2015,
  title={A step--by--step guide to building two--population stochastic mortality models},
  author={Li, Johnny Siu-Hang and Zhou, Rui and Hardy, Mary},
  journal={{I}nsurance: {M}athematics and {E}conomics},
  volume={63},
  pages={121--134},
  year={2015},
  publisher={Elsevier}
}
@article{Lindholm2022,
  title={Efficient use of data for {LSTM} mortality forecasting},
  author={Lindholm, Mathias and Palmborg, Lina},
  journal={{E}uropean {A}ctuarial {J}ournal},
  volume={12},
  pages={749--778},
  year={2022},
  publisher={Springer}
}
@article{Liu2010,
  title={Investigating mortality uncertainty using the block bootstrap},
  author={Liu, Xiaoming and Braun, W John},
  journal={Journal of {P}robability and {S}tatistics},
  volume={2010},
  pages={1--15},
  year={2010},
  publisher={Hindawi}
}
@article{Mitchell2013,
  title={Modeling and forecasting mortality rates},
  author={Mitchell, Daniel and Brockett, Patrick and Mendoza-Arriaga, Rafael and Muthuraman, Kumar},
  journal={{Insurance: Mathematics and economics}},
  volume={52},
  number={2},
  pages={275--285},
  year={2013},
  publisher={Elsevier}
}
@article{Pant1990,
  title={Innocents in the forest: {F}orecasting and research methods},
  author={Pant, P Narayan and Starbuck, William H},
  journal={{Journal of Management}},
  volume={16},
  number={2},
  pages={433--460},
  year={1990},
  publisher={Sage Publications Sage CA: Thousand Oaks, CA}
}
@article{Pascariu2019,
  title={The maximum entropy mortality model: forecasting mortality using statistical moments},
  author={Pascariu, Marius D and Lenart, Adam and Canudas-Romo, Vladimir},
  journal={{S}candinavian {A}ctuarial {J}ournal},
  volume={2019},
  number={8},
  pages={661--685},
  year={2019},
  publisher={Taylor \& Francis}
}
@Manual{Pascariu2022,
  title = {{MortalityLaws: Parametric Mortality Models, Life Tables and {HMD}}},
  author = {Pascariu, M. D. },
  year = {2022},
  note = {R package version 1.9.4},
  url = {https://CRAN.R-project.org/package=MortalityLaws}
}
@article{Perks1932,
  title={On some experiments in the graduation of mortality statistics},
  author={Perks, Wilfred},
  journal={{J}ournal of the {I}nstitute of {A}ctuaries},
  volume={63},
  number={1},
  pages={12--57},
  year={1932},
  publisher={Cambridge University Press}
}
@article{Perla2021,
  title={Time--series forecasting of mortality rates using deep learning},
  author={Perla, Francesca and Richman, Ronald and Scognamiglio, Salvatore and W{\"u}thrich, Mario V},
  journal={{S}candinavian {A}ctuarial {J}ournal},
  volume={2021},
  number={7},
  pages={572--598},
  year={2021},
  publisher={Taylor \& Francis}
}
@book{Pitacco2009,
  title={Modelling longevity dynamics for pensions and annuity business},
  author={Pitacco, Ermanno and Denuit, Michel and Haberman, Steven and Olivieri, Annamaria},
  year={2009},
  publisher={{O}xford {U}niversity {P}ress, {O}xford}
}
@Manual{R2022,
  title = {R: a language and environment for statistical computing},
  author = {{R Core Team}},
  organization = {{R} {F}oundation for {S}tatistical {C}omputing},
  address = {Vienna, Austria},
  year = {2022},
  url = {https://www.R-project.org/}
}
@article{Racine2000,
  title={Consistent cross--validatory model--selection for dependent data: hv--block cross--validation},
  author={Racine, Jeff},
  journal={{Journal of Econometrics}},
  volume={99},
  number={1},
  pages={39--61},
  year={2000},
  publisher={Elsevier}
}
@article{Renshaw2006,
  title={A cohort--based extension to the {L}ee--{C}arter model for mortality reduction factors},
  author={Renshaw, Arthur E and Haberman, Steven},
  journal={Insurance: {M}athematics and {E}conomics},
  volume={38},
  number={3},
  pages={556--570},
  year={2006},
  publisher={Elsevier}
}
@INBOOK{risk2022,
  author={David Atance and Ana Debón},
  editor={José María Sarabia and Manuela Alcañiz and Faustino Prieto and Montserrat Guillén},
  title={Contributions to {R}isk {A}nalysis: {RISK} 2022},
  chapter = {Two multi-population mortality models: {A} comparison of the forecasting accuracy with resampling methods},
  pages={51--58},
  publisher={Fundación {MAPFRE}},
  year={2022}
}
@article{Robben2022,
  title={Assessing the impact of the {COVID-19} shock on a stochastic multi--population mortality model},
  author={Robben, Jens and Antonio, Katrien and Devriendt, Sander},
  journal={Risks},
  volume={10},
  number={2},
  pages={26},
  year={2022},
  publisher={MDPI}
}
@article{Russolillo2011,
  title={Extending the {L}ee--{C}arter model: a three--way decomposition},
  author={Russolillo, Maria and Giordano, Giuseppe and Haberman, Steven},
  journal={Scandinavian {A}ctuarial {J}ournal},
  volume={2011},
  number={2},
  pages={96--117},
  year={2011},
  publisher={Taylor \& Francis}
}
@article{Schnurch2021,
  title={Clustering--based extensions of the common age effect multi--population mortality model},
  author={Schn{\"u}rch, Simon and Kleinow, Torsten and Korn, Ralf},
  journal={Risks},
  volume={9},
  number={3},
  pages={45},
  year={2021},
  publisher={MDPI}
}
@article{Shao1993,
  title={Linear model selection by cross--validation},
  author={Shao, Jun},
  journal={{Journal of the American statistical Association}},
  volume={88},
  number={422},
  pages={486--494},
  year={1993},
  publisher={Taylor \& Francis}
}
@article{Spreeuw2022,
  title={Projecting mortality rates using a {M}arkov chain},
  author={Spreeuw, Jaap and Owadally, Iqbal and Kashif, Muhammad},
  journal={Mathematics},
  volume={10},
  number={7},
  pages={1162},
  year={2022},
  publisher={MDPI}
}
@article{Sridaran2022,
  title={A group regularisation approach for constructing generalised age--period--cohort mortality projection models},
  author={{SriDaran}, Dilan and Sherris, Michael and Villegas, Andr{\'e}s M and Ziveyi, Jonathan},
  journal={{ASTIN} {B}ulletin},
  volume={52},
  number={1},
  pages={247--289},
  year={2022},
  publisher={Cambridge University Press}
}
@article{Swanson1997,
  title={Forecasting economic time series using flexible versus fixed specification and linear versus nonlinear econometric models},
  author={Swanson, Norman R and White, Halbert},
  journal={{International Journal of Forecasting}},
  volume={13},
  number={4},
  pages={439--461},
  year={1997},
  publisher={Elsevier}
}
@article{Tashman2000,
  title={Out--of--sample tests of forecasting accuracy: an analysis and review},
  author={Tashman, Leonard J},
  journal={{International Journal of Forecasting}},
  volume={16},
  number={4},
  pages={437--450},
  year={2000},
  publisher={Elsevier}
}
@book{Torgo2011,
  title={Data mining with {R}: learning with case studies},
  author={Torgo, Luis},
  year={2011},
  publisher={Chapman and {Hall/CRC: Boca Raton, FL, USA}}
}
@Manual{Turner2023,
  title = {gnm: Generalized Nonlinear Models},
  author = {Heather Turner and David Firth},
  year = {2023},
  note = {R package version 1.1-5},
  url = {https://CRAN.R-project.org/package=gnm}
}
@Manual{pxR2020,
  title = {pxR: {PC}--{A}xis with {R}},
  author = {Carlos J. {Gil-Bellosta} and Francisco J. Viciana and Oscar {Perpinan-Lamigueiro}},
  year = {2020},
  note = {R package version 0.42.4},
  url = {https://CRAN.R-project.org/package=pxR}
}
@article{Villegas2014,
  title={On the modeling and forecasting of socioeconomic mortality differentials: an application to deprivation and mortality in {E}ngland},
  author={Villegas, Andr{\'e}s M and Haberman, Steven},
  journal={North {A}merican {A}ctuarial {J}ournal},
  volume={18},
  number={1},
  pages={168--193},
  year={2014},
  publisher={Taylor \& Francis}
}
@article{Villegas2017,
  title={A comparative study of two--population models for the assessment of basis risk in longevity hedges},
  author={Villegas, Andr{\'e}s M and Haberman, Steven and Kaishev, Vladimir K and Millossovich, Pietro},
  journal={{ASTIN} {B}ulletin},
  volume={47},
  number={3},
  pages={631--679},
  year={2017},
  publisher={Cambridge University Press}
}
@Article{Villegas2018,
  title = {{StMoMo}: An {R} package for stochastic mortality modeling},
  author = {Villegas, Andr{\'e}s M and Kaishev, Vladimir K. and Millossovich, Pietro},
  journal = {{Journal of Statistical Software}},
  year = {2018},
  volume = {84},
  number = {3},
  pages = {1--38},
  doi = {10.18637/jss.v084.i03}
}
@article{Wen2021,
  title={Fitting multi--population mortality models to socio-economic groups},
  volume={15},
  DOI={10.1017/S1748499520000184},
  number={1},
  journal={Annals of {A}ctuarial {S}cience},
  publisher={Cambridge University Press},
  author={Wen, Jie and Cairns, Andrew J.G. and Kleinow, Torsten},
  year={2021},
  pages={144–172}
}
@Manual{Wickham2021,
  title = {devtools: Tools to Make Developing {R} Packages Easier},
  author = {Wickham, Hadley and Hester, Jim and Chang, Winston and Bryan, Jennifer},
  year = {2021},
  note = {R package version 2.4.3},
  url = {https://CRAN.R-project.org/package=devtools}
}
@inproceedings{Wilmoth2001,
  title={A parametric representation of mortality differentials over age and time},
  author={Wilmoth, John and Valkonen, Tapani},
  booktitle={{Fifth Seminar of the {EAPS} Working Group on Differentials in Health, Morbidity and Mortality in {Europe}, Pontignano, {Italy}}},
  year={2001}
}
@article{Yang2013,
  title={Pricing and securitization of multi--country longevity risk with mortality dependence},
  author={Yang, Sharon S and Wang, Chou-Wen},
  journal={{I}nsurance: {M}athematics and {E}conomics},
  volume={52},
  number={2},
  pages={157--169},
  year={2013},
  publisher={Elsevier}
}
@article{Zhou2014,
  title={Modeling period effects in multi--population mortality models: {A}pplications to {S}olvency {II}},
  author={Zhou, Rui and Wang, Yujiao and Kaufhold, Kai and Li, Johnny Siu-Hang and Tan, Ken Seng},
  journal={North American Actuarial Journal},
  volume={18},
  number={1},
  pages={150--167},
  year={2014},
  publisher={Taylor \& Francis}
}
