@Manual{chen2021TensorTest2D,
  title = {TensorTest2D: Fitting Second-Order Tensor Data},
  author = {Mark Chen and Sheng-Mao Chang and Wenbin Lu and Jung-Ying Tzeng and Ping-Yang Chen},
  year = {2021},
  note = {R package version 1.0.3},
  url = {https://CRAN.R-project.org/package=TensorTest2D},
}

@Manual{rafael2019dslabs,
  title = {dslabs: Data Science Labs},
  author = {Rafael A. Irizarry and Amy Gill},
  year = {2019},
  note = {R package version 0.7.3},
  url = {https://CRAN.R-project.org/package=dslabs},
}

@Article{tibshirani1996regression,
  title = {Regression Shrinkage and Selection via the Lasso},
  author = {Robert Tibshirani},
  journal = {Journal of the Royal Statistical Society: series B (Methodological)},
  volume = {58},
  number = {1},
  pages = {267--288},
  year = {1996},
  publisher = {JSTOR},
}

@Manual{TRES2020,
    title = {TRES: Tensor Regression with Envelope Structure and Three Generic
Envelope Estimation Approaches},
    author = {Wenjing Wang and Jing Zeng and Xin Zhang},
    year = {2020},
    note = {R package version 1.1.3},
    url = {https://CRAN.R-project.org/package=TRES},
}

@Manual{MWReg2019,
    title = {MultiwayRegression: Perform Tensor-on-Tensor Regression},
    author = {Eric F. Lock},
    year = {2019},
    note = {R package version 1.2},
    url = {https://CRAN.R-project.org/package=MultiwayRegression},
}

@article{Lock2018Tensor,
  author = {Eric F. Lock},
  title = {Tensor-on-Tensor Regression},
  journal = {Journal of Computationaland Graphical Statistics},
  volumn = {3},
  number = {27},
  pages = {638-647},
  year = {2018},
  doi = {10.1080/10618600.2017}
}

@article{Zhou2013Tensor,
author = { Hua   Zhou  and  Lexin   Li  and  Hongtu   Zhu },
title = {Tensor Regression with Applications in Neuroimaging Data Analysis},
journal = {Journal of the American Statistical Association},
volume = {108},
number = {502},
pages = {540-552},
year  = {2013},
doi = {10.1080/01621459.2013.776499},

URL = {https://doi.org/10.1080/01621459.2013.776499}
}


@Article{friedman2010regularization,
    title = {Regularization Paths for Generalized Linear Models via Coordinate Descent},
    author = {Jerome Friedman and Trevor Hastie and Robert Tibshirani},
    journal = {Journal of Statistical Software},
    year = {2010},
    volume = {33},
    number = {1},
    pages = {1--22},
    url = {http://www.jstatsoft.org/v33/i01/},
  }

@article{ChangYang2021bioinformatics,
    author = {Chang, Sheng-Mao and Yang, Meng and Lu, Wenbin and Huang, Yu-Jyun and Huang, Yueyang and Hung, Hung and Miecznikowski, Jeffrey C and Lu, Tzu-Pin and Tzeng, Jung-Ying},
    title = "{Gene-set integrative analysis of multi-omics data using tensor-based association test}",
    journal = {Bioinformatics},
    year = {2021},
    month = {03},
    url = {https://doi.org/10.1093/bioinformatics/btab125},
}

@article{Wald1943tams,
    author = {Wald, Abraham},
    title = "{Tests of statistical hypotheses concerning several parameters when the number of observations is large}",
    journal = {Transactions of the American Mathematical Society},
    year = {1943},
    month = {11},
    url = {https://doi.org/10.2307/1990256},
}






@Article{Wu2019ReviewMultiLevelOmics,
AUTHOR = {Wu, Cen and Zhou, Fei and Ren, Jie and Li, Xiaoxi and Jiang, Yu and Ma, Shuangge},
TITLE = {A Selective Review of Multi-Level Omics Data Integration Using Variable Selection},
JOURNAL = {High-Throughput},
VOLUME = {8},
YEAR = {2019},
NUMBER = {1},
ARTICLE-NUMBER = {4},
URL = {https://www.mdpi.com/2571-5135/8/1/4},
}

@article{Hung2012MatrixLogistic,
    author = {Hung, Hung and Wang, Chen-Chien},
    title = {Matrix variate logistic regression model with application to {EEG} data},
    journal = {Biostatistics},
    volume = {1},
    number = {14},
    pages = {189-202},
    year = {2012},
    month = {07},
    url = {https://doi.org/10.1093/biostatistics/kxs023},
}


@Article{Barretina2012CCLE,
AUTHOR = {Barretina, Jordi and Caponigro, Giordano and Stransky, Nicolas
and Venkatesan, Kavitha and Margolin, Adam A. and Kim, Sungjoon and Wilson, Christopher J. and Lehár, Joseph and Kryukov, Gregory V.
and Sonkin, Dmitriy and Reddy, Anupama and Liu, Manway and Murray, Lauren and Berger, Michael F. and Monahan, John E. and Morais, Paula
and Meltzer, Jodi and Korejwa, Adam and Jané-Valbuena, Judit and Mapa, Felipa A. and Thibault, Joseph and Bric-Furlong, Eva
and Raman, Pichai and Shipway, Aaron and Engels, Ingo H. and Cheng, Jill and Yu, Guoying K. and Yu, Jianjun and Aspesi, Peter
and de Silva, Melanie and Jagtap, Kalpana and Jones, Michael D. and Wang, Li and Hatton, Charles and Palescandolo, Emanuele
and Gupta, Supriya and Mahan, Scott and Sougnez, Carrie and Onofrio, Robert C. and Liefeld, Ted and MacConaill, Laura 
and Winckler, Wendy and Reich, Michael and Li, Nanxin and Mesirov, Jill P. and Gabriel, Stacey B. and Getz, Gad and Ardlie, Kristin
and Chan, Vivien and Myer, Vic E. and Weber, Barbara L. and Porter, Jeff and Warmuth, Markus and Finan, Peter and Harris, Jennifer L.
and Meyerson, Matthew and Golub, Todd R. and Morrissey, Michael P. and Sellers, William R. and Schlegel, Robert and Garraway, Levi A.},
TITLE = {The Cancer Cell Line Encyclopedia enables predictive modelling of anticancer drug sensitivity},
JOURNAL = {Nature},
VOLUME = {483},
pages = {603-607},
YEAR = {2012},
URL = {https://doi.org/10.1038/nature11003},
}

@article{benjamini1995controlling,
  title={Controlling the false discovery rate: a practical and powerful approach to multiple testing},
  author={Benjamini, Yoav and Hochberg, Yosef},
  journal={Journal of the Royal Statistical Society: series B (Methodological)},
  volume={57},
  number={1},
  pages={289--300},
  year={1995},
  publisher={Wiley Online Library}
}
