@Manual{Goulet+Dutang:2015,
  title = {Expm: Matrix Exponential},
  author = {Vincent Goulet and Christophe Dutang and Martin Maechler and David Firth and Marina Shapira and Michael Stadelmann and {expm-developers@lists.R-forge.R-project.org}},
  year = {2015},
  note = {R package version 0.999-0},
  url = {http://CRAN.R-project.org/package=expm},
}

@Manual{Allaire+Francois+Ushey:2016,
  title = {RcppParallel: Parallel Programming Tools for {Rcpp}},
  author = {JJ Allaire and Romain Francois and Kevin Ushey and Gregory Vandenbrouck and Marcus Geelnard and {Intel}},
  year = {2016},
  note = {R package version 4.3.20},
  url = {https://CRAN.R-project.org/package=RcppParallel},
}

@Article{jarvis:1999,
  title = {Graph-Theoretic Analysis of Finite Markov Chains},
  author = {JP Jarvis and Douglas R Shier},
  journal = {Applied mathematical modeling: a multidisciplinary approach},
  year = {1999},
  publisher = {Citeseer},
}

@Manual{Roebuck:2014,
  title = {Matlab: MATLAB Emulation Package},
  author = {P. Roebuck},
  year = {2014},
  note = {R package version 1.0.2},
  url = {http://CRAN.R-project.org/package=matlab},
}

@Manual{Bates+Maechler:2016,
  title = {Matrix: Sparse and Dense Matrix Classes and Methods},
  author = {Douglas Bates and Martin Maechler},
  year = {2016},
  note = {R package version 1.2-6},
  url = {http://CRAN.R-project.org/package=Matrix},
}

@Book{MATLAB:2017,
  year = {2017},
  author = {{MATLAB}},
  title = {Version 9.2.0 (R2017a)},
  publisher = {The MathWorks Inc.},
  address = {Natick, Massachusetts},
}

@Article{araujo:2014,
  title = {\pkg{TPmsm}: Estimation of the Transition Probabilities in 3-State Models},
  author = {{Artur Araújo} and {Luís Meira-Machado} and {Javier Roca-Pardiñas}},
  journal = {Journal of Statistical Software},
  year = {2014},
  volume = {62},
  number = {4},
  pages = {1--29},
  url = {http://www.jstatsoft.org/v62/i04/},
}

@Book{cassandras:1993,
  title = {Discrete Event Systems: Modeling and Performance Analysis},
  author = {Christos G Cassandras},
  year = {1993},
  publisher = {CRC},
}

@Book{grinstead:2012,
  title = {Introduction to Probability},
  author = {Charles Miller Grinstead and James Laurie Snell},
  year = {2012},
  publisher = {American Mathematical Soc.},
}

@Manual{limmelman:2010,
  title = {HMM: HMM - Hidden Markov Models},
  author = {Lin Himmelmann},
  year = {2010},
  note = {R package version 1.0},
  url = {https://CRAN.R-project.org/package=HMM},
}

@Article{visser:2010,
  title = {\pkg{depmixS4}: An R Package for Hidden Markov Models},
  author = {Ingmar Visser and Maarten Speekenbrink},
  journal = {Journal of Statistical Software},
  year = {2010},
  volume = {36},
  number = {7},
  pages = {1--21},
  url = {http://www.jstatsoft.org/v36/i07/},
}

@Article{kemeny:1974,
  title = {Finite Mathematics},
  author = {John G Kemeny and J Laurie Snell and Gerald L Thompson},
  journal = {DC Murdoch, Linear Algebra for Undergraduates},
  year = {1974},
}

@Manual{spedicato:2016,
  title = {\pkg{markovchain}: An {R} Package to Easily Handle Discrete Markov Chains},
  author = {{Spedicato, Giorgio Alfredo}},
  year = {2016},
  note = {R package version 0.6.5},
}

@Article{scholz:2016,
  title = {The {R} Package \pkg{clickstream}: Analyzing Clickstream Data with Markov Chains},
  author = {Michael Scholz},
  journal = {Journal of Statistical Software},
  year = {2016},
  volume = {74},
  number = {4},
  pages = {1--17},
  url = {https://doi.org/10.18637/jss.v074.i04},
}

@Article{villacorta:2016,
  title = {\pkg{FuzzyStatProb}: An R Package for the Estimation of Fuzzy Stationary Probabilities from a Sequence of Observations of an Unknown {M}arkov Chain},
  author = {{Pablo J. Villacorta} and {José L. Verdegay}},
  journal = {Journal of Statistical Software},
  year = {2016},
  volume = {71},
  number = {8},
  pages = {1--27},
  url = {https://doi.org/10.18637/jss.v071.i08},
}

@Manual{bessi:2015,
  title = {MCTM: Markov Chains Transition Matrices},
  author = {{Bessi, Alessandro}},
  year = {2015},
  note = {R package version 1.0},
  url = {http://CRAN.R-project.org/package=MCTM},
}

@Book{stewart:1994,
  title = {Introduction to the Numerical Solutions of Markov Chains},
  author = {Williams J Stewart},
  year = {1994},
  publisher = {Princeton Univ. Press},
}

@Article{filipovi:2017,
  author = {{Antoine Filipovi} and {C., Pierucci} and {Kevin, Zarca} and {Isabelle Durand-Zaleski}},
  title = {Markov Models for Health Economic Evaluation: The R Package Heemod},
  journal = {ArXiv e-prints},
  archiveprefix = {arXiv},
  primaryclass = {stat.AP},
  year = {2017},
  eprint = {1702.03252},
  note = {R package version 0.9.0},
  adsurl = {http://adsabs.harvard.edu/abs/2017arXiv170203252F},
  adsnote = {Provided by the SAO/NASA Astrophysics Data System},
  url = {https://pierucci.org/heemod},
}

@Manual{Nicholson:2013,
  title = {\pkg{DTMCPack}: Suite of Functions Related to Discrete-Time Discrete-State Markov Chains},
  author = {{Nicholson, William}},
  year = {2013},
  note = {R package version 0.1-2},
  url = {http://CRAN.R-project.org/package=DTMCPack},
}

@Article{Craig+Bruce+Sendi:2002,
  author = {Bruce A. Craig and Peter P. Sendi},
  title = {Estimation of the Transition Matrix of a Discrete-Time Markov Chain},
  journal = {Health Economics},
  volume = {11},
  number = {1},
  publisher = {John Wiley \& Sons},
  year = {2002},
}

@Article{jones:1997,
  title = {On the Evolution of the World Income Distribution},
  author = {Charles I Jones},
  journal = {Available at SSRN 59412},
  year = {1997},
}

@Book{chambers:2008,
  title = {Software for Data Analysis: Programming with {R}},
  publisher = {Springer-Verlag},
  year = {2008},
  author = {{Chambers, J.M.}},
  series = {Statistics and computing},
  isbn = {9780387759357},
  lccn = {2008922937},
}

@Article{Csardi+Nepusz:2006,
  author = {{Csardi, Gabor} and {Nepusz, Tamas}},
  title = {The \pkg{igraph} Software Package for Complex Network Research},
  journal = {InterJournal},
  year = {2006},
  volume = {Complex Systems},
  pages = {1695},
  url = {http://igraph.sf.net},
}

@Misc{renaldo:2007,
  author = {{Feres, Renaldo}},
  title = {Notes for Math 450 MATLAB Listings for Markov Chains},
  year = {2007},
  url = {http://www.math.wustl.edu/~feres/Math450Lect04.pdf},
}

@Book{dobrow:2016,
  author = {Robert P. Dobrow},
  title = {Introduction to Stochastic Processes with R},
  publisher = {John Wiley \& Sons},
  year = {2016},
}

@Misc{montgomery:2009,
  author = {{Montgomery, James}},
  title = {Communication Classes},
  year = {2009},
  url = {http://www.ssc.wisc.edu/~jmontgom/commclasses.pdf},
}

@Book{bremaud:1999,
  author = {{Brémaud, Pierre}},
  title = {Discrete-Time Markov Models},
  booktitle = {Markov Chains},
  publisher = {Springer-Verlag},
  year = {1999},
  pages = {53--93},
}

@TechReport{page:1999,
  number = {1999-66},
  author = {{Lawrence Page} and {Sergey Brin} and {Rajeev Motwani} and {Terry Winograd}},
  note = {Previous number = SIDL-WP-1999-0120},
  title = {The PageRank Citation Ranking: Bringing Order to the Web.},
  type = {Technical Report},
  publisher = {Stanford InfoLab},
  year = {1999},
  institution = {Stanford InfoLab},
  url = {http://ilpubs.stanford.edu:8090/422/},
}

@Article{markov:1907,
  title = {Issledovanie Zamechatel Nogo Sluchaya Zavisimyh Ispytanij},
  author = {Andrei Andreivich Markov},
  journal = {Izvestiya Akademii Nauk, SPb, VI seriya},
  volume = {1},
  number = {93},
  pages = {61--80},
  year = {1907},
}

@Article{jackson:2011,
  title = {Multi-State Models for Panel Data: The \pkg{msm} Package for R},
  author = {Christopher H. Jackson},
  journal = {Journal of Statistical Software},
  year = {2011},
  volume = {38},
  number = {8},
  pages = {1--29},
  url = {http://www.jstatsoft.org/v38/i08/},
}

@Article{ching:2008,
  title = {Higher-Order Multivariate Markov Chains and Their Applications},
  author = {Wai-Ki Ching and Michael K Ng and Eric S Fung},
  journal = {Linear Algebra and its Applications},
  volume = {428},
  number = {2},
  pages = {492--507},
  year = {2008},
  publisher = {Elsevier},
}

@Manual{Wolfram:2013,
  title = {{Mathematica}},
  author = {{Wolfram Research, Inc.}},
  organization = {Wolfram Research, Inc.},
  edition = {ninth},
  year = {2013},
  adddress = {Champaign, Illinois},
}

@Article{efron:1979,
  author = {{Efron, B.}},
  fjournal = {The Annals of Statistics},
  journal = {Ann. Statist.},
  number = {1},
  pages = {1--26},
  publisher = {The Institute of Mathematical Statistics},
  title = {Bootstrap Methods: Another Look at the Jackknife},
  url = {http://dx.doi.org/10.1214/aos/1176344552},
  volume = {7},
  year = {1979},
}

@Book{Eddelbuettel:2013,
  title = {Seamless {R} and {C++} Integration with \pkg{Rcpp}},
  publisher = {Springer-Verlag},
  year = {2013},
  author = {{Eddelbuettel, Dirk}},
  address = {New York},
  note = {ISBN 978-1-4614-6867-7},
}
