@Manual{Dowle+Short+Lianoglou:2014,
  title =	 {data.table: Extension of data.frame},
  author =	 {M Dowle and T Short and S Lianoglou and A Srinivasan and 
                  {with contributions from R. Saporta and E. Antonyan}},
  year =	 {2014},
  note =	 {R package version 1.9.4},
  url =		 {http://CRAN.R-project.org/package=data.table},
}

@Misc{Lumley:2014,
  author =	 {Thomas Lumley},
  year =	 {2014},
  title =	 {survey: Analysis of Complex Survey Samples},
  note =	 {R package version 3.30},
  url =		 {http://CRAN.R-project.org/package=survey},
}

@Article{Lumley:2004,
  year =	 {2004},
  author =	 {Thomas Lumley},
  title =	 {Analysis of Complex Survey Samples},
  journal =	 {Journal of Statistical Software},
  volume =	 9,
  number =	 1,
  pages =	 {1--19},
  url =		 {http://www.jstatsoft.org/v09/i01},
}


