@article{Ahn_Horen_2013,
  Author = {Ahn, S. C. and Horenstein, A. R.},
  Journal = {Econometrica},
  Number = 3,
  Pages = {1203--1227},
  Title = {Eigenvalue Ratio Test for the Number of Factors},
  Volume = 81,
  Year = 2013,
  url = {https://doi.org/10.3982/ECTA8968}
}


@article{BL2012,
  Author = {Bai, J. and  Li, K.},
  Journal = {The Annals of Statistics},
  Number = 1,
  Pages = {436--465},
  Title = {Statistical analysis of factor models of high dimension},
  Volume = 40,
  Year = 2012,
  url = {https://doi.org/10.1214/11-AOS966}
}



@article{BH1995,
  Author = {Benjamini, Y. and Hochberg, Y.},
  Journal = {Journal of the Royal Statistical Society: Series B (Methodological)},
  Number = 1,
  Pages = {289--300},
  Title = {Controlling the False Discovery Rate: A Practical and Powerful Approach to Multiple Testing},
  Volume = 57,
  Year = 1995,
  url = {https://doi.org/10.1111/j.2517-6161.1995.tb02031.x}
}


@article{BB1988,
  Author = {Barzilai, J. and Borwein, J. M.},
  Journal = {IMA Journal of Numerical Analysis},
  Number = 1,
  Pages = {141--148},
  Title = {Two-Point Step Size Gradient Methods},
  Volume = 8,
  Year = 1988,
  url = {https://doi.org/10.1093/imanum/8.1.141}
}

	
@article{CS2017,
  Author = {Cai, T. T. and Sun, W.},
  Journal = {Annual Review of Economics},
  Pages = {411--439},
  Title = {Large-Scale Global and Simultaneous Inference: Estimation and Testing in Very High Dimensions},
  Volume = 9,
  Year = 2017,
  url = {https://doi.org/10.1146/annurev-economics-063016-104355}
}


@article{CZ2019,
  Author = {Chen, X. and Zhou, W.-X.},
  Journal = {The Annals of Statistics},
  Title = {Robust Inference via Multiplier Bootstrap},
  Year = 2019,
  url = {https://arxiv.org/abs/1903.07208}
}


@article{C2001,
  Author = {Cont, R.},
  Journal = {Quantitative Finance},
  Number = 2,
  Pages = {223--236},
  Title = {Empirical properties of asset returns: stylized facts and statistical issues},
  Volume = 1,
  Year = 2001,
  url = {https://doi.org/10.1080/713665670}
}




@article{DS2012,
  Author = {Desai, K. H. and Storey, J. D.},
  Journal = {Journal of the American Statistical Association},
  Number = 497,
  Pages = {135--151},
  Title = {Cross-Dimensional Inference of Dependent High-Dimensional Data},
  Volume = 107,
  Year = 2011,
  url = {https://doi.org/10.1080/01621459.2011.645777}
}


@article{EF2011,
  Author = {Eddelbuettel, D. and Francois, R.},
  Journal = {Journal of Statistical Software},
  Number = 8,
  Pages = {1--18},
  Title = {{Rcpp}: Seamless {R} and {C++} Integration},
  Volume = 40,
  Year = 2011,
  url = {https://doi.org/10.18637/jss.v040.i08}
}



@article{ES2014,
  Author = {Eddelbuettel, D. and Sanderson, C.},
  Journal = {Computational Statistics and Data Analysis},
  Pages = {1054--1063},
  Title = {{RcppArmadillo}: Accelerating {R} with High-Performance {C++} Linear Algebra},
  Volume = 71,
  Year = 2014,
  url = {https://doi.org/10.1016/j.csda.2013.02.005}
}


@article{FH2017,
  Author = {Fan, J. and Han, X.},
  Journal = {Journal of the Royal Statistical Society: Series B (Methodological)},
  Number = 4,
  Pages = {1143--1164},
  Title = {Estimation of the false discovery proportion with unknown dependence},
  Volume = 79,
  Year = 2017,
  url = {https://doi.org/10.1111/rssb.12204}
}


@article{FHG2012,
  Author = {Fan, J. and Han, X. and Gu, W.},
  Journal = {Journal of the American Statistical Association},
  Number = 499,
  Pages = {1019--1035},
  Title = {Estimating False Discovery Proportion Under Arbitrary Covariance Dependence},
  Volume = 107,
  Year = 2012,
  url = {https://doi.org/10.1080/01621459.2012.720478}
}


@article{FKSZ2017,
  Author = {Fan, J. and Ke, Y. and Sun, Q. and Zhou, W.-X.},
  Journal = {Journal of the American Statistical Association},
  Number = 528,
  Pages = {1880--1893},
  Title = {{FarmTest}: Factor-Adjusted Robust Multiple Testing with Approximate False Discovery Control},
  Volume = 114,
  Year = 2019,
  url = {https://doi.org/10.1080/01621459.2018.1527700}
}



@article{FLW2017,
  Author = {Fan, J. and Li, Q. and Wang, Y.},
  Journal = {Journal of the Royal Statistical Society: Series B (Methodological)},
  Number = 1,
  Pages = {247--265},
  Title = {Estimation of high dimensional mean regression in the absence of symmetry and light tail assumptions},
  Volume = 79,
  Year = 2017,
  url = {https://doi.org/10.1111/rssb.12166}
}


@article{FKC2009,
  Author = {Friguet, C. and Kloareg, M. and Causeur, D.},
  Journal = {Journal of the American Statistical Association},
  Number = 488,
  Pages = {1406--1415},
  Title = {A Factor Model Approach to Multiple Testing Under Dependence},
  Volume = 104,
  Year = 2009,
  url = {https://doi.org/10.1198/jasa.2009.tm08332}
}




@article{GW2004,
  Author = {Genovese, C. and Wasserman, L.},
  Journal = {The Annals of Statistics},
  Number = 3,
  Pages = {1035--1061},
  Title = {A Stochastic Process Approach to False Discovery Control},
  Volume = 32,
  Year = 2004,
  url = {https://doi.org/10.1214/009053604000000283}
}



@article{H2012,
  Author = {Hoff, P. D.},
  Journal = {Journal of Computational and Graphical Statistics},
  Number = 2,
  Pages = {438--456},
  Title = {Simulation of the Matrix {Bingham–von} {Mises–Fisher} Distribution, With Applications to Multivariate and Relational Data},
  Volume = 18,
  Year = 2012,
  url = {https://doi.org/10.1198/jcgs.2009.07177}
}



@article{multcomp,
  Author = {Hothorn, T. and Bretz, F. and Westfall, P.},
  Journal = {Biometrical Journal},
  Number = 3,
  Pages = {346--363},
  Title = {Simultaneous Inference in General Parametric Models},
  Volume = 50,
  Year = 2008,
  url = {https://doi.org/10.1002/bimj.200810425}
}


@article{huber1,
  Author = {Huber, P. J.},
  Journal = {The Annals of Mathematical Statistics},
  Number = 1,
  Pages = {73--101},
  Title = {Robust Estimation of a Location Parameter},
  Volume = 35,
  Year = 1964,
  url = {https://doi.org/10.1214/aoms/1177703732}
}


@article{KMRSZ2019,
  Author = {Ke, Y. and Minsker, S. and Ren, Z. and Sun, Q. and Zhou, W.-X.},
  Journal = {Statistical Science},
  Number = 3,
  Pages = {454--471},
  Title = {User-Friendly Covariance Estimation for Heavy-Tailed Distributions},
  Volume = 34,
  Year = 2019,
  url = {https://doi.org/10.1214/10.1214/19-STS711}
}


@article{LamYao,
  Author = {Lam, C. and Yao, Q.},
  Journal = {The Annals of Statistics},
  Number = 2,
  Pages = {694--726},
  Title = {Factor modeling for high-dimensional time series: Inference for the number of factors},
  Volume = 40,
  Year = 2012,
  url = {https://doi.org/10.1214/12-AOS970}
}


@article{LD2019,
  Author = {Lan, W. and Du, L.},
  Journal = {Journal of Business and Economic Statistics},
  Number = 1,
  Pages = {147--157},
  Title = {A Factor-Adjusted Multiple Testing Procedure With Application to Mutual Fund Selections},
  Volume = 37,
  Year = 2019,
  url = {https://doi.org/10.1080/07350015.2017.1294078}
}



@article{LS2008,
  Author = {Leek, J. T. and Storey, J. D.},
  Journal = {Proceedings of the National Academy of Sciences of the United States of America},
  Number = 48,
  Pages = {18718--18723},
  Title = {A general framework for multiple testing dependence},
  Volume = 105,
  Year = 2008,
  url = {https://doi.org/10.1073/pnas.0808709105}
}



@article{LR2005,
  Author = {Lehmann, E. L. and Romano, J. P.},
  Journal = {The Annals of Statistics},
  Number = 3,
  Pages = {1138--1154},
  Title = {Generalizations of the Familywise Error Rate},
  Volume = 33,
  Year = 2005,
  url = {https://doi.org/10.1214/009053605000000084}
}


@article{M1963,
  Author = {Mandelbrot, B.},
  Journal = {The Journal of Business},
  Number = 4,
  Pages = {394--419},
  Title = {The variation of certain speculative prices},
  Volume = 36,
  Year = 1963,
  url = {https://www.jstor.org/stable/2350970}
}


@article{medland2014whole,
  Author = {Medland, S. and Jahanshad, N. and Neale, B. and Thompson, P.},
  Journal = {Nature Neuroscience},
  Number = 6,
  Pages = {791--800},
  Title = {Whole-genome analyses of whole-brain data: working within an expanded search space},
  Volume = 17,
  Year = 2014,
  url = {https://doi.org/10.1038/nn.3718}
}


@article{multtest,
  Author = {Pollard, K. S. and Dudoit, S. and van der Laan, M. J.},
  Journal = {Bioinformatics and Computational Biology Solutions Using R and Bioconductor, Springer},
  Pages = {249--271},
  Title = {Multiple Testing Procedures: the multtest Package and Applications to Genomics},
  Year = 2005,
  url = {https://link.springer.com/chapter/10.1007/0-387-29362-0_15}
}


@article{PH2005,
  Author = {Purdom, E. and Holmes, S. P.},
  Journal = {Statistical Applications in Genetics and Molecular Biology},
  Number = 1,
  Pages = {1--35},
  Title = {Error Distribution for Gene Expression Data},
  Volume = 4,
  Year = 2005,
  url = {https://doi.org/10.2202/1544-6115.1070}
}


@article{SC2016,
  Author = {Sanderson, C. and Curtin, R.},
  Journal = {Journal of Open Source Software},
  Number = 2,
  Pages = {26},
  Title = {{Armadillo}: A Template-Based {C++} Library for Linear Algebra},
  Volume = 1,
  Year = 2016,
  url = {https://doi.org/10.21105/joss.00026}
}



@article{S2002,
  Author = {Storey, J.D.},
  Journal = {Journal of the Royal Statistical Society: Series B (Methodological)},
  Number = 3,
  Pages = {479--498},
  Title = {A Direct Approach to False Discovery Rates},
  Volume = 64,
  Year = 2002,
  url = {https://doi.org/10.1111/1467-9868.00346}
}


@article{SZF2020,
  Author = {Sun, Q. and Zhou, W.-X. and Fan, J.},
  Journal = {Journal of the American Statistical Association},
  Number = 529,
  Pages = {254--265},
  Title = {Adaptive {Huber} Regression},
  Volume = 115,
  Year = 2020,
  url = {https://doi.org/10.1080/01621459.2018.1543124}
}


@article{ZBFL2017,
  Author = {Zhou, W.-X. and Bose, K. and Fan, J. and Liu, H.},
  Journal = {The Annals of Statistics},
  Number = 5,
  Pages = {1904--1931},
  Title = {A New Perspective on Robust {$M$}-Estimation: Finite Sample Theory and Applications to Dependence-Adjusted Multiple Testing},
  Volume = 46,
  Year = 2018,
  url = {https://doi.org/10.1214/17-AOS1606}
}


@article{WZZZ2020,
  title={A new principle for tuning-free Huber regression},
  author={Wang, L. and Zheng, C. and  Zhou, W. and Zhou, W.-X.},
  journal={Statistica Sinica},
  year={2020},
  Volume = {to appear},
  url = {https://doi:10.5705/ss.202019.0045}
}
