@Manual{Alfons2014,
  title =	 {laeken: Estimation of Indicators on Social Exclusion
                  and Poverty},
  author =	 {Alfons, A. and Holzer, J. and Templ, M.},
  year =	 {2014},
  note =	 {R package version 0.4.6},
  url =		 {http://CRAN.R-project.org/package=laeken}
}

@Manual{Arcos2015,
  title =	 {Frames2: Estimation in Dual Frame Surveys},
  author =	 {Arcos, A. and Rueda, M. and Ranalli, M. G. and
                  Molina, D.},
  year =	 {2015},
  note =	 {R package version 0.1.1},
  url =		 {http://CRAN.R-project.org/package=Frames2}
}

@ARTICLE{Bankier1986,
  author =	 {Bankier, M. D.},
  year =	 1986,
  title =	 {Estimators Based on Several Stratified Samples With
                  Applications to Multiple Frame Surveys},
  journal =	 {Journal of the American Statistical Association},
  volume =	 81,
  number =	 396,
  pages =	 {1074--1079}
}

@MISC{Deville1993,
  author =	 {Deville, J. C.},
  year =	 1993,
  title =	 {Estimation de la variance pour les enqu\^{e}tes en
                  deux phases},
  howpublished = {Manuscript, INSEE, Paris},
}

@INPROCEEDINGS{Fuller1972,
  author =	 {Fuller, W. A. and Burmeister, L. F.},
  year =	 1972,
  title =	 {Estimation for Samples Selected From Two Overlapping
                  Frames},
  booktitle =	 {ASA Proceedings of the Social Statistics Sections},
  pages =	 {245--249}
}

@Manual{Gutierrez2014,
  title =	 {TeachingSampling: Selection of Samples and Parameter
                  Estimation in Finite Population},
  author =	 {Gutierrez Rojas, H. A.},
  year =	 {2014},
  note =	 {R package version 3.2.1},
  url =		 {http://CRAN.R-project.org/package=TeachingSampling},
}

@INPROCEEDINGS{Hartley1962,
  author =	 {Hartley, H. O.},
  year =	 1962,
  title =	 {Multiple Frame Surveys},
  booktitle =	 {Proceedings of the American Statistical Association,
                  Social Statistics Sections},
  pages =	 {203--206}
}

@ARTICLE{Hartley1974,
  author =	 {Hartley, H. O.},
  year =	 1974,
  title =	 {Multiple Frame Methodology and Selected
                  Applications},
  volume =	 {36},
  number =	 3,
  journal =	 {Sankhy\=a C},
  pages =	 {99--118}
}

@ARTICLE{Kalton1986,
  author =	 {Kalton, G. and Anderson, D. W.},
  year =	 1986,
  title =	 {Sampling Rare Populations},
  volume =	 {149},
  number =	 1,
  journal =	 {Journal of the Royal Statistical Society A},
  pages =	 {65--82}
}

@ARTICLE{Lohr2000,
  author =	 {Lohr, S. and Rao, J.N.K.},
  year =	 2000,
  title =	 {Inference in Dual Frame Surveys},
  volume =	 {95},
  number =	 {449},
  journal =	 {Journal of the American Statistical Association},
  pages =	 {271--280}
}

@Manual{Lumley2014,
  title =	 {survey: Analysis of Comples Survey Samples},
  author =	 {Lumley, T.},
  year =	 {2014},
  note =	 {R package version 3.30},
  url =		 {http://CRAN.R-project.org/package=survey}
}

@ARTICLE{Mecatti2007,
  author =	 {Mecatti, F.},
  year =	 2007,
  title =	 {A Single Frame Multiplicity Estimator for Multiple
                  Frame Surveys},
  volume =	 33,
  number =	 2,
  journal =	 {Survey Methodology},
  pages =	 {151--158}
}

@Manual{PCCARP,
  author =	 {Fuller, W. A. and Kennedy, W. and Schell, D. and
                  Sullivan, G. and Park, H. J.},
  title =	 {PCCARP},
  year =	 {1989},
  address =	 {Iowa State University Statistical Laboratory},
}

@ARTICLE{Quenouille1949b,
  author =	 {Quenouille, M. H.},
  year =	 1949,
  title =	 {Problems in Plane Sampling},
  volume =	 {20},
  number =	 3,
  journal =	 {The Annals of Mathematical Statistics},
  pages =	 {355--375}
}

@ARTICLE{Quenouille1956,
  author =	 {Quenouille, M. H.},
  year =	 1956,
  title =	 {Notes on Bias in Estimation},
  volume =	 {43},
  number =	 {3/4},
  journal =	 {Biometrika},
  pages =	 {353--360}
}

@UNPUBLISHED{Ranalli2013,
  author =	 {Ranalli, M. G. and Arcos, A. and Rueda, M. and
                  Teodoro, A.},
  title =	 {Calibration Estimators in Dual Frames Surveys},
  note =	 {arXiv:1312.0761 [stat.ME]},
  year =	 2013
}

@INPROCEEDINGS{Rao1996,
  author =	 {Rao, J. N. K. and Skinner, C. J.},
  year =	 1996,
  title =	 {Estimation in Dual Frame Surveys With Complex
                  Designs},
  booktitle =	 {Proceedings of the Survey Method Section,
                  Statistical Society of Canada},
  pages =	 {63--68}
}

@ARTICLE{Rao2010,
  author =	 {Rao, J. N. K. and Wu, C.},
  year =	 2010,
  title =	 {Pseudo Empirical Likelihood Inference for Multiple
                  Frame Surveys},
  volume =	 105,
  number =	 492,
  journal =	 {Journal of the American Statistical Association},
  pages =	 {1494--1503}
}

@Manual{SAS,
  author  = {{SAS Institute Inc.}},
  title   = {SAS Software, Version~9.4},
  year    = {2013},
  address = {Cary, NC},
  url     = {http://www.sas.com/}
}

@ARTICLE{Skinner1996,
  author =	 {Skinner, C. J. and Rao, J. N. K.},
  year =	 1996,
  title =	 {Estimation in Dual Frame Surveys With Complex
                  Designs},
  journal =	 {Journal of the American Statistical Association},
  volume =	 91,
  number =	 443,
  pages =	 {349--356}
}

@ARTICLE{Skinner1991,
  author =	 {Skinner, C. J.},
  year =	 1991,
  title =	 {On the Efficiency of Raking Ratio Estimation for
                  Multiple Frame Surveys},
  journal =	 {Journal of the American Statistical Association},
  volume =	 86,
  number =	 415,
  pages =	 {779--784}
}

@Manual{SPSS,
  author =	 {{IBM Corporation}},
  title =	 {IBM SPSS Statistics for Windows, Version~22.0},
  year =	 {2013},
  address =	 {Armonk, NY},
  url =		 {http://www.ibm.com/software/analytics/spss/}
}

@Manual{Stata,
  author =	 {{Stata Corporation}},
  title =	 {Stata Statistical Software, Version~14.0},
  year =	 {2015},
  address =	 {College Station, TX},
  url =		 {http://www.stata.com/}
}

@Manual{SUDAAN,
  author =	 {{Research Triangle Institute}},
  title =	 {SUDAAN, Version~11.0.1},
  year =	 {2013},
  address =	 {Research Triangle Park, NC},
  url =		 {http://www.rti.org/sudaan/}
}

@Manual{SYSTAT,
  author =	 {{Systat Software Inc.}},
  title =	 {Systat, Version~13.0},
  year =	 {2009},
  address =	 {San Jose, California},
  url =		 {http://www.systat.com}
}

@Manual{Templ2014,
  title =	 {CRAN Task View: Official Statistics and Survey
                  Methodology},
  author =	 {Templ, M.},
  year =	 {2014},
  url =		 {
                  http://CRAN.R-project.org/view=OfficialStatistics}
}

@Manual{Tille2012,
  title =	 {sampling: Survey Sampling},
  author =	 {Till\'e, Y. and Matei, A.},
  year =	 {2012},
  note =	 {R package version 2.5},
  url =		 {http://CRAN.R-project.org/package=sampling}
}

@BOOK{Wolter2007,
  author =	 {Wolter, K. M.},
  year =	 2007,
  title =	 {Introduction to Variance Estimation},
  publisher =	 {Springer},
  address =	 {New York},
  edition =	 {2nd}
}

@MISC{Wu2004b,
  author =	 {Wu, C.},
  year =	 2004,
  title =	 {R/S-PLUS Implementation of Pseudo Empirical
                  Likelihood Methods under Unequal Probability
                  Sampling},
  howpublished = {Working paper 2004-07, Department of Statistics and
                  Actuarial Science, University of Waterloo},
  pages =	 {63 -- 68}
}

@ARTICLE{Wu2005,
  author =	 {Changbao Wu},
  title =	 {Algorithms and {R} codes for the pseudo empirical
                  likelihood method in survey sampling},
  journal =	 {Survey Methodology},
  year =	 {2005},
  volume =	 {31},
  number =	 2,
  pages =	 {239--243}
}







