% put bibtex entries here!
@article{makalic2016high,
  title={High-dimensional Bayesian regularised regression with the BayesReg package},
  author={Makalic, Enes and Schmidt, Daniel F},
  journal={arXiv preprint arXiv:1611.06649},
  year={2016}
}

@article{fox2012package,
  title={Package ‘car’},
  author={Fox, John and Weisberg, Sanford and Adler, Daniel and Bates, Douglas and Baud-Bovy, Gabriel and Ellison, Steve and Firth, David and Friendly, Michael and Gorjanc, Gregor and Graves, Spencer and others},
  journal={Vienna: R Foundation for Statistical Computing},
  volume={16},
  year={2012}
}

@article{Watanabe2019review,
  title={A global overview of pleiotropy and genetic
   architecture in complex traits},
  author={Watanabe, Kyoko and Stringer, Sven and Frei, Oleksandr and others},
  journal={Nature Genetics},
  volume={51},
  number={9},
  pages={1339--1348},
  year={2019},
  publisher={Nature Publishing Group US}
}

@article{li2020dynamic,
  title={Dynamic incorporation of multiple in silico functional annotations empowers rare variant association analysis   of large whole-genome sequencing studies at scale},
  author={Li, Xihao and Li, Zilin and Zhou, Hufeng and Gaynor, Sheila M and Liu, Yaowu and Chen, Han and Sun, Ryan and   Dey, Rounak and Arnett, Donna K and Aslibekyan, Stella and others},
  journal={Nature genetics},
  volume={52},
  number={9},
  pages={969--983},
  year={2020},
  publisher={Nature Publishing Group}
}



@article{liu2018multiple,
  title={Multiple phenotype association tests using summary statistics in genome-wide association studies},
  author={Liu, Zhonghua and Lin, Xihong},
  journal={Biometrics},
  volume={74},
  number={1},
  pages={165--175},
  year={2018},
  publisher={Wiley Online Library}
}

@article{malo2008accommodating,
  title={Accommodating linkage disequilibrium in genetic-association analyses via ridge regression},
  author={Malo, Nathalie and Libiger, Ondrej and Schork, Nicholas J},
  journal={The American Journal of Human Genetics},
  volume={82},
  number={2},
  pages={375--385},
  year={2008},
  publisher={Elsevier}
}



@article{Chung2014-dg,
  title={GPA: a statistical approach to prioritizing GWAS results by integrating pleiotropy and annotation},
  author={Chung, Dongjun and Yang, Can and Li, Cong and Gelernter, Joel and Zhao, Hongyu},
  journal={PLoS genetics},
  volume={10},
  number={11},
  pages={e1004787},
  year={2014},
  publisher={Public Library of Science San Francisco, USA}
}

@article{van2009survival,
  title={Survival prediction using gene expression data: a review and comparison},
  author={Van Wieringen, Wessel N and Kun, David and Hampel, Regina and Boulesteix, Anne-Laure},
  journal={Computational statistics \& data analysis},
  volume={53},
  number={5},
  pages={1590--1603},
  year={2009},
  publisher={Elsevier}
}


@article{bair2006prediction,
  title={Prediction by supervised principal components},
  author={Bair, Eric and Hastie, Trevor and Paul, Debashis and Tibshirani, Robert},
  journal={Journal of the American Statistical Association},
  volume={101},
  number={473},
  pages={119--137},
  year={2006},
  publisher={Taylor \& Francis}
}
@article{stanislas2017eigen,
  title={Eigen-epistasis for detecting gene-gene interactions},
  author={Stanislas, Virginie and Dalmasso, Cyril and Ambroise, Christophe},
  journal={BMC bioinformatics},
  volume={18},
  number={1},
  pages={1--14},
  year={2017},
  publisher={Springer}
}


@article{truong2021multiethnic,
  title={Multiethnic genome-wide association study of differentiated thyroid cancer in the EPITHYR consortium},
  author={Truong, Therese and Lesueur, Fabienne and Sugier, Pierre-Emmanuel and Guibon, Julie and Xhaard, Constance and Karimi, Mojgan and Kulkarni, Om and Lucotte, Elise A and Bacq-Daian, Delphine and Boland-Auge, Anne and others},
  journal={International Journal of Cancer},
  volume={148},
  number={12},
  pages={2935--2946},
  year={2021},
  publisher={Wiley Online Library}
}

@article{zhang2020genome,
  title={Genome-wide association study identifies 32 novel breast cancer susceptibility loci from overall and subtype-specific analyses},
  author={Zhang, Haoyu and Ahearn, Thomas U and Lecarpentier, Julie and Barnes, Daniel and Beesley, Jonathan and Qi, Guanghao and Jiang, Xia and O’Mara, Tracy A and Zhao, Ni and Bolla, Manjeet K and others},
  journal={Nature genetics},
  volume={52},
  number={6},
  pages={572--581},
  year={2020},
  publisher={Nature Publishing Group}
}


@article{lee2021pleio,
  title={PLEIO: a method to map and interpret pleiotropic loci with GWAS summary statistics},
  author={Lee, Cue Hyunkyu and Shi, Huwenbo and Pasaniuc, Bogdan and Eskin, Eleazar and Han, Buhm},
  journal={The American Journal of Human Genetics},
  volume={108},
  number={1},
  pages={36--48},
  year={2021},
  publisher={Elsevier}
}


@article{boehm2019qtl2pleio,
  title={qtl2pleio: Testing pleiotropy vs. separate QTL in multiparental populations},
  author={Boehm, Frederick and Yandell, Brian and Broman, Karl W},
  journal={Journal of open source software},
  volume={4},
  number={38},
  pages={1435},
  year={2019}
}









@article{brooks1998general,
  title={General methods for monitoring convergence of iterative simulations},
  author={Brooks, Stephen P and Gelman, Andrew},
  journal={Journal of computational and graphical statistics},
  volume={7},
  number={4},
  pages={434--455},
  year={1998},
  publisher={Taylor \& Francis Group}
}

@article{gelman1992inference,
  title={Inference from iterative simulation using multiple sequences},
  author={Gelman, Andrew and Rubin, Donald B and others},
  journal={Statistical science},
  volume={7},
  number={4},
  pages={457--472},
  year={1992},
  publisher={Institute of Mathematical Statistics}
}

@article{mitchell1988bayesian,
  title={Bayesian variable selection in linear regression},
  author={Mitchell, Toby J and Beauchamp, John J},
  journal={Journal of the American Statistical Association},
  volume={83},
  number={404},
  pages={1023--1032},
  year={1988},
  publisher={Taylor \& Francis Group}
}

@ARTICLE{xu2015bayesian,
  title={Bayesian variable selection and estimation for group lasso},
  author={Xu, Xiaofan and Ghosh, Malay and others},
  journal={Bayesian Analysis},
  volume={10},
  number={4},
  pages={909--936},
  year={2015},
  publisher={International Society for Bayesian Analysis}
}

@article{george1993variable,
  title={Variable selection via Gibbs sampling},
  author={George, Edward I and McCulloch, Robert E},
  journal={Journal of the American Statistical Association},
  volume={88},
  number={423},
  pages={881--889},
  year={1993},
  publisher={Taylor \& Francis}
}

@article{kichaev2017improved,
  title={Improved methods for multi-trait fine mapping of pleiotropic risk loci},
  author={Kichaev, Gleb and Roytman, Megan and Johnson, Ruth and Eskin, Eleazar and Lindstroem, Sara and Kraft, Peter and Pasaniuc, Bogdan},
  journal={Bioinformatics},
  volume={33},
  number={2},
  pages={248--255},
  year={2017},
  publisher={Oxford University Press}
}

@article{zhu2015meta,
  title={Meta-analysis of correlated traits via summary statistics from GWASs with an application in hypertension},
  author={Zhu, Xiaofeng and Feng, Tao and Tayo, Bamidele O and Liang, Jingjing and Young, J Hunter and Franceschini, Nora and Smith, Jennifer A and Yanek, Lisa R and Sun, Yan V and Edwards, Todd L and others},
  journal={The American Journal of Human Genetics},
  volume={96},
  number={1},
  pages={21--36},
  year={2015},
  publisher={Elsevier}
}

@article{liu2016eps,
  title={EPS: an empirical Bayes approach to integrating pleiotropy and tissue-specific information for prioritizing risk genes},
  author={Liu, Jin and Wan, Xiang and Ma, Shuangge and Yang, Can},
  journal={Bioinformatics},
  volume={32},
  number={12},
  pages={1856--1864},
  year={2016},
  publisher={Oxford University Press}
}

@article{wei2016gpa,
  title={GPA-MDS: a visualization approach to investigate genetic architecture among phenotypes using GWAS results},
  author={Wei, Wei and Ramos, Paula S and Hunt, Kelly J and Wolf, Bethany J and Hardiman, Gary and Chung, Dongjun},
  journal={International journal of genomics},
  volume={2016},
  year={2016},
  publisher={Hindawi}
}

@article{chung2014gpa,
  title={GPA: a statistical approach to prioritizing GWAS results by integrating pleiotropy and annotation},
  author={Chung, Dongjun and Yang, Can and Li, Cong and Gelernter, Joel and Zhao, Hongyu},
  journal={PLoS Genet},
  volume={10},
  number={11},
  pages={e1004787},
  year={2014},
  publisher={Public Library of Science}
}

@article{asimit2015bayesian,
  title={A Bayesian approach to the overlap analysis of epidemiologically linked traits},
  author={Asimit, Jennifer L and Panoutsopoulou, Kalliope and Wheeler, Eleanor and Berndt, Sonja I and GIANT consortium, the arcOGEN consortium and Cordell, Heather J and Morris, Andrew P and Zeggini, Eleftheria and Barroso, Ines},
  journal={Genetic epidemiology},
  volume={39},
  number={8},
  pages={624--634},
  year={2015},
  publisher={Wiley Online Library}
}

@article{andreassen2013improved,
  title={Improved detection of common variants associated with schizophrenia and bipolar disorder using pleiotropy-informed conditional false discovery rate},
  author={Andreassen, Ole A and Thompson, Wesley K and Schork, Andrew J and Ripke, Stephan and Mattingsdal, Morten and Kelsoe, John R and Kendler, Kenneth S and ODonovan, Michael C and Rujescu, Dan and Werge, Thomas and others},
  journal={PLoS Genet},
  volume={9},
  number={4},
  pages={e1003455},
  year={2013},
  publisher={Public Library of Science}
}

@article{cotsapas2011pervasive,
  title={Pervasive sharing of genetic effects in autoimmune disease},
  author={Cotsapas, Chris and Voight, Benjamin F and Rossin, Elizabeth and Lage, Kasper and Neale, Benjamin M and Wallace, Chris and Abecasis, Goncalo R and Barrett, Jeffrey C and Behrens, Timothy and Cho, Judy and others},
  journal={PLoS Genet},
  volume={7},
  number={8},
  pages={e1002254},
  year={2011},
  publisher={Public Library of Science}
}

@article{hla2009common,
  title={Common polygenic variation contributes to risk of schizophrenia and bipolar disorder},
  author={HLA-C, HLAA},
  year={2009}
}

@article{cichonska2016metacca,
  title={metaCCA: summary statistics-based multivariate meta-analysis of genome-wide association studies using canonical correlation analysis},
  author={Cichonska, Anna and Rousu, Juho and Marttinen, Pekka and Kangas, Antti J and Soininen, Pasi and Lehtimaki, Terho and Raitakari, Olli T and Jarvelin, Marjo-Riitta and Salomaa, Veikko and Ala-Korpela, Mika and others},
  journal={Bioinformatics},
  volume={32},
  number={13},
  pages={1981--1989},
  year={2016},
  publisher={Oxford University Press}
}

@article{bhattacharjee2012subset,
  title={A Subset-Based Approach Improves Power and Interpretation for the Combined Analysis of Genetic Association Studies of Heterogeneous Traits},
  author={Bhattacharjee, Samsiddhi and Rajaraman, Preetha and Jacobs, Kevin B and Wheeler, William A and Melin, Beatrice S and Hartge, Patricia and Yeager, Meredith and Chung, Charles C and Chanock, Stephen J and Chatterjee, Nilanjan},
  journal={The American Journal of Human Genetics},
  volume={90},
  number={5},
  pages={821--835},
  year={2012},
  publisher={Elsevier}
}

@article{broc2021penalized,
  title={Penalized partial least squares for pleiotropy},
  author={Broc, Camilo and Truong, Therese and Liquet, Benoit},
  journal={BMC bioinformatics},
  volume={22},
  number={1},
  pages={1--31},
  year={2021},
  publisher={Springer}
}

@article{lu2017powerful,
  title={A powerful approach to estimating annotation-stratified genetic covariance via GWAS summary statistics},
  author={Lu, Qiongshi and Li, Boyang and Ou, Derek and Erlendsdottir, Margret and Powles, Ryan L and Jiang, Tony and Hu, Yiming and Chang, David and Jin, Chentian and Dai, Wei and others},
  journal={The American Journal of Human Genetics},
  volume={101},
  number={6},
  pages={939--964},
  year={2017},
  publisher={Elsevier}
}

@article{trochet2019bayesian,
  title={Bayesian meta-analysis across genome-wide association studies of diverse phenotypes},
  author={Trochet, Holly and Pirinen, Matti and Band, Gavin and Jostins, Luke and McVean, Gilean and Spencer, Chris CA},
  journal={Genetic epidemiology},
  volume={43},
  number={5},
  pages={532--547},
  year={2019},
  publisher={Wiley Online Library}
}

@article{krapohl2018multi,
  title={Multi-polygenic score approach to trait prediction},
  author={Krapohl, Eva and Patel, Hamel and Newhouse, Stephen and Curtis, Charles J and von Stumm, Sophie and Dale, Philip S and Zabaneh, Delilah and Breen, Gerome and OReilly, Paul F and Plomin, Robert},
  journal={Molecular psychiatry},
  volume={23},
  number={5},
  pages={1368--1374},
  year={2018},
  publisher={Nature Publishing Group}
}

@article{majumdar2018efficient,
  title={An efficient Bayesian meta-analysis approach for studying cross-phenotype genetic associations},
  author={Majumdar, Arunabha and Haldar, Tanushree and Bhattacharya, Sourabh and Witte, John S},
  journal={PLoS genetics},
  volume={14},
  number={2},
  pages={e1007139},
  year={2018},
  publisher={Public Library of Science}
}

@article{verma2016emerge,
  title={eMERGE Phenome-Wide Association Study (PheWAS) identifies clinical associations and pleiotropy for stop-gain variants},
  author={Verma, Anurag and Verma, Shefali S and Pendergrass, Sarah A and Crawford, Dana C and Crosslin, David R and Kuivaniemi, Helena and Bush, William S and Bradford, Yuki and Kullo, Iftikhar and Bielinski, Suzette J and others},
  journal={BMC Medical Genomics},
  volume={9},
  number={1},
  pages={19--25},
  year={2016},
  publisher={Springer}
}


@article{ray2020powerful,
  title={A powerful method for pleiotropic analysis under composite null hypothesis identifies novel shared loci between Type 2 Diabetes and Prostate Cancer},
  author={Ray, Debashree and Chatterjee, Nilanjan},
  journal={PLoS genetics},
  volume={16},
  number={12},
  pages={e1009218},
  year={2020},
  publisher={Public Library of Science}
}


@article{hackinger2017statistical,
  title={Statistical methods to detect pleiotropy in human complex traits},
  author={Hackinger, Sophie and Zeggini, Eleftheria},
  journal={Open biology},
  volume={7},
  number={11},
  pages={170125},
  year={2017},
  publisher={The Royal Society}
}

@article{yi2019bhglm,
  title={BhGLM: Bayesian hierarchical GLMs and survival models, with applications to genomics and epidemiology},
  author={Yi, Nengjun and Tang, Zaixiang and Zhang, Xinyan and Guo, Boyi},
  journal={Bioinformatics},
  volume={35},
  number={8},
  pages={1419--1421},
  year={2019},
  publisher={Oxford University Press}
}

@incollection{efron1992bootstrap,
  title={Bootstrap methods: another look at the jackknife},
  author={Efron, Bradley},
  booktitle={Breakthroughs in statistics},
  pages={569--593},
  year={1992},
  publisher={Springer}
}

@article{ullah2018lmridge,
  title={lmridge: A Comprehensive R Package for Ridge Regression.},
  author={Ullah, Muhammad Imdad and Aslam, Muhammad and Altaf, Saima},
  journal={R J.},
  volume={10},
  number={2},
  pages={326},
  year={2018}
}


@article{moritz2017ridge,
  title={ridge: Ridge regression with automatic selection of the penalty parameter},
  author={Moritz, S and Cule, E},
  journal={R package version},
  volume={2},
  year={2017}
}

@article{hastie2014glmnet,
  title={Glmnet vignette},
  author={Hastie, Trevor and Qian, Junyang},
  journal={Retrieved June},
  volume={9},
  number={2016},
  pages={1--30},
  year={2014}
}

@article{goeman2018package,
  title={Package penalized},
  author={Goeman, Jelle and Meijer, Rosa and Chaturvedi, Nimisha and Lueder, Matthew and Goeman, Maintainer Jelle and Rcpp, Imports and Rcpp, LinkingTo},
  journal={R package version},
  year={2018}
}

@article{kilinc2013package,
  title={Package ltsbase},
  author={Kilinc, Betul Kan and Alpu, Ozlem and Kilinc, Maintainer Betul Kan},
  year={2013},
  publisher={Citeseer}
}

@article{dissanayake2013package,
  title={Package ‘lrmest’},
  author={Dissanayake, Ajith and Wijekoon, P},
  year={2013},
  publisher={Citeseer}
}


@book{hilt1977ridge,
  title={Ridge, a computer program for calculating ridge regression estimates},
  author={Hilt, Donald E and Seegrist, Donald W},
  volume={236},
  year={1977},
  publisher={Department of Agriculture, Forest Service, Northeastern Forest Experiment~…}
}


@book{fox2018r,
  title={An R companion to applied regression},
  author={Fox, John and Weisberg, Sanford},
  year={2018},
  publisher={Sage publications}
}

@book{vittinghoff2011regression,
  title={Regression methods in biostatistics: linear, logistic, survival, and repeated measures models},
  author={Vittinghoff, Eric and Glidden, David V and Shiboski, Stephen C and McCulloch, Charles E},
  year={2011},
  publisher={Springer Science \& Business Media}
}

@book{gareth2013introduction,
  title={An introduction to statistical learning: with applications in R},
  author={Gareth, James and Daniela, Witten and Trevor, Hastie and Robert, Tibshirani},
  year={2013},
  publisher={Spinger}
}

@book{menard2002applied,
  title={Applied logistic regression analysis},
  author={Menard, Scott},
  volume={106},
  year={2002},
  publisher={Sage}
}

@article{johnston2018confounding,
  title={Confounding and collinearity in regression analysis: a cautionary tale and an alternative procedure, illustrated by studies of British voting behaviour},
  author={Johnston, Ron and Jones, Kelvyn and Manley, David},
  journal={Quality \& quantity},
  volume={52},
  number={4},
  pages={1957--1976},
  year={2018},
  publisher={Springer}
}

@book{saleh2019theory,
  title={Theory of ridge regression estimation with applications},
  author={Saleh, AK Md Ehsanes and Arashi, Mohammad and Kibria, BM Golam},
  volume={285},
  year={2019},
  publisher={John Wiley \& Sons}
}

@book{dunn2018generalized,
  title={Generalized linear models with examples in R},
  author={Dunn, Peter K and Smyth, Gordon K},
  year={2018},
  publisher={Springer}
}

@book{agresti2018introduction,
  title={An introduction to categorical data analysis},
  author={Agresti, Alan},
  year={2018},
  publisher={John Wiley \& Sons}
}

@book{mccullagh2019generalized,
  title={Generalized linear models},
  author={McCullagh, Peter},
  year={2019},
  publisher={Routledge}
}

@article{solovieff2013pleiotropy,
  title={Pleiotropy in complex traits: challenges and strategies},
  author={Solovieff, Nadia and Cotsapas, Chris and Lee, Phil H and Purcell, Shaun M and Smoller, Jordan W},
  journal={Nature Reviews Genetics},
  volume={14},
  number={7},
  pages={483--495},
  year={2013},
  publisher={Nature Publishing Group}
}

@book{efron2012large,
  title={Large-scale inference: empirical Bayes methods for estimation, testing, and prediction},
  author={Efron, Bradley},
  volume={1},
  year={2012},
  publisher={Cambridge University Press}
}

@article{baghfalaki2021bayesian,
  title={Bayesian meta-analysis models for cross cancer genomic investigation of pleiotropic effects using group structure},
  author={Baghfalaki, Taban and Sugier, Pierre-Emmanuel and Truong, Therese and Pettitt, Anthony N and Mengersen, Kerrie and Liquet, Benoit},
  journal={Statistics in Medicine},
  volume={40},
  number={6},
  pages={1498--1518},
  year={2021},
  publisher={Wiley Online Library}
}


