%% This BibTeX bibliography file was created using BibDesk.
%% https://bibdesk.sourceforge.io/

%% Created for Catherine Hurley at 2023-02-10 19:44:41 +0000 


%% Saved with string encoding Unicode (UTF-8) 



@manual{R,
	address = {Vienna, Austria},
	author = {{R Core Team}},
	note = {{ISBN} 3-900051-07-0},
	organization = {R Foundation for Statistical Computing},
	title = {R: A Language and Environment for Statistical Computing},
	url = {https://www.R-project.org/},
	year = {2016},
	bdsk-url-1 = {https://www.R-project.org/}}

@article{ihaka:1996,
	author = {Ihaka, Ross and Gentleman, Robert},
	journal = {Journal of Computational and Graphical Statistics},
	number = 3,
	pages = {299--314},
	title = {R: A Language for Data Analysis and Graphics},
	url = {https://doi.org/10.1080/10618600.1996.10474713},
	volume = 5,
	year = 1996,
	bdsk-url-1 = {https://doi.org/10.1080/10618600.1996.10474713}}

@article{behrouzi2019detecting,
	author = {Behrouzi, Pariya and Wit, Ernst C},
	journal = {Journal of the Royal Statistical Society: Series C (Applied Statistics)},
	number = {1},
	pages = {141--160},
	publisher = {Wiley Online Library},
	title = {Detecting Epistatic Selection with Partially Observed Genotype Data by Using Copula Graphical Models},
	volume = {68},
	year = {2019}}

@article{behrouzi2019novo,
	author = {Behrouzi, Pariya and Wit, Ernst C},
	journal = {Bioinformatics},
	number = {7},
	pages = {1083--1093},
	publisher = {Oxford University Press},
	title = {De novo Construction of Polyploid Linkage Maps Using Discrete Graphical Models},
	volume = {35},
	year = {2019}}

@article{taylor2017r,
	author = {Taylor, Julian and Butler, David},
	journal = {Journal of Statistical Software},
	number = {6},
	title = {R Package ASMap: Efficient Genetic Linkage Map Construction and Diagnosis},
	volume = {79},
	year = {2017}}

@book{lauritzen1996graphical,
	author = {Lauritzen, S.L.},
	publisher = {Oxford University Press, USA},
	title = {Graphical Models},
	volume = {17},
	year = {1996}}

@article{buetow1987multipoint,
	author = {Buetow, Kenneth H and Chakravarti, Aravinda},
	journal = {American Journal of Human Genetics},
	number = {2},
	pages = {180},
	publisher = {Elsevier},
	title = {Multipoint Gene Mapping Using Seriation. I. General Methods.},
	volume = {41},
	year = {1987}}

@article{doerge1996constructing,
	author = {Doerge, RW and others},
	journal = {Journal of Agricultural Genomics},
	number = {6},
	title = {Constructing Genetic Maps by Rapid Chain Delineation},
	volume = {2},
	year = {1996}}

@article{van2005record,
	author = {Van Os, Hans and Stam, Piet and Visser, Richard GF and Van Eck, Herman J},
	journal = {Theoretical and Applied Genetics},
	number = {1},
	pages = {30--40},
	publisher = {Springer},
	title = {RECORD: A Novel Method for Ordering Loci on a Genetic Linkage Map},
	volume = {112},
	year = {2005}}

@article{tan2006novel,
	author = {Tan, Yuan-De and Fu, Yun-Xin},
	journal = {Genetics},
	number = {4},
	pages = {2383--2390},
	publisher = {Genetics Soc America},
	title = {A Novel Method for Estimating Linkage Maps},
	volume = {173},
	year = {2006}}

@inproceedings{schiex1997cartagene,
	author = {Schiex, Thomas and Gaspin, Christine},
	booktitle = {Proceedings of the fifth international conference on Intelligent Systems for Molecular Biology},
	title = {Cartagene: Constructing and Joining Maximum Likelihood Genetic Maps},
	year = {1997}}

@article{jansen2001constructing,
	author = {Jansen, J and De Jong, AG and Van Ooijen, JW},
	journal = {Theoretical and Applied Genetics},
	number = {6-7},
	pages = {1113--1122},
	publisher = {Springer},
	title = {Constructing Dense Genetic Linkage Maps},
	volume = {102},
	year = {2001}}

@article{margarido2007onemap,
	author = {Margarido, GRA and Souza, AP and Garcia, AAF},
	journal = {Hereditas},
	number = {3},
	pages = {78--79},
	publisher = {Wiley Online Library},
	title = {OneMap: Software for Genetic Mapping in Outcrossing Species},
	volume = {144},
	year = {2007}}

@article{grandke2017pergola,
	author = {Grandke, Fabian and Ranganathan, Soumya and van Bers, Nikkie and de Haan, Jorn R and Metzler, Dirk},
	journal = {BMC Bioinformatics},
	number = {1},
	pages = {12},
	publisher = {BioMed Central},
	title = {PERGOLA: Fast and Deterministic Linkage Mapping of Polyploids},
	volume = {18},
	year = {2017}}

@article{broman2003r,
	author = {Broman, Karl W and Wu, Hao and Sen, Saunak and Churchill, Gary A},
	journal = {Bioinformatics},
	number = {7},
	pages = {889--890},
	publisher = {Oxford Univ Press},
	title = {R/qtl: QTL Mapping in Experimental Crosses},
	volume = {19},
	year = {2003}}

@article{hackett2003tetraploidmap,
	author = {Hackett, CA and Luo, ZW},
	journal = {Journal of Heredity},
	number = {4},
	pages = {358--359},
	publisher = {Am Genetic Assoc},
	title = {TetraploidMap: Construction of a Linkage Map in Autotetraploid Species},
	volume = {94},
	year = {2003}}

@article{bourke2016integrating,
	author = {Bourke, Peter M and Voorrips, Roeland E and Kranenburg, Twan and Jansen, Johannes and Visser, Richard GF and Maliepaard, Chris},
	journal = {Theoretical and Applied Genetics},
	number = {11},
	pages = {2211--2226},
	publisher = {Springer},
	title = {Integrating Haplotype-specific Linkage Maps in Tetraploid Species Using SNP Markers},
	volume = {129},
	year = {2016}}

@article{preedy2016rapid,
	author = {Preedy, KF and Hackett, CA},
	journal = {Theoretical and Applied Genetics},
	number = {11},
	pages = {2117--2132},
	publisher = {Springer},
	title = {A Rapid Marker Ordering Approach for High-density Genetic Linkage Maps in Experimental Autotetraploid Populations Using Multidimensional Scaling},
	volume = {129},
	year = {2016}}

@article{wang2016potential,
	author = {Wang, Huange and van Eeuwijk, Fred A and Jansen, Johannes},
	journal = {Theoretical and Applied Genetics},
	pages = {1--12},
	publisher = {Springer},
	title = {The Potential of Probabilistic Graphical Models in Linkage Map Construction},
	year = {2016}}

@article{fan2001variable,
	author = {Fan, Jianqing and Li, Runze},
	journal = {Journal of the American statistical Association},
	number = {456},
	pages = {1348--1360},
	publisher = {Taylor \& Francis},
	title = {Variable selection via nonconcave penalized likelihood and its oracle properties},
	volume = {96},
	year = {2001}}

@article{green1990use,
	author = {Green, Peter J},
	journal = {Journal of the Royal Statistical Society. Series B (Methodological)},
	pages = {443--452},
	publisher = {JSTOR},
	title = {On Use of the EM for Penalized Likelihood Estimation},
	year = {1990}}

@article{liu2012high,
	author = {Liu, Han and Han, Fang and Yuan, Ming and Lafferty, John and Wasserman, Larry and others},
	journal = {The Annals of Statistics},
	number = {4},
	pages = {2293--2326},
	publisher = {Institute of Mathematical Statistics},
	title = {High-dimensional semiparametric Gaussian copula graphical models},
	volume = {40},
	year = {2012}}

@article{friedman2008sparse,
	author = {Friedman, Jerome and Hastie, Trevor and Tibshirani, Robert},
	journal = {Biostatistics},
	number = {3},
	pages = {432--441},
	publisher = {Biometrika Trust},
	title = {Sparse inverse covariance estimation with the graphical lasso},
	volume = {9},
	year = {2008}}

@inproceedings{hsieh2011sparse,
	author = {Hsieh, Cho-Jui and Dhillon, Inderjit S and Ravikumar, Pradeep K and Sustik, M{\'a}ty{\'a}s A},
	booktitle = {Advances in Neural Information Processing Systems},
	pages = {2330--2338},
	title = {Sparse inverse covariance matrix estimation using quadratic approximation},
	year = {2011}}

@article{igraph,
	author = {Gabor Csardi and Tamas Nepusz},
	journal = {InterJournal},
	pages = {1695},
	title = {The igraph Software Package for Complex Network Research},
	url = {http://igraph.org},
	volume = {Complex Systems},
	year = {2006},
	bdsk-url-1 = {http://igraph.org}}

@article{colome2016signatures,
	author = {Colome-Tatche, Maria and Johannes, Frank},
	journal = {Genetics},
	number = {2},
	pages = {825--841},
	publisher = {Genetics Soc America},
	title = {Signatures of Dobzhansky--Muller Incompatibilities in the Genomes of Recombinant Inbred Lines},
	volume = {202},
	year = {2016}}

@article{bikard2009divergent,
	author = {Bikard, David and Patel, Dhaval and Le Mette, Claire and Giorgi, Veronica and Camilleri, Christine and Bennett, Malcolm J and Loudet, Olivier},
	journal = {Science},
	number = {5914},
	pages = {623--626},
	publisher = {American Association for the Advancement of Science},
	title = {Divergent evolution of duplicate genes leads to genetic incompatibilities within A. thaliana},
	volume = {323},
	year = {2009}}

@article{wu2002simultaneous,
	author = {Wu, Rongling and Ma, Chang-Xing and Painter, Ian and Zeng, Zhao-Bang},
	journal = {Theoretical Population Biology},
	number = {3},
	pages = {349--363},
	publisher = {Elsevier},
	title = {Simultaneous maximum likelihood estimation of linkage and linkage phases in outcrossing species},
	volume = {61},
	year = {2002}}

@article{simon2008qtl,
	author = {Simon, M and Loudet, O and Durand, S and Berard, A and Brunel, D and Sennesal, FX and Durand-Tardif, M and Pelletier, G and Camilleri, C},
	journal = {Genetics},
	pages = {2253--2264},
	title = {QTL mapping in five new large RIL populations of Arabidopsis thaliana genotyped with consensus SNP markers},
	volume = {178},
	year = {2008}}

@inproceedings{cuthill1969reducing,
	author = {Cuthill, Elizabeth and McKee, James},
	booktitle = {proceedings of the 1969 24th national conference},
	organization = {ACM},
	pages = {157--172},
	title = {Reducing the bandwidth of sparse symmetric matrices},
	year = {1969}}

@article{balasubramanian2009qtl,
	author = {Balasubramanian, Sureshkumar and Schwartz, Christopher and Singh, Anandita and Warthmann, Norman and Kim, Min Chul and Maloof, Julin N and Loudet, Olivier and Trainer, Gabriel T and Dabi, Tsegaye and Borevitz, Justin O and others},
	journal = {PLoS One},
	number = {2},
	pages = {e4318},
	publisher = {Public Library of Science},
	title = {QTL mapping in new Arabidopsis thaliana advanced intercross-recombinant inbred lines},
	volume = {4},
	year = {2009}}

@article{leduc2012using,
	author = {Leduc, Magalie S and Blair, Rachael Hageman and Verdugo, Ricardo A and Tsaih, Shirng-Wern and Walsh, Kenneth and Churchill, Gary A and Paigen, Beverly},
	journal = {Journal of lipid research},
	pages = {jlr--M025833},
	publisher = {ASBMB},
	title = {Using bioinformatics and systems genetics to dissect HDL cholesterol levels in an MRL/MpJ x SM/J intercross},
	year = {2012}}

@article{sugiyama2002qtl,
	author = {Sugiyama, Fumihiro and Churchill, Gary A and Li, Renhua and Libby, Laura JM and Carver, Tonya and Yagami, Ken-ichi and John, Simon WM and Paigen, Beverly},
	journal = {Physiological genomics},
	number = {1},
	pages = {5--12},
	publisher = {Am Physiological Soc},
	title = {QTL associated with blood pressure, heart rate, and heart weight in CBA/CaJ and BALB/cJ mice},
	volume = {10},
	year = {2002}}

@article{zych2015pheno2geno,
	author = {Zych, Konrad and Li, Yang and van der Velde, Joeri K and Joosen, Ronny VL and Ligterink, Wilco and Jansen, Ritsert C and Arends, Danny},
	journal = {BMC Bioinformatics},
	number = {1},
	pages = {51},
	publisher = {BioMed Central},
	title = {Pheno2Geno-High-throughput generation of genetic markers and maps from molecular phenotypes for crosses between inbred strains},
	volume = {16},
	year = {2015}}

@article{massa2015genetic,
	author = {Massa, Alicia N and Manrique-Carpintero, Norma C and Coombs, Joseph J and Zarka, Daniel G and Boone, Anne E and Kirk, William W and Hackett, Christine A and Bryan, Glenn J and Douches, David S},
	journal = {G3: Genes, Genomes, Genetics},
	number = {11},
	pages = {2357--2364},
	publisher = {G3: Genes, Genomes, Genetics},
	title = {Genetic linkage mapping of economically important traits in cultivated tetraploid potato (Solanum tuberosum L.)},
	volume = {5},
	year = {2015}}

@article{liu2014construction,
	author = {Liu, Dongyuan and Ma, Chouxian and Hong, Weiguo and Huang, Long and Liu, Min and Liu, Hui and Zeng, Huaping and Deng, Dejing and Xin, Huaigen and Song, Jun and others},
	journal = {Plos One},
	number = {6},
	pages = {e98855},
	publisher = {Public Library of Science},
	title = {Construction and analysis of high-density linkage map using high-throughput sequencing data},
	volume = {9},
	year = {2014}}

@article{welter2013nhgri,
	author = {Welter, Danielle and MacArthur, Jacqueline and Morales, Joannella and Burdett, Tony and Hall, Peggy and Junkins, Heather and Klemm, Alan and Flicek, Paul and Manolio, Teri and Hindorff, Lucia and others},
	journal = {Nucleic Acids Research},
	number = {D1},
	pages = {D1001--D1006},
	publisher = {Oxford University Press},
	title = {The NHGRI GWAS Catalog, a curated resource of SNP-trait associations},
	volume = {42},
	year = {2013}}

@article{panagiotou2011should,
	author = {Panagiotou, Orestis A and Ioannidis, John PA and Genome-Wide Significance Project},
	journal = {International Journal of Epidemiology},
	number = {1},
	pages = {273--286},
	publisher = {Oxford University Press},
	title = {What should the genome-wide significance threshold be? Empirical replication of borderline genetic associations},
	volume = {41},
	year = {2011}}

@article{he2010variable,
	author = {He, Qianchuan and Lin, Dan-Yu},
	journal = {Bioinformatics},
	number = {1},
	pages = {1--8},
	publisher = {Oxford University Press},
	title = {A variable selection method for genome-wide association studies},
	volume = {27},
	year = {2010}}

@article{hoggart2008simultaneous,
	author = {Hoggart, Clive J and Whittaker, John C and De Iorio, Maria and Balding, David J},
	journal = {PLoS Genetics},
	number = {7},
	pages = {e1000130},
	publisher = {Public Library of Science},
	title = {Simultaneous analysis of all SNPs in genome-wide and re-sequencing association studies},
	volume = {4},
	year = {2008}}

@article{rakitsch2012lasso,
	author = {Rakitsch, Barbara and Lippert, Christoph and Stegle, Oliver and Borgwardt, Karsten},
	journal = {Bioinformatics},
	number = {2},
	pages = {206--214},
	publisher = {Oxford University Press},
	title = {A Lasso multi-marker mixed model for association mapping with population structure correction},
	volume = {29},
	year = {2012}}

@article{buzdugan2016assessing,
	author = {Buzdugan, Laura and Kalisch, Markus and Navarro, Arcadi and Schunk, Daniel and Fehr, Ernst and B{\"u}hlmann, Peter},
	journal = {Bioinformatics},
	number = {13},
	pages = {1990--2000},
	publisher = {Oxford University Press},
	title = {Assessing statistical significance in multivariable genome wide association analysis},
	volume = {32},
	year = {2016}}

@article{broman2009brief,
	author = {Broman, Karl W},
	journal = {Disponivel http://www. rqtl. org/tutorials/rqtltour. pdf},
	title = {A brief tour of R/qtl},
	year = {2009}}

@article{lincoln1992systematic,
	author = {Lincoln, Stephen E and Lander, Eric S},
	journal = {Genomics},
	number = {3},
	pages = {604--610},
	publisher = {Elsevier},
	title = {Systematic detection of errors in genetic linkage data},
	volume = {14},
	year = {1992}}

@article{hackett2017tetraploidsnpmap,
	author = {Hackett, Christine A and Boskamp, Bram and Vogogias, Athanasios and Preedy, Katharine F and Milne, Iain},
	journal = {Journal of Heredity},
	number = {4},
	pages = {438--442},
	publisher = {Oxford University Press US},
	title = {TetraploidSNPMap: software for linkage analysis and QTL mapping in autotetraploid populations using SNP dosage data},
	volume = {108},
	year = {2017}}

@article{bourke2018polymapr,
	author = {Bourke, Peter M and van Geest, Geert and Voorrips, Roeland E and Jansen, Johannes and Kranenburg, Twan and Shahin, Arwa and Visser, Richard GF and Arens, Paul and Smulders, Marinus JM and Maliepaard, Chris},
	journal = {Bioinformatics},
	pages = {7},
	publisher = {Oxford University Press},
	title = {polymapR--linkage analysis and genetic map construction from F1 populations of outcrossing polyploids},
	volume = {1},
	year = {2018}}

@article{lander1987mapmaker,
	author = {Lander, Eric S and Green, Philip and Abrahamson, Jeff and Barlow, Aaron and Daly, Mark J and Lincoln, Stephen E and Newburg, Lee},
	journal = {Genomics},
	number = {2},
	pages = {174--181},
	publisher = {Elsevier},
	title = {MAPMAKER: an interactive computer package for constructing primary genetic linkage maps of experimental and natural populations},
	volume = {1},
	year = {1987}}

@article{mangin2012novel,
	author = {Mangin, Brigitte and Siberchicot, Aurelie and Nicolas, S and Doligez, Agnes and This, Patrice and Cierco-Ayrolles, Christine},
	journal = {Heredity},
	number = {3},
	pages = {285},
	publisher = {Nature Publishing Group},
	title = {Novel measures of linkage disequilibrium that correct the bias due to population structure and relatedness},
	volume = {108},
	year = {2012}}

@article{hedrick1987gametic,
	author = {Hedrick, Philip W},
	journal = {Genetics},
	number = {2},
	pages = {331--341},
	publisher = {Genetics Soc America},
	title = {Gametic disequilibrium measures: proceed with caution},
	volume = {117},
	year = {1987}}

@article{klasen2016multi,
	author = {Klasen, Jonas R and Barbez, Elke and Meier, Lukas and Meinshausen, Nicolai and B{\"u}hlmann, Peter and Koornneef, Maarten and Busch, Wolfgang and Schneeberger, Korbinian},
	journal = {Nature Communications},
	pages = {13299},
	publisher = {Nature Publishing Group},
	title = {A multi-marker association method for genome-wide association studies without the need for population structure correction},
	volume = {7},
	year = {2016}}

@article{buckler2009genetic,
	author = {Buckler, Edward S and Holland, James B and Bradbury, Peter J and Acharya, Charlotte B and Brown, Patrick J and Browne, Chris and Ersoz, Elhan and Flint-Garcia, Sherry and Garcia, Arturo and Glaubitz, Jeffrey C and others},
	journal = {Science},
	number = {5941},
	pages = {714--718},
	publisher = {American Association for the Advancement of Science},
	title = {The genetic architecture of maize flowering time},
	volume = {325},
	year = {2009}}

@article{tian2011genome,
	author = {Tian, Feng and Bradbury, Peter J and Brown, Patrick J and Hung, Hsiaoyi and Sun, Qi and Flint-Garcia, Sherry and Rocheford, Torbert R and McMullen, Michael D and Holland, James B and Buckler, Edward S},
	journal = {Nature Genetics},
	number = {2},
	pages = {159},
	publisher = {Nature Publishing Group},
	title = {Genome-wide association study of leaf architecture in the maize nested association mapping population},
	volume = {43},
	year = {2011}}

@article{taylor2011r,
	author = {Taylor, Julian and Verbyla, Arunas and others},
	journal = {Journal of Statistical Software},
	number = {7},
	pages = {1--18},
	publisher = {Foundation for Open Access Statistics},
	title = {R package wgaim: QTL analysis in bi-parental populations using linear mixed models},
	volume = {40},
	year = {2011}}

@article{huang2012dlmap,
	author = {Huang, B Emma and Shah, Rohan and George, Andrew W and others},
	journal = {Journal of Statistical Software},
	number = {6},
	pages = {1--22},
	title = {dlmap: An R package for mixed model QTL and association analysis},
	volume = {50},
	year = {2012}}

@article{kruijer2020reconstruction,
	author = {Kruijer, Willem and Behrouzi, Pariya and Bustos-Korts, Daniela and Rodr{\'\i}guez-{\'A}lvarez, Mar{\'\i}a Xos{\'e} and Mahmoudi, Seyed Mahdi and Yandell, Brian and Wit, Ernst and van Eeuwijk, Fred A},
	journal = {Genetics},
	number = {4},
	pages = {781--807},
	publisher = {Genetics Soc America},
	title = {Reconstruction of networks with direct and indirect genetic effects},
	volume = {214},
	year = {2020}}

@article{metropolis1953equation,
	author = {Metropolis, Nicholas and Rosenbluth, Arianna W and Rosenbluth, Marshall N and Teller, Augusta H and Teller, Edward},
	journal = {The Journal of Chemical Physics},
	number = {6},
	pages = {1087--1092},
	publisher = {American Institute of Physics},
	title = {Equation of State Calculations	by Fast Computing Machines},
	volume = {21},
	year = {1953}}

@article{hastings1970monte,
	author = {Hastings, W Keith},
	publisher = {Oxford University Press},
	title = {Monte Carlo sampling methods using	Markov chains and their applications},
	year = {1970}}

@article{geman1984stochastic,
	author = {Geman, Stuart and Geman, Donald},
	journal = {IEEE Transactions on Pattern Analysis and Machine Intelligence},
	number = {6},
	pages = {721--741},
	publisher = {IEEE},
	title = {Stochastic relaxation, Gibbs distributions, and the Bayesian restoration of images},
	year = {1984}}

@article{hoff2007extending,
	author = {Hoff, Peter D},
	journal = {The Annals of Applied Statistics},
	number = {1},
	pages = {265--283},
	publisher = {Institute of Mathematical Statistics},
	title = {Extending the rank likelihood for semiparametric copula estimation},
	volume = {1},
	year = {2007}}

@article{klaassen1997efficient,
	author = {Klaassen, Chris AJ and Wellner, Jon A},
	journal = {Bernoulli},
	pages = {55--77},
	publisher = {JSTOR},
	title = {Efficient estimation in the bivariate normal copula model: normal margins are least favourable},
	year = {1997}}

@article{behrouzi2018dynamic,
	author = {Behrouzi, Pariya and Abegaz, Fentaw and Wit, Ernst C},
	journal = {ArXiv preprint ArXiv:1805.09840},
	title = {Dynamic chain graph models for ordinal time series data},
	year = {2018}}

@article{friedman2004inferring,
	author = {Friedman, Nir},
	journal = {Science},
	number = {5659},
	pages = {799--805},
	publisher = {American Association for the Advancement of Science},
	title = {Inferring cellular networks using probabilistic graphical models},
	volume = {303},
	year = {2004}}

@article{jordan2004graphical,
	author = {Jordan, Michael I},
	journal = {Statistical Science},
	number = {1},
	pages = {140--155},
	publisher = {Institute of Mathematical Statistics},
	title = {Graphical models},
	volume = {19},
	year = {2004}}

@article{lauritzen2003graphical,
	author = {Lauritzen, Steffen L and Sheehan, Nuala A},
	journal = {Statistical Science},
	pages = {489--514},
	publisher = {JSTOR},
	title = {Graphical models for genetic analyses},
	year = {2003}}

@article{dobra2004sparse,
	author = {Dobra, Adrian and Hans, Chris and Jones, Beatrix and Nevins, Joseph R and Yao, Guang and West, Mike},
	journal = {Journal of Multivariate Analysis},
	number = {1},
	pages = {196--212},
	publisher = {Elsevier},
	title = {Sparse graphical models for exploring gene expression data},
	volume = {90},
	year = {2004}}

@incollection{hartemink2000using,
	author = {Hartemink, Alexander J and Gifford, David K and Jaakkola, Tommi S and Young, Richard A},
	booktitle = {Biocomputing 2001},
	pages = {422--433},
	publisher = {World Scientific},
	title = {Using graphical models and genomic expression data to statistically validate models of genetic regulatory networks},
	year = {2000}}

@article{edwards2010selecting,
	author = {Edwards, David and De Abreu, Gabriel CG and Labouriau, Rodrigo},
	journal = {BMC Bioinformatics},
	number = {1},
	pages = {1--13},
	publisher = {BioMed Central},
	title = {Selecting high-dimensional mixed graphical models using minimal AIC or BIC forests},
	volume = {11},
	year = {2010}}

@article{yang2008qtlnetwork,
	author = {Yang, Jian and Hu, Chengcheng and Hu, Han and Yu, Rongdong and Xia, Zhen and Ye, Xiuzi and Zhu, Jun},
	journal = {Bioinformatics},
	number = {5},
	pages = {721--723},
	publisher = {Oxford University Press},
	title = {QTLNetwork: mapping and visualizing genetic architecture of complex traits in experimental populations},
	volume = {24},
	year = {2008}}

@article{clarke2011basic,
	author = {Clarke, Geraldine M and Anderson, Carl A and Pettersson, Fredrik H and Cardon, Lon R and Morris, Andrew P and Zondervan, Krina T},
	journal = {Nature Protocols},
	number = {2},
	pages = {121--133},
	publisher = {Nature Publishing Group},
	title = {Basic statistical analysis in genetic case-control studies},
	volume = {6},
	year = {2011}}

@article{bush2012chapter,
	author = {Bush, William S and Moore, Jason H},
	journal = {PLoS Computational Biology},
	number = {12},
	pages = {e1002822},
	publisher = {Public Library of Science San Francisco, USA},
	title = {Chapter 11: Genome-wide association studies},
	volume = {8},
	year = {2012}}

@article{kaler2020comparing,
	author = {Kaler, Avjinder S and Gillman, Jason D and Beissinger, Timothy and Purcell, Larry C},
	journal = {Frontiers in Plant Science},
	pages = {1794},
	publisher = {Frontiers},
	title = {Comparing different statistical models and multiple testing corrections for association mapping in soybean and maize},
	volume = {10},
	year = {2020}}

@article{yu2006unified,
	author = {Yu, Jianming and Pressoir, Gael and Briggs, William H and Bi, Irie Vroh and Yamasaki, Masanori and Doebley, John F and McMullen, Michael D and Gaut, Brandon S and Nielsen, Dahlia M and Holland, James B and others},
	journal = {Nature Genetics},
	number = {2},
	pages = {203--208},
	publisher = {Nature Publishing Group},
	title = {A unified mixed-model method for association mapping that accounts for multiple levels of relatedness},
	volume = {38},
	year = {2006}}

@article{kang2008efficient,
	author = {Kang, Hyun Min and Zaitlen, Noah A and Wade, Claire M and Kirby, Andrew and Heckerman, David and Daly, Mark J and Eskin, Eleazar},
	journal = {Genetics},
	number = {3},
	pages = {1709--1723},
	publisher = {Oxford University Press},
	title = {Efficient control of population structure in model organism association mapping},
	volume = {178},
	year = {2008}}

@article{kang2010variance,
	author = {Kang, Hyun Min and Sul, Jae Hoon and Service, Susan K and Zaitlen, Noah A and Kong, Sit-yee and Freimer, Nelson B and Sabatti, Chiara and Eskin, Eleazar},
	journal = {Nature Genetics},
	number = {4},
	pages = {348--354},
	publisher = {Nature Publishing Group},
	title = {Variance component model to account for sample structure in genome-wide association studies},
	volume = {42},
	year = {2010}}

@article{lippert2011fast,
	author = {Lippert, Christoph and Listgarten, Jennifer and Liu, Ying and Kadie, Carl M and Davidson, Robert I and Heckerman, David},
	journal = {Nature Methods},
	number = {10},
	pages = {833--835},
	publisher = {Nature Publishing Group},
	title = {FaST linear mixed models for genome-wide association studies},
	volume = {8},
	year = {2011}}

@article{butte2000discovering,
	author = {Butte, Atul J and Tamayo, Pablo and Slonim, Donna and Golub, Todd R and Kohane, Isaac S},
	journal = {Proceedings of the National Academy of Sciences},
	number = {22},
	pages = {12182--12186},
	publisher = {National Acad Sciences},
	title = {Discovering functional relationships between RNA expression and chemotherapeutic susceptibility using relevance networks},
	volume = {97},
	year = {2000}}

@article{broman2019r,
	author = {Broman, Karl W and Gatti, Daniel M and Simecek, Petr and Furlotte, Nicholas A and Prins, Pjotr and Sen, {\'S}aunak and Yandell, Brian S and Churchill, Gary A},
	journal = {Genetics},
	number = {2},
	pages = {495--502},
	publisher = {Oxford University Press},
	title = {R/qtl2: software for mapping quantitative trait loci with high-dimensional data and multiparent populations},
	volume = {211},
	year = {2019}}

@article{zheng2018accurate,
	author = {Zheng, Chaozhi and Boer, Martin P and van Eeuwijk, Fred A},
	journal = {Genetics},
	number = {1},
	pages = {71--82},
	publisher = {Oxford University Press},
	title = {Accurate genotype imputation in multiparental populations from low-coverage sequence},
	volume = {210},
	year = {2018}}

@book{broman2009guide,
	author = {Broman, Karl W and Sen, Saunak},
	publisher = {Springer},
	title = {A Guide to QTL Mapping with R/qtl},
	volume = {46},
	year = {2009}}

@article{wu2008efficient,
	author = {Wu, Yonghui and Bhat, Prasanna R and Close, Timothy J and Lonardi, Stefano},
	journal = {PLoS genetics},
	number = {10},
	pages = {e1000212},
	publisher = {Public Library of Science San Francisco, USA},
	title = {Efficient and accurate construction of genetic linkage maps from the minimum spanning tree of a graph},
	volume = {4},
	year = {2008}}

@article{sammon1969nonlinear,
	author = {Sammon, John W},
	journal = {IEEE Transactions on computers},
	number = {5},
	pages = {401--409},
	publisher = {Ieee},
	title = {A nonlinear mapping for data structure analysis},
	volume = {100},
	year = {1969}}

@article{newman2004fast,
	author = {Newman, Mark EJ},
	journal = {Physical review E},
	number = {6},
	pages = {066133},
	publisher = {APS},
	title = {Fast algorithm for detecting community structure in networks},
	volume = {69},
	year = {2004}}

@article{vinciotti2022bayesian,
	author = {Vinciotti, Veronica and Behrouzi, Pariya and Mohammadi, Reza},
	journal = {arXiv preprint arXiv:2203.10118},
	title = {Bayesian structural learning of microbiota systems from count metagenomic data},
	year = {2022}}

@manual{Matrix,
	author = {Douglas Bates and Martin Maechler and Mikael Jagan},
	note = {R package version 1.4-1},
	title = {Matrix: Sparse and Dense Matrix Classes and Methods},
	url = {https://CRAN.R-project.org/package=Matrix},
	year = {2022},
	bdsk-url-1 = {https://CRAN.R-project.org/package=Matrix}}

@article{foygel2010extended,
	author = {Foygel, Rina and Drton, Mathias},
	journal = {Advances in neural information processing systems},
	title = {Extended Bayesian information criteria for Gaussian graphical models},
	volume = {23},
	year = {2010}}
