@book{koyck_1954_econDLM,
  title={Distributed lags and investment analysis},
  author={Koyck, Leendert M.},
  volume={4},
  year={1954},
  publisher={North-Holland Publishing Company Amsterdam}
}
@article{schliep_2021_wellness,
  title={Distributed lag models to identify the cumulative effects of training and recovery in athletes using multivariate ordinal wellness data},
  author={Schliep, Erin M. and Schafer, Toryn L. J. and Hawkey, Matthew},
  journal={Journal of Quantitative Analysis in Sports},
  volume={17},
  number={3},
  pages={241--254},
  year={2021},
  publisher={De Gruyter},
  url={https://doi.org/10.1515/jqas-2020-0051}
}
@article{palda_1965_advertise,
  title={The measurement of cumulative advertising effects},
  author={Palda, Kristian S.},
  journal={The Journal of Business},
  volume={38},
  number={2},
  pages={162--179},
  year={1965},
  publisher={JSTOR}
}
@article{chiu2023prenatal,
  title={Prenatal ambient air pollutant mixture exposure and neurodevelopment in urban children in the Northeastern {United States}},
  author={Chiu, Yueh-Hsiu M. and Wilson, Ander and Hsu, Hsiao-Hsien L. and Jamal, Harris and Mathews, Nicole and Kloog, Itai and Schwartz, Joel and Bellinger, David C. and Xhani, Naim and Wright, Robert O. and others},
  journal={Environmental Research},
  volume={233},
  pages={116394},
  year={2023},
  publisher={Elsevier},
  url={https://doi.org/j.envres.2023.116394}
}
@article{chipman2010,
  author={Chipman, Hugh A. and George, Edward I. and McCulloch, Robert E.},
  title={{BART: {Bayesian}} additive regression trees},
  volume={4},
  journal={The Annals of Applied Statistics},
  number={1},
  publisher={Institute of Mathematical Statistics},
  pages={266--298},
  keywords={Bayesian backfitting, boosting, CART, classification, ensemble, MCMC, Nonparametric regression, probit model, random basis, regularization, sum-of-trees model, variable selection, weak learner},
  year={2010},
  url={https://doi.org/10.1214/09-AOAS285}
}
@article{demateis_penalized_2024,
  title={Penalized distributed lag interaction model: Air pollution, birth weight, and neighborhood vulnerability},
  author={Demateis, Danielle and Keller, Kayleigh P. and Rojas-Rueda, David and Kioumourtzoglou, Marianthi-Anna and Wilson, Ander},
  journal={Environmetrics},
  pages={e2843},
  year={2024},
  publisher={Wiley Online Library},
  url={https://doi.org/10.1002/env.2843}
}
@article{gasparrini_distributed_2010,
  title={Distributed lag non-linear models},
  author={Gasparrini, Antonio and Armstrong, Ben and Kenward, Mike G.},
  journal={Statistics in Medicine},
  volume={29},
  number={21},
  pages={2224--2234},
  year={2010},
  publisher={Wiley Online Library},
  url={https://doi.org/10.1002/sim.3940}
}
@article{gasparrini_dlnm_2013,
  title={Distributed lag linear and non-linear models in {R}: The package dlnm},
  author={Gasparrini, A.},
  journal={Journal of Statistical Software},
  year={2011},
  volume={43},
  number={8},
  pages={1--20},
  url={https://doi.org/10.18637/jss.v043.i08}
}
@article{hsu_prenatal_2023,
  title={Prenatal ambient air pollutant mixture exposure and early school-age lung function},
  author={Hsu, Hsiao-Hsien L. and Wilson, Ander and Schwartz, Joel and Kloog, Itai and Wright, Robert O. and Coull, Brent A. and Wright, Rosalind J.},
  journal={Environmental Epidemiology},
  volume={7},
  number={2},
  pages={e249},
  year={2023},
  publisher={LWW},
  url={https://doi.org/10.1097/EE9.0000000000000249}
}
@article{mork_treed_2022,
  title={Treed distributed lag nonlinear models},
  author={Mork, Daniel and Wilson, Ander},
  journal={Biostatistics},
  volume={23},
  number={3},
  pages={754--771},
  year={2022},
  publisher={Oxford University Press},
  url={https://doi.org/10.1093/biostatistics/kxaa051}
}
@article{polson_bayesian_2013,
  title={{Bayesian} inference for logistic models using P{\'o}lya--Gamma latent variables},
  author={Polson, Nicholas G. and Scott, James G. and Windle, Jesse},
  journal={Journal of the American Statistical Association},
  volume={108},
  number={504},
  pages={1339--1349},
  year={2013},
  publisher={Taylor \& Francis},
  url={https://doi.org/10.1080/01621459.2013.829001}
}
@article{warren_spatial-temporal_2012,
  title={Spatial-temporal modeling of the association between air pollution exposure and preterm birth: Identifying critical windows of exposure},
  author={Warren, Joshua and Fuentes, Montserrat and Herring, Amy and Langlois, Peter},
  journal={Biometrics},
  volume={68},
  number={4},
  pages={1157--1167},
  year={2012},
  publisher={Oxford University Press},
  url={https://doi.org/10.1111/j.1541-0420.2012.01774.x}
}
@article{mork_heterogeneous_2023,
  title={Heterogeneous distributed lag models to estimate personalized effects of maternal exposures to air pollution},
  author={Mork, Daniel and Kioumourtzoglou, Marianthi-Anna and Weisskopf, Marc and Coull, Brent A. and Wilson, Ander},
  journal={Journal of the American Statistical Association},
  volume={119},
  number={545},
  pages={14--26},
  year={2024},
  publisher={Taylor \& Francis},
  url={https://doi.org/10.1080/01621459.2023.2258595}
}
@article{mork_estimating_2023,
  title={Estimating perinatal critical windows of susceptibility to environmental mixtures via structured {Bayesian} regression tree pairs},
  author={Mork, Daniel and Wilson, Ander},
  journal={Biometrics},
  volume={79},
  number={1},
  pages={449--461},
  year={2023},
  publisher={Oxford University Press},
  url={https://doi.org/10.1111/biom.13568}
}
@article{mork_monotone_2024,
  title={Incorporating prior information into distributed lag nonlinear models with zero-inflated monotone regression trees},
  author={Mork, Daniel and Wilson, Ander},
  journal={Bayesian Analysis},
  volume={1},
  number={1},
  pages={1--29},
  year={2024},
  publisher={International Society for Bayesian Analysis},
  url={https://doi.org/10.1214/23-BA1412}
}
@article{neelon_bayesian_2019,
  title={{Bayesian} zero-inflated negative binomial regression based on P{\'o}lya-gamma mixtures},
  author={Neelon, Brian},
  journal={Bayesian Analysis},
  volume={14},
  number={3},
  pages={829},
  year={2019},
  publisher={NIH Public Access},
  url={https://doi.org/10.1214/18-ba1132}
}
@article{rosa_association_2019,
  title={Association between prenatal particulate air pollution exposure and telomere length in cord blood: Effect modification by fetal sex},
  author={Rosa, Maria Jos{\'e} and Hsu, Hsiao-Hsien L. and Just, Allan C. and Brennan, Kasey J. and Bloomquist, Tessa and Kloog, Itai and Pantic, Ivan and Garc{\'\i}a, Adriana Mercado and Wilson, Ander and Coull, Brent A. and others},
  journal={Environmental Research},
  volume={172},
  pages={495--501},
  year={2019},
  publisher={Elsevier},
  url={https://doi.org/10.1016/j.envres.2019.03.003}
}
@article{schwartz_distributed_2000,
  title={The distributed lag between air pollution and daily deaths},
  author={Schwartz, Joel},
  journal={Epidemiology},
  volume={11},
  number={3},
  pages={320--326},
  year={2000},
  publisher={LWW},
  url={https://doi.org/10.1097/00001648-200005000-00016}
}
@article{wilson_bayesian_2017,
  title={{Bayesian} distributed lag interaction models to identify perinatal windows of vulnerability in children's health},
  author={Wilson, Ander and Chiu, Yueh-Hsiu M. and Hsu, Hsiao-Hsien L. and Wright, Robert O. and Wright, Rosalind J. and Coull, Brent A.},
  journal={Biostatistics},
  volume={18},
  number={3},
  pages={537--552},
  year={2017},
  publisher={Oxford University Press},
  url={https://doi.org/10.1093/biostatistics/kxx002}
}
@article{zanobetti_generalized_2000,
  title={Generalized additive distributed lag models: Quantifying mortality displacement},
  author={Zanobetti, Antonella and Wand, Matt P. and Schwartz, Joel and Ryan, Louise M.},
  journal={Biostatistics},
  volume={1},
  number={3},
  pages={279--292},
  year={2000},
  publisher={Oxford University Press},
  url={https://doi.org/10.1093/biostatistics/1.3.279}
}
@article{wilson_2017_bias,
  author={Wilson, Ander and Chiu, Yueh-Hsiu M. and Hsu, Hsiao-Hsien L. and Wright, Robert O. and Wright, Rosalind J. and Coull, Brent A.},
  title={Potential for bias when estimating critical windows for air pollution in children's health},
  journal={American Journal of Epidemiology},
  volume={186},
  number={11},
  pages={1281--1289},
  year={2017},
  month={06},
  issn={0002-9262},
  doi={10.1093/aje/kwx184},
  url={https://doi.org/10.1093/aje/kwx184},
  eprint={https://academic.oup.com/aje/article-pdf/186/11/1281/24330016/kwx184.pdf}
}
@misc{dempsey2025bayesianvariableselectiondistributed,
  title={{Bayesian} variable selection in distributed lag models: A focus on binary quantile and count data regressions},
  author={Dempsey, Daniel and Wyse, Jason},
  year={2025},
  eprint={2403.03646},
  archivePrefix={arXiv},
  primaryClass={stat.ME},
  url={https://arxiv.org/abs/2403.03646}
}
