;;; bib file for estimability article

@Manual {Len15e,
    title = {estimability: Estimability Tools for Linear Models},
    author = {Russell V.\ Lenth},
    year = {2015},
    note = {R package version 1.1},
    url = {http://CRAN.R-project.org/package=estimability},
}

@book {Mon08,
    author = "John F. Monahan",
    year = 2008,
    title = "A Primer on Linear Models",
    publisher = "Chapman \& Hall/CRC",
}

@book {Gra00,
    author = "Franklin A. Graybill",
    year = 2000,
    title = "Theory and Application of the Linear Model",
    publisher = "Cengage Learning",
    series = "Duxbury Classic",
}

@book {Sea97,
    author = "Shayle R. Searle",
    year = 1997,
    title = "Linear Models",
    publisher = "Wiley-Interscience",
    series = "Wiley Classics",
}

@book {Seb03,
    author = "George A. F. Seber and Alan J. Lee",
    year = 2003,
    edition = "Second",
    title = "Linear Regression Analysis",
    publisher = "John Wiley \& Sons, Inc.",
}

@manual {SAS13r2,
  author	= {{SAS Institute Inc.}},
  title		= {SAS/STAT Software, Version~13.2},
  year		= {2013},
  organization	= {SAS Institute Inc.},
  address	= {Cary, NC},
  url		= {http://www.sas.com/}
}
;;;    url = "http://support.sas.com/documentation/cdl/en/statug/67523/HTML/default/viewer.htm#statug_introcom_sect039.htm"



