@ARTICLE{Bollerslev86,
  author = {Bollerslev, Tim},
  year = 1986,
  title = {Generalized Autoregressive Conditional Heteroscedasticity},
  journal = {Journal of Econometrics},
  volume = 31,
  pages = {307--327}
}
@ARTICLE{CrealKoopmansLucas2013,
  author = {Creal, Drew and Koopmans, Siem Jan and Lucas, Andr{\'e}},
  year = 2013,
  title = {Generalized Autoregressive Score Models with Applications},
  journal = {Journal of Applied Econometrics},
  volume = 28,
  pages = {777--795}
}
@ARTICLE{DingGranger1996,
  author = {Ding, Z. and Granger, Clive},
  year = 1996,
  title = {Modelling Volatility Persistence of Speculative Returns: A New Approach},
  journal = {Journal of Empirical Finance},
  volume = 1,
  pages = {83--106}
}
@ARTICLE{DingEngleGranger1993,
  author = {Ding, Z. and Engle, Robert and Granger, Clive},
  year = 1993,
  title = {A Long Memory Property of Stock Market Returns and a New Model},
  journal = {Journal of Empirical Finance},
  volume = 1,
  pages = {83--106}
}
@ARTICLE{Engle82,
  author = {Engle, Robert},
  year = 1982,
  title = {Autoregressive Conditional Heteroscedasticity with Estimates of the Variance of {U}nited {K}ingdom Inflations},
  journal = {Econometrica},
  volume = 50,
  pages = {987--1008}
}
@INCOLLECTION{EngleLee1999,
  author = {Engle, Robert F. and Lee, Gary G.J.},
  year = 1999,
  title = {A Long-Run and a Short-Run Component Model of Stock Return Volatility},
  editor = {Engle, Robert F. and White, Halbert},
  booktitle = {Cointegration, Causality, and Forecasting},
  publisher = {Oxford University Press},
  address = {Oxford}
}
@ARTICLE{FernandezSteel1998,
  author = {Fern{\'a}ndez, C. and Steel, M.},
  year = 1998,
  title = {On {B}ayesian Modelling of Fat Tails and Skewness},
  journal = {Journal of the American Statistical Association},
  volume = 93,
  pages = {359--371}
}
@BOOK{FrancqZakoian2010,
  author = {Francq, Christian and Zako{\"i}an, Jean-Michel},
  year = 2010,
  title = {{GARCH} Models},
  publisher = {Marcel Dekker},
  address = {New York}
}
@Manual{Ghalanos2013,
    title = {{rugarch}: Univariate {GARCH} Models},
    author = {Alexios Ghalanos},
    year = {2013},
    note = {R package version 1.2-7},
    url = {http://CRAN.R-project.org/package=rugarch},
}
@ARTICLE{GlostenJagannathanRunkle1993,
  author = {Glosten, Lawrence R. and Jagannathan, Ravi and Runkle, David E.},
  year = 1993,
  title = {On the Relation between the Expected Value and the Volatility of the Nominal Excess Return on Stocks},
  journal = {Journal of Finance},
  volume = 48,
  pages = {1779--1801}
}
@BOOK{Harvey2013,
  author = {Harvey, Andrew C.},
  year = 2013,
  title = {Dynamic Models for Volatility and Heavy Tails},
  publisher = {Cambridge University Press},
  address = {New York}
}
@UNPUBLISHED{HarveyChakravarty2008,
  author = {Harvey, Andrew C. and Chakravarty, Tirthankar},
  year = 2008,
  title = {{B}eta-t-{(E)GARCH}},
  note = {Cambridge Working Papers in Economics 0840, Faculty of Economics, University of Cambridge}
}
@ARTICLE{HarveySucarrat2013,
  author = {Harvey, Andrew C. and Sucarrat, Genaro},
  year = 2013,
  title = {{EGARCH} Models with Fat Tails, Skewness and Leverage},
  journal = {Computational Statistics and Data Analysis},
  volume = {Forthcoming},
  pages = {},
  url = {http://dx.doi.org/10.1016/j.csda.2013.09.022}
}
@ARTICLE{Nelson1991,
  author = {Nelson, Daniel B.},
  year = 1991,
  title = {Conditional Heteroskedasticity in Asset Returns: A New Approach},
  journal = {Econometrica},
  volume = 59,
  pages = {347--370}
}
@ARTICLE{Schwarz1978,
  author = {Schwarz, Gideon},
  year = 1978,
  title = {Estimating the Dimension of a Model},
  journal = {The Annals of Statistics},
  volume = 6,
  pages = {461--464}
}
@ARTICLE{StraumannMikosch2006,
  author = {Straumann, D. and Mikosch, T.},
  year = 2006,
  title = {Quasi-Maximum-Likelihood Estimation in Conditionally Heteroscedastic Time Series: A Stochastic Recurrence Equations Approach},
  journal = {The Annals of Statistics},
  volume = 34,
  pages = {2449--2495}
}
@Manual{Sucarrat2012,
    title = {{AutoSEARCH}: General-to-Specific ({GETS}) Model Selection},
    author = {Genaro Sucarrat},
    year = {2012},
    note = {R package version 1.2},
    url = {http://CRAN.R-project.org/package=AutoSEARCH},
}
@Manual{TraplettiHornik2013,
    title = {{tseries}: Time Series Analysis and Computational Finance},
    author = {Adrian Trapletti and Kurt Hornik},
    year = {2013},
    note = {R package version 0.10-32},
    url = {http://CRAN.R-project.org/package=tseries}
}
@UNPUBLISHED{Wintenberger2012,
  author = {Wintenberger, Olivier},
  year = 2012,
  title = {{QML} Estimation of the Continuously Invertible {EGARCH}(1,1) Model},
  note = {Unpublished working paper}
}
@Manual{WuertzChalabiMiklovicBoudtChausseOthers2013,
    title = {{fGarch}: Rmetrics -- Autoregressive Conditional Heteroskedastic Modelling},
    author = {Diethelm Wuertz and Yohan Chalabi with contribution from Michal Miklovic and Chris Boudt and Pierre Chausse and {others}},
    year = {2013},
    note = {R package version 3010.82},
    url = {http://CRAN.R-project.org/package=fGarch},
}
@Manual{ZeileisGrothendieck2013,
    title = {zoo: {S3} Infrastructure for Regular and Irregular Time Series ({Z}'s Ordered Observations)},
    author = {Achim Zeileis and Gabor Grothendieck and Jeffrey A. Ryan},
    year = {2013},
    note = {R package version 1.7-10},
    url = {http://CRAN.R-project.org/package=zoo},
}
@Article{ZeileisGrothendieck2005,
    title = {zoo: S3 Infrastructure for Regular and Irregular Time Series},
    author = {Achim Zeileis and Gabor Grothendieck},
    journal = {Journal of Statistical Software},
    year = {2005},
    volume = {14},
    number = {6},
    pages = {1--27},
    url = {http://www.jstatsoft.org/v14/i06/},
}
@ARTICLE{ZhuGalbraith2010,
  author = {Zhu, Dongming and Galbraith, John W.},
  year = 2010,
  title = {A Generalized Asymmetric {S}tudent-$t$ Distribution with Application to Financial Econometrics},
  journal = {Journal of Econometrics},
  volume = 157,
  pages = {297--305}
}

