% This file was created with JabRef 2.10.
% Encoding: ISO8859_1

@Article{Almiron_2010,
  Title =	 {On the Numerical Accuracy of Spreadsheets},
  Author =	 {Marcelo G. Almiron and Bruno Lopes and Alyson
                  L. C. Oliveira and Antonio C. Medeiros and Alejandro
                  C. Frery},
  Journal =	 {Journal of Statistical Software},
  Year =	 2010,
  Month =	 4,
  Number =	 4,
  Pages =	 {1--29},
  Volume =	 34,
  Url =		 {http://www.jstatsoft.org/v34/i04}
}

@Article{Baaaath_2012,
  Title =	 {The State of Naming Conventions in {R}},
  Author =	 {Rasmus B{\aa}{\aa}th},
  Journal =	 {The R Journal},
  Year =	 2012,
  Month =	 dec,
  Number =	 2,
  Pages =	 {74--75},
  Volume =	 4,
  Url =
                  {http://journal.r-project.org/archive/2012-2/RJournal_2012-2_Baaaath.pdf}
}

@Article{brown_2001,
  Title =	 {Interval Estimation for a Binomial Proportion},
  Author =	 {Lawrence D. Brown and T. Tony Cai and Anirban
                  Dasgupta},
  Journal =	 {Statistical Science},
  Year =	 2001,
  Pages =	 {101--133},
  Volume =	 16
}

@Misc{burns_2014,
  Title =	 {Spreadsheet Addiction},
  Author =	 {Patrick Burns},
  HowPublished = {online},
  Year =	 2014,
  Timestamp =	 {2014.11.12},
  Url =
                  {http://web.archive.org/web/20141009042532/http://www.burns-stat.com/documents/tutorials/spreadsheet-addiction/}
}

@Article{bustin_miqe_2009,
  Title =	 {The {MIQE} Guidelines: Minimum Information for
                  Publication of Quantitative Real-Time {PCR}
                  Experiments},
  Author =	 {Stephen A. Bustin and Vladimir Benes and Jeremy
                  A. Garson and Jan Hellemans and Jim Huggett and
                  Mikael Kubista and Reinhold Mueller and Tania Nolan
                  and Michael W. Pfaffl and Gregory L. Shipley and Jo
                  Vandesompele and Carl T. Wittwer},
  Number =	 4,
  Pages =	 {611--622},
  Volume =	 55,
}

@Article{devonshire_2013,
  Title =	 {Application of next generation {qPCR} and sequencing
                  platforms to {mRNA} biomarker analysis},
  Author =	 {Devonshire, Alison S. and Sanders, Rebecca and
                  Wilkes, Timothy M. and Taylor, Martin S. and Foy,
                  Carole A. and Huggett, Jim F.},
  Journal =	 {Methods (San Diego, Calif.)},
  Year =	 2013,
  Month =	 jan,
  Number =	 1,
  Pages =	 {89--100},
  Volume =	 59,
}

@Article{Duran_2014,
  Title =	 {The Misfortunes of a Trio of Mathematicians Using
                  Computer Algebra Systems. {Can} We Trust in Them?},
  Author =	 {Dur\'{a}n, Antonio J. and P\'{e}rez, Mario and
                  Varona, Juan L.},
  Journal =	 {Notices of the American Mathematical Society},
  Year =	 2014,
}

@Article{fang_2012,
  Title =	 {Misconduct accounts for the majority of retracted
                  scientific publications},
  Author =	 {Fang, Ferric C. and Steen, R. Grant and Casadevall,
                  Arturo},
  Journal =	 {Proceedings of the National Academy of Sciences of
                  the United States of America},
  Year =	 2012,
  Month =	 oct,
  Number =	 42,
  Pages =	 {17028--17033},
  Volume =	 109,
}

@Book{gandrud_2013,
  Title =	 {Reproducible Research with R and {RStudio}},
  Author =	 {Gandrud, Christopher},
  Publisher =	 {Chapman and Hall/{CRC}},
  Year =	 2013,
  Month =	 jul,
}

@Article{gentleman_2004,
  Title =	 {Bioconductor: Open software development for
                  computational biology and bioinformatics},
  Author =	 {Robert C Gentleman and Vincent J Carey and Douglas M
                  Bates and Ben Bolstad and Marcel Dettling and
                  Sandrine Dudoit and Byron Ellis and Laurent Gautier
                  and Yongchao Ge and Jeff Gentry and Kurt Hornik and
                  Torsten Hothorn and Wolfgang Huber and Stefano Iacus
                  and Rafael Irizarry and Friedrich Leisch and Cheng
                  Li and Martin Maechler and Anthony J Rossini and
                  Gunther Sawitzki and Colin Smith and Gordon Smyth
                  and Luke Tierney and Jean Y H Yang and Jianhua
                  Zhang},
  Journal =	 {Genome Biology},
  Year =	 2004,
  Number =	 10,
  Pages =	 {R80},
  Volume =	 5,
}

@Article{Gesmann_2011,
  Title =	 {Using the {G}oogle Visualisation {API} with {R}},
  Author =	 {Markus Gesmann and Diego de Castillo},
  Journal =	 {The R Journal},
  Year =	 2011,
  Month =	 dec,
  Number =	 2,
  Pages =	 {40--44},
  Volume =	 3,
}

@Article{guescini_2008,
  Title =	 {A new real-time {PCR} method to overcome significant
                  quantitative inaccuracy due to slight amplification
                  inhibition},
  Author =	 {Guescini, Michele and Sisti, Davide and Rocchi,
                  Marco B L and Stocchi, Laura and Stocchi, Vilberto},
  Journal =	 {{BMC} Bioinformatics},
  Year =	 2008,
  Month =	 jul,
  Number =	 326,
  Volume =	 9,
}

@Article{hofmann_2013,
  Title =	 {Let Graphics Tell the Story -- {D}atasets in {R}},
  Author =	 {Heike Hofmann and Antony Unwin and Dianne Cook},
  Journal =	 {The R Journal},
  Year =	 2013,
  Month =	 jun,
  Number =	 1,
  Pages =	 {117--130},
  Volume =	 5,
}

@Article{huggett_BDQ_2014,
  Title =	 {How to make Mathematics Biology's next and better
                  microscope},
  Author =	 {Huggett, Jim and O’Grady, Justin and Bustin,
                  Stephen},
  Journal =	 {Biomolecular Detection and Quantification},
  Year =	 2014,
  volume =	 1,
  number =	 1,
  pages =	 {A1--A3},
}

@Article{huggett_2013,
  Title =	 {The digital {MIQE} guidelines: Minimum Information
                  for Publication of Quantitative Digital {PCR}
                  Experiments},
  Author =	 {Jim F Huggett and Carole A Foy and Vladimir Benes
                  and Kerry Emslie and Jeremy A Garson and Ross Haynes
                  and Jan Hellemans and Mikael Kubista and Reinhold D
                  Mueller and Tania Nolan and Michael W Pfaffl and
                  Gregory L Shipley and Jo Vandesompele and Carl T
                  Wittwer and Stephen A Bustin},
  Journal =	 {Clinical {C}hemistry},
  Year =	 2013,
  Month =	 jun,
  Number =	 6,
  Pages =	 {892--902},
  Volume =	 59,
}

@Article{khodakov_2014,
  Title =	 {Recent developments in nucleic acid identification
                  using solid-phase enzymatic assays},
  Author =	 {Khodakov, Dmitriy A. and Ellis, Amanda V.},
  Journal =	 {Microchimica Acta},
  Year =	 2014,
  volume =	 181,
  number =	 {13--14},
  Pages =	 {1633--1646},
}

@Article{Leeper_2014,
  Title =	 {Archiving Reproducible Research and Dataverse with
                  {R}},
  Author =	 {Thomas J. Leeper},
  Journal =	 {The R Journal},
  Year =	 2014,
  Number =	 1,
  Pages =	 {151--158},
  Volume =	 6,
}

@Article{lefever_2009,
  Title =	 {{RDML}: Structured language and reporting guidelines
                  for real-time quantitative {PCR} data},
  Author =	 {Steve Lefever and Jan Hellemans and Filip Pattyn and
                  Daniel R Przybylski and Chris Taylor and Ren{\'e}
                  Geurts and Andreas Untergasser and Jo Vandesompele
                  and {{RDML} Consortium}},
  Journal =	 {Nucleic {A}cids {R}esearch},
  Year =	 2009,
  Month =	 apr,
  Number =	 7,
  Pages =	 {2065--2069},
  Volume =	 37,
}

@Article{liu_2014,
  Title =	 {An {R} package that automatically collects and
                  archives details for reproducible computing},
  Author =	 {Zhifa Liu and Stan Pounds},
  Journal =	 {{BMC} Bioinformatics},
  Year =	 2014,
  Month =	 may,
  Number =	 1,
  Pages =	 138,
  Volume =	 15,
}

@Article{luo_multiplex_2011,
  Title =	 {Multiplex real-time {PCR} melting curve assay to
                  detect drug-resistant mutations of Mycobacterium
                  tuberculosis},
  Author =	 {Luo, Tao and Jiang, Lili and Sun, Weiming and Fu,
                  G. and Mei, Jian and Gao, Qian},
  Journal =	 {Journal of Clinical Microbiology},
  Year =	 2011,
  Month =	 sep,
  Number =	 9,
  Pages =	 {3132--3138},
  Volume =	 49,
}

@Article{mccullough_2008,
  Title =	 {On the accuracy of statistical procedures in
                  {M}icrosoft {E}xcel 2007},
  Author =	 {McCullough, B. D. and Heiser, David A.},
  Journal =	 {Computational Statistics \& Data Analysis},
  Year =	 2008,
  Month =	 jun,
  Number =	 10,
  Pages =	 {4570--4578},
  Volume =	 52,
}

@Article{michna_2013,
  Title =	 {{RNetCDF} -- {A} Package for Reading and Writing
                  {NetCDF} Datasets},
  Author =	 {Pavel Michna and Milton Woods},
  Journal =	 {The R Journal},
  Year =	 2013,
  Month =	 dec,
  Number =	 2,
  Pages =	 {29--37},
  Volume =	 5,
}

@Article{milbury_2014,
  Title =	 {Determining lower limits of detection of digital
                  {PCR} assays for cancer-related gene mutations},
  Author =	 {Milbury, Coren A. and Zhong, Qun and Lin, Jesse and
                  Williams, Miguel and Olson, Jeff and Link, Darren
                  R. and Hutchison, Brian},
  Journal =	 {Biomolecular Detection and Quantification},
  Year =	 2014,
  Month =	 sep,
  Number =	 1,
  Pages =	 {8--22},
  Volume =	 1,
}

@Article{morley_2014,
  Title =	 {Digital {PCR}: A brief history},
  Author =	 {Morley, Alexander A.},
  Journal =	 {Biomolecular Detection and Quantification},
  Year =	 2014,
  Month =	 sep,
  Number =	 1,
  Pages =	 {1--2},
  Volume =	 1,
}

@Article{Murrell_2012,
  Title =	 {It's Not What You Draw, It's What You Don't Draw},
  Author =	 {Paul Murrell},
  Journal =	 {The R Journal},
  Year =	 2012,
  Month =	 dec,
  Number =	 2,
  Pages =	 {13--18},
  Volume =	 4,
}

@Book{R_web,
  Title =	 {{XML} and Web Technologies for Data Sciences with
                  {R}},
  Author =	 {Deborah Nolan and Duncan Lang Temple},
  Year =	 2014,
  publisher =	 {Springer-Verlag},
  address =	 {New York},
}

@Article{Oh_2014,
  Title =	 {Automatic Conversion of Tables to {LongForm}
                  Dataframes},
  Author =	 {Jimmy Oh},
  Journal =	 {The R Journal},
  Year =	 2014,
  Number =	 2,
  Pages =	 {16--26},
  Volume =	 6,
}

@Book{R_cloud,
  Title =	 {{R} for Cloud Computing -- {A}n Approach for Data
                  Scientists},
  Author =	 {Ajay Ohri},
  Year =	 2014,
  publisher =	 {Springer-Verlag},
  address =	 {New York},
}

@Article{pabinger_2014,
  Title =	 {A survey of tools for the analysis of quantitative
                  {PCR} ({qPCR)} data},
  Author =	 {Stephan Pabinger and Stefan R{\"o}diger and Albert
                  Kriegner and Klemens Vierlinger and Andreas
                  Weinh{\"a}usel},
  Journal =	 {Biomolecular Detection and Quantification},
  Year =	 2014,
  Volume =	 1,
}

@Article{peirson_2003,
  Title =	 {Experimental validation of novel and conventional
                  approaches to quantitative real-time {PCR} data
                  analysis},
  Author =	 {Stuart N Peirson and Jason N Butler and Russell G
                  Foster},
  Journal =	 {Nucleic {A}cids {R}esearch},
  Year =	 2003,
  Month =	 jul,
  Number =	 14,
  Pages =	 {e73},
  Volume =	 31,
}

@Manual{RDCT2010c,
  Title =	 {{{R} Data {Import/Export}}},
  Address =	 {Vienna, Austria},
  Author =	 {{{R} Core Team}},
  Organization = {{R} Foundation for Statistical Computing},
  Year =	 2015,
  Url =		 {http://www.R-project.org/}
}

@Article{roediger_RJ_2013,
  Title =	 {Surface Melting Curve Analysis with {R}},
  Author =	 {Stefan R{\"o}diger and Alexander B{\"o}hm and Ingolf
                  Schimke},
  Journal =	 {The R Journal},
  Year =	 2013,
  Month =	 dec,
  Number =	 2,
  Pages =	 {37--53},
  Volume =	 5,
}

@Article{rodiger_rkward_2012,
  Title =	 {{RKWard}: A Comprehensive Graphical User Interface
                  and Integrated Development Environment for
                  Statistical Analysis with {R}},
  Author =	 {Stefan R{\"o}diger and Thomas Friedrichsmeier and
                  Prasenjit Kapat and Meik Michalke},
  Journal =	 {Journal of Statistical Software},
  Year =	 2012,
  Number =	 9,
  Pages =	 {1--34},
  Volume =	 49,
  Url =		 {http://www.jstatsoft.org/v49/i09}
}

@Article{rodiger_nucleic_2014,
  Title =	 {Nucleic acid detection based on the use of
                  microbeads: A review},
  Author =	 {Stefan R{\"o}diger and Claudia Liebsch and Carsten
                  Schmidt and Werner Lehmann and Ute Resch-Genger and
                  Uwe Schedler and Peter Schierack},
  Journal =	 {Microchimica Acta},
  Year =	 2014,
  volume =	 181,
  number =	 {11--12},
  Pages =	 {1151--1168},
}

@Article{rodiger_highly_2013,
  Title =	 {A highly versatile microscope imaging technology
                  platform for the multiplex real-time detection of
                  biomolecules and autoimmune antibodies},
  Author =	 {Stefan R{\"o}diger and Peter Schierack and Alexander
                  B{\"o}hm and J{\"o}rg Nitschke and Ingo Berger and
                  Ulrike Fr{\"o}mmel and Carsten Schmidt and Mirko
                  Ruhland and Ingolf Schimke and Dirk Roggenbuck and
                  Werner Lehmann and Christian Schr{\"o}der},
  Journal =	 {Advances in Biochemical Engineering/Biotechnology},
  Year =	 2013,
  Pages =	 {35--74},
  Volume =	 133,
}

@Article{ritz_2008,
  Title =	 {{qpcR:} An {R} package for sigmoidal model selection
                  in quantitative real-time polymerase chain reaction
                  analysis},
  Author =	 {Christian Ritz and Andrej-Nikolai Spiess},
  Journal =	 {Bioinformatics},
  Year =	 2008,
  Month =	 jul,
  Note =	 {{PMID:} 18482995},
  Number =	 13,
  Pages =	 {1549--1551},
  Volume =	 24,
}

@Article{ruijter_2014,
  Title =	 {Fluorescent-increase kinetics of different
                  fluorescent reporters used for {qPCR} depend on
                  monitoring chemistry, targeted sequence, type of
                  {DNA} input and {PCR} efficiency},
  Author =	 {Ruijter, Jan M. and Lorenz, Peter and Tuomi, Jari
                  M. and Hecker, Michael and Hoff, Maurice J. B. van
                  den},
  Journal =	 {Microchimica Acta},
  Year =	 2014,
  Month =	 oct,
  Number =	 {13--14},
  Pages =	 {1689--1696},
  Volume =	 181,
}

@Article{ruijter_2013,
  Title =	 {Evaluation of {qPCR} curve analysis methods for
                  reliable biomarker discovery: bias, resolution,
                  precision, and implications},
  Author =	 {Jan M Ruijter and Michael W Pfaffl and Sheng Zhao
                  and Andrej N Spiess and Gregory Boggy and Jochen
                  Blom and Robert G Rutledge and Davide Sisti and
                  Antoon Lievens and Katleen {De Preter} and Stefaan
                  Derveaux and Jan Hellemans and Jo Vandesompele},
  Journal =	 {Methods},
  Year =	 2013,
  Month =	 jan,
  Number =	 1,
  Pages =	 {32--46},
  Volume =	 59,
}

@Article{spiess_2008,
  Title =	 {Highly accurate sigmoidal fitting of real-time {PCR}
                  data by introducing a parameter for asymmetry},
  Author =	 {Andrej-Nikolai Spiess and Caroline Feig and
                  Christian Ritz},
  Journal =	 {{BMC} Bioinformatics},
  Year =	 2008,
  Month =	 apr,
  Number =	 1,
  Pages =	 221,
  Volume =	 9,
}

@Article{Valero_2012,
  Title =	 {Graphical User Interfaces for {R}},
  Author =	 {Pedro M. Valero-Mora and Ruben Ledesma},
  Journal =	 {Journal of Statistical Software},
  Year =	 2012,
  Month =	 jun,
  Number =	 1,
  Pages =	 {1--8},
  Volume =	 49,
  Url =		 {http://www.jstatsoft.org/v49/i01}
}

@Article{viturro_2014,
  Title =	 {Microfluidic high-throughput reverse-transcription
                  quantitative {PCR} analysis of liver gene expression
                  in lactating animals},
  Author =	 {Viturro, Enrique and Altenhofer, Christian and
                  Zölch, Benjamin and Burgmaier, Anja and Riedmaier,
                  Irmgard and Pfaffl, Michael W.},
  Journal =	 {Microchimica Acta},
  Year =	 2014,
  Month =	 oct,
  Number =	 {13-14},
  Pages =	 {1725--1732},
  Volume =	 181,
}

@Article{wu_2014,
  Title =	 {Extraction, amplification and detection of {DNA} in
                  microfluidic chip-based assays},
  Author =	 {Wu, Jinbo and Kodzius, Rimantas and Cao, Wenbin and
                  Wen, Weijia},
  Journal =	 {Microchimica Acta},
  Year =	 2014,
  Month =	 oct,
  Number =	 {13-14},
  Pages =	 {1611--1631},
  Volume =	 181,
}

@Article{Guazzelli_2009,
  Title =	 {{PMML}: An Open Standard for Sharing Models},
  Author =	 {Michael Zeller and Wen-Ching Lin Alex Guazzelli and
                  Graham Williams},
  Journal =	 {The R Journal},
  Year =	 2009,
  Month =	 jun,
  Number =	 1,
  Pages =	 {60--65},
  Volume =	 1,
}

@Article{Spiess_2014,
  Title =	 {Impact of Smoothing on Parameter Estimation in
                  Quantitative {DNA} Amplification},
  Author =	 {Andrej-Nikolai Spiess and Claudia Deutschmann and
                  Micha\l{} Burdukiewicz and Ralf Himmelreich and
                  Katharina Klat and Peter Schierack and Stefan
                  R\"{o}diger},
  Journal =	 {Clinical Chemistry},
  volume =	 61,
  number =	 2,
  pages =	 {379--388},
  Year =	 2015
}

@Manual{kulife,
  title =	 {kulife: Datasets and Functions from the (Now
                  Non-Existing) Faculty of Life Sciences, University
                  of Copenhagen},
  author =	 {Claus Ekstrom and Ib M. Skovgaard and Torben
                  Martinussen},
  year =	 2013,
  note =	 {R package version 0.1-14},
  url =		 {http://CRAN.R-project.org/package=kulife},
}

@Manual{MCMC.qpcr,
  title =	 {MCMC.qpcr: Bayesian Analysis of qRT-PCR Data},
  author =	 {Mikhail V. Matz},
  year =	 2015,
  note =	 {R package version 1.2},
  url =		 {http://CRAN.R-project.org/package=MCMC.qpcr},
}

@Manual{qPCR.CT,
  title =	 {qPCR.CT: qPCR Data Analysis and Plot Package},
  author =	 {Yuzhuo Pan and Xiaoyu Yan and Junxin Li},
  year =	 2012,
  note =	 {R package version 1.1},
  url =		 {http://CRAN.R-project.org/package=qPCR.CT},
}

@Manual{DivMelt,
  title =	 {DivMelt: HRM Diversity Assay Analysis Tool},
  author =	 {David A. Swan},
  year =	 2013,
  note =	 {R package version 1.0.3; with contributions from
                  Craig A Magaret and Matthew M Cousins},
  url =		 {http://CRAN.R-project.org/package=DivMelt},
}

@Manual{qpcR,
  title =	 {qpcR: Modelling and Analysis of Real-Time PCR Data},
  author =	 {Andrej-Nikolai Spiess},
  year =	 2014,
  note =	 {R package version 1.4-0},
  url =		 {http://CRAN.R-project.org/package=qpcR},
}

@Manual{dpcR,
  title =	 {dpcR: Digital PCR Analysis},
  author =	 {Michal Burdukiewicz and Stefan Roediger and Bart
                  Jacobs},
  year =	 2015,
  note =	 {R package version 0.1.4.0},
  url =		 {http://CRAN.R-project.org/package=dpcR},
}

@Manual{chipPCR,
  author =	 {Stefan Roediger and Michal Burdukiewicz},
  title =	 {chipPCR: Toolkit of Helper Functions to Pre-Process
                  Amplification Data},
  year =	 2014,
  note =	 {R package version 0.0.8-4},
  url =		 {http://CRAN.R-project.org/package=chipPCR},
}

@Manual{MBmca,
  title =	 {MBmca: Nucleic Acid Melting Curve Analysis on
                  Microbead Surfaces with R},
  author =	 {Stefan Roediger},
  year =	 2015,
  note =	 {R package version 0.0.3-5},
  url =		 {http://CRAN.R-project.org/package=MBmca},
}

@Manual{RDML,
  title =	 {RDML: Importing Real-Time Thermo Cycler (qPCR) Data
                  from RDML Format Files},
  author =	 {Konstantin A. Blagodatskikh and Stefan Roediger and
                  Michal Burdukiewicz},
  year =	 2015,
  note =	 {R package version 0.8-4},
  url =		 {http://CRAN.R-project.org/package=RDML},
}

@Article{nondetects,
  author =	 {Matthew N. McCall1 and Helene R. McMurray and
                  Hartmut Land and Anthony Almudevar},
  title =	 {On non-detects in {qPCR} Data},
  journal =	 {Bioinformatics},
  year =	 2014,
  volume =	 30,
  number =	 16,
  pages =	 {2310--2316},
  month =	 aug,
}

@Manual{qpcrNorm,
  title =	 {qpcrNorm: Data-Driven Normalization Strategies for
                  High-Throughput qPCR Data},
  author =	 {Jessica Mar},
  year =	 2009,
  note =	 {R package version 1.26.0},
  url =		 {http://bioconductor.org}
}

@Article{HTqPCR,
  title =	 {{HTqPCR}: High-throughput analysis and visualization
                  of quantitative real-time {PCR} data in {R}},
  author =	 {Heidi Dvinge and Paul Bertone},
  journal =	 {Bioinformatics},
  year =	 2009,
  volume =	 25,
  number =	 24,
  pages =	 {3325--3326},
  month =	 dec,
}

@Manual{SLqPCR,
  title =	 {SLqPCR: Functions for Analysis of Real-Time
                  Quantitative PCR Data at SIRS-Lab GmbH},
  author =	 {M. Kohl},
  year =	 2007,
  organization = {SIRS-Lab GmbH},
  type =	 {R package},
  address =	 {Jena},
  url =		 {www.sirs-lab.com},
}

@Manual{ddCT,
  title =	 {ddCt: The ddCt Algorithm for the Analysis of
                  Quantitative Real-Time PCR (qRT-PCR)},
  author =	 {Jitao David Zhang and Rudolf Biczok and Markus
                  Ruschhaupt},
  year =	 2015,
  note =	 {R package version 1.22.0},
  url =		 {http://bioconductor.org}
}

@Manual{EasyqpcR,
  title =	 {EasyqpcR: EasyqpcR for Easy Analysis of Real-Time
                  PCR Data at IRTOMIT-INSERM U1082},
  author =	 {S. Le Pape},
  language =	 {English},
  year =	 2012,
  organization = {IRTOMIT-INSERM U1082},
  type =	 {R package},
  url =		 {http://irtomit.labo.univ-poitiers.fr/},
}

@Article{unifiedWMWqPCR,
  title =	 {{unifiedWMWqPCR}: The unified
                  {W}ilcoxon-{M}ann-{W}hitney test for analyzing
                  {RT-qPCR} data in {R}},
  author =	 {Jan De Neve and Joris Meys and Jean-Pierre Ottoy and
                  Lieven Clement and Olivier Thas},
  journal =	 {Bioinformatics},
  volume =	 30,
  number =	 17,
  pages =	 {2494--2495},
  year =	 2014,
  publisher =	 {Oxford Univ Press},
}

@Manual{unifiedWMWqPCR2,
  title =	 {unifiedWMWqPCR: Unified Wilcoxon-Mann-Whitney Test
                  for qPCR Data},
  author =	 {Jan De Neve and Joris Meys},
  year =	 2014,
  note =	 {R package version 1.4.0},
  url =		 {http://bioconductor.org}
}

@Article{readqpcr,
  title =	 {{ReadqPCR} and {NormqPCR}: {R} packages for the
                  reading, quality checking and normalisation of
                  {RT-qPCR} quantification cycle ({Cq}) data},
  author =	 {James R. Perkins and John M. Dawes and Christine
                  Orengo and Stephen B. McMahon and David L.H. Bennett
                  and Matthias Kohl},
  year =	 2012,
  journal =	 {BMC Genomics},
  volume =	 13,
  number =	 296,
}

@Manual{settings,
  title =	 {settings: Software Option Settings Manager for R},
  author =	 {Mark van der Loo},
  year =	 2015,
  note =	 {R package version 0.2.2},
  url =		 {http://CRAN.R-project.org/package=settings},
}

@Manual{archivist,
  title =	 {archivist: Tools for Storing, Restoring and
                  Searching for R Objects},
  author =	 {Przemyslaw Biecek and Marcin Kosinski},
  year =	 2015,
  note =	 {R package version 1.3},
  url =		 {http://CRAN.R-project.org/package=archivist},
}

@Manual{shiny,
  title =	 {shiny: Web Application Framework for R},
  author =	 {Winston Chang and Joe Cheng and J J Allaire and
                  Yihui Xie and Jonathan McPherson},
  year =	 2015,
  note =	 {R package version 0.12.1},
  url =		 {http://CRAN.R-project.org/package=shiny},
}

@Article{Fay_2010,
  Title =	 {Two-sided Exact Tests and Matching Confidence
                  Intervals for Discrete Data},
  Author =	 { Michael P. Fay },
  Journal =	 { {The R Journal} },
  Year =	 { 2010 },
  Number =	 { 1 },
  Pages =	 { 53--58 },
  Volume =	 { 2 },
  month =	 jun,
}

@Article{wang_2013,
  Title =	 { {ExactCIdiff}: An {R} Package for Computing Exact
                  Confidence Intervals for the Difference of Two
                  Proportions },
  Author =	 { Weizhen Wang and Guogen Shan },
  Journal =	 { The R Journal },
  Year =	 { 2013 },
  Number =	 { 2 },
  Pages =	 { 62--71 },
  Volume =	 { 5 },
  month =	 dec
}

@Article{corbisier_2015,
  Title =	 {{DNA} copy number concentration measured by digital
                  and droplet digital quantitative {PCR} using
                  certified reference materials},
  Author =	 {Corbisier, Philippe and Pinheiro, Leonardo and
                  Mazoua, St\'{e}phane and Kortekaas, Anne-Marie and
                  Chung, Pui Yan Jenny and Gerganova, Tsvetelina and
                  Roebben, Gert and Emons, Hendrik and Emslie, Kerry},
  Journal =	 {Analytical and Bioanalytical Chemistry},
  Year =	 2015,
  Number =	 7,
  Pages =	 {1831--1840},
  Volume =	 407,
}

@Article{jahn_2013,
  Title =	 {Subpopulation-proteomics in prokaryotic populations},
  Author =	 {Jahn, Michael and Seifert, Jana and von Bergen,
                  Martin and Schmid, Andreas and B\"{u}hler, Bruno and
                  M\"{u}ller, Susann},
  Journal =	 {Current Opinion in Biotechnology},
  Year =	 2013,
  Number =	 1,
  Pages =	 {79--87},
  Volume =	 24,
  month =	 feb,
  Series =	 {Analytical biotechnology},
}

@Article{jahn_2014,
  Title =	 {Accurate Determination of Pasmid Copy Number of
                  Flow-Sorted Cells using Droplet Digital {PCR}},
  Author =	 {Jahn, Michael and Vorpahl, Carsten and
                  T\"{u}rkowsky, Dominique and Lindmeyer, Martin and
                  B\"{u}hler, Bruno and Harms, Hauke and M\"{u}ller,
                  Susann},
  Journal =	 {Analytical Chemistry},
  Year =	 2014,
  Number =	 12,
  Pages =	 {5969--5976},
  Volume =	 86,
  month =	 jun,
}

@Article{majumdar_2015,
  Title =	 {Digital {PCR} Modeling for Maximal Sensitivity,
                  Dynamic Range and Measurement Precision},
  Author =	 {Majumdar, Nivedita and Wessel, Thomas and Marks,
                  Jeffrey},
  Journal =	 {PLoS ONE},
  Year =	 2015,
  Number =	 3,
  Pages =	 {e0118833},
  Volume =	 10,
  month =	 mar,
}

@Article{huggett_clinchem_2014,
  Title =	 {Considerations for Digital {PCR} as an Accurate
                  Molecular Diagnostic Tool},
  Author =	 {Huggett, Jim F. and Cowen, Simon and Foy, Carole A.},
  Journal =	 {Clinical Chemistry},
  Year =	 2015,
  Pages =	 {79--88},
  month =	 oct,
  volume =	 61,
  number =	 1,
}

@Article{roediger_2015_Bioinformatics,
  Title =	 {{chipPCR:} an {R} Package to Pre-Process Raw Data of
                  Amplification Curves},
  Author =	 {Stefan R\"{o}diger and Micha\l{} Burdukiewicz and
                  Peter Schierack},
  Journal =	 {Bioinformatics},
  Year =	 {{in press}},
  Doi =		 {10.1093/bioinformatics/btv205},
}

@Article{Kloke_2012,
  Title =	 { {Rfit}: Rank-based Estimation for Linear Models},
  Author =	 { John D. Kloke and Joseph W. McKean },
  Journal =	 {The R Journal},
  Year =	 { 2012 },
  Number =	 { 2 },
  Pages =	 { 57--64 },
  Volume =	 { 4 },
  month =	 dec,
}

 

@Article{svec_2015,
  Title =	 {How good is a {PCR} efficiency estimate:
                  {Recommendations} for precise and robust {qPCR}
                  efficiency assessments},
  Author =	 {Svec, David and Tichopad, Ales and Novosadova,
                  Vendula and Pfaffl, Michael W. and Kubista, Mikael},
  Journal =	 {Biomolecular Detection and Quantification},
  volume =	 3,
  month =	 mar,
  pages =	 {9--16},
  year =	 2015,
}

@Manual{RStudio,
  Title =	 {RStudio: Integrated Development Environment for {R}},
  Address =	 {Boston, MA},
  Author =	 {{RStudio Team}},
  Organization = {RStudio, Inc.},
  Year =	 2012,
  Url =		 {http://www.rstudio.com/}
}

@Misc{kuhn_cran_2014,
  Title =	 {{CRAN} Task View: Reproducible Research},
  Author =	 {Kuhn, Max},
  Year =	 2015,
  note =	 {Version~2015-06-18},
  url =		 {http://CRAN.R-project.org/view=ReproducibleResearch},
}

@Article{Ooms_2013,
  Title =	 { Directions for Improved Dependency Versioning in
                  {R} },
  Author =	 { Jeroen Ooms },
  Journal =	 { The R Journal },
  Year =	 { 2013 },
  Number =	 { 1 },
  Pages =	 { 197--207 },
  Volume =	 { 5 },
  month =	 jun,
}

@Article{Murrel_2015,
  Title =	 { The {gridGraphics} Package },
  Author =	 { Paul Murrell },
  Journal =	 { The R Journal },
  Year =	 { 2015 },
  Number =	 { 1 },
  Pages =	 { 152--163 },
  Volume =	 { 7 },
  month =	 jun,
}

@Article{bustin_2014,
  Title =	 {The reproducibility of biomedical research:
                  {Sleepers} awake!},
  Author =	 {Bustin, Stephen A.},
  Journal =	 {Biomolecular Detection and Quantification},
  Year =	 2014,
  Pages =	 {35--42},
  Volume =	 2,
  month =	 dec,
}

@Article{conde_2014,
  Title =	 {sgof: An {R} Package for Multiple Testing Problems},
  Author =	 { Irene Castro-Conde and Jacobo de Uña-Álvarez },
  Journal =	 { The R Journal },
  Year =	 { 2014 },
  Number =	 { 2 },
  Pages =	 { 96--113 },
  Volume =	 { 6 },
  month =	 Dec,
}

@Article{huggett_qpcr_2015,
  Title =	 {{qPCR}, {dPCR}, {NGS} –- {A} journey},
  Author =	 {Huggett, Jim F. and O’Grady, Justin and Bustin,
                  Stephen},
  Journal =	 {Biomolecular Detection and Quantification},
  Year =	 2015,
  volume =	 3,
  month =	 mar,
  pages =	 {A1--A5}
}

@Article{selck_2013,
  Title =	 {Increased Robustness of Single-Molecule Counting
                  with Microfluidics, Digital Isothermal
                  Amplification, and a Mobile Phone versus Real-Time
                  Kinetic Measurements},
  Author =	 {Selck, David A. and Karymov, Mikhail A. and Sun,
                  Bing and Ismagilov, Rustem F.},
  Journal =	 {Analytical Chemistry},
  Year =	 2013,
  Number =	 22,
  Pages =	 {11129--11136},
  Volume =	 85,
  month =	 nov,
}

@Article{nixon_2014,
  Title =	 {A novel approach for evaluating the performance of
                  real time quantitative loop-mediated isothermal
                  amplification-based methods},
  Author =	 {Nixon, Gavin J. and Svenstrup, Helle F. and Donald,
                  Carol E. and Carder, Caroline and Stephenson, Judith
                  M. and Morris-Jones, Stephen and Huggett, Jim F. and
                  Foy, Carole A.},
  Journal =	 {Biomolecular Detection and Quantification},
  Year =	 2014,
  Pages =	 {4--10},
  Volume =	 2,
  month =	 dec,
}

@Manual{rnetdcf,
  title =	 {{RNetCDF}: Interface to {NetCDF} Datasets},
  author =	 {Pavel Michna},
  year =	 {2015},
  note =	 {R package version 1.7-3; with contributions from
                  Milton Woods},
  url =		 {http://CRAN.R-project.org/package=RNetCDF},
}
@book{ddCt,
author = {J.~D. {Zhang, R.~Biczok, and M.~Ruschhaupt}},
title = {{ddCt: The ddCt Algorithm for the Analysis of Quantitative Real-Time PCR (qRT-PCR), }},
publisher = {R package version 1.22.0},
year = {2015},
url = {http://bioconductor.org}
}

