@Manual{rstats2016,
  author = {R Core Team},
  note = {{R} Foundation for Statistical Computing, Vienna, Austria},
  title = {{R}: A Language and Environment for Statistical Computing},
  url = {https://www.r-project.org},
  year = {2016},
}

@Manual{beger2016spduration,
  author = {Andreas Beger and Daina Chiba and Daniel Hill and Nils Metternich and Shahryar Minhas},
  note = {{R}~package version~0.16.0},
  title = {Spduration: Split-Population Duration (Cure) Regression},
  url = {https://CRAN.R-project.org/package=spduration},
  year = {2017},
}

@Manual{dahl2016xtable,
  author = {David B. Dahl},
  note = {{R}~package version~1.8-2},
  title = {Xtable: Export Tables to {LaTeX} or {HTML}},
  url = {https://CRAN.R-project.org/package=xtable},
  year = {2016},
}

@Book{thernau2000modeling,
  author = {Terry M. Thernau},
  address = {New York},
  publisher = {Springer-Verlag},
  title = {Modeling Survival Data: Extending the Cox Model},
  year = {2000},
}

@Manual{thernau2015survival,
  author = {Terry M. Thernau},
  note = {{R}~package version~2.38},
  title = {A Package for Survival Analysis in S},
  url = {http://CRAN.R-project.org/package=survival},
  year = {2015},
}

@Article{cai2012smcure,
  author = {Chao Cai and Yubo Zou and Yingwei Peng and Jiajia Zhang},
  url = {https://doi.org/10.1016/j.cmpb.2012.08.013},
  journal = {Computer Methods and Programs in Biomedicine},
  number = {3},
  pages = {1255--1260},
  publisher = {Elsevier},
  title = {Smcure: An {R}-Package for Estimating Semiparametric Mixture Cure Models},
  volume = {108},
  year = {2012},
}

@Manual{cai2012smcureR,
  author = {Chao Cai and Yubo Zou and Yingwei Peng and Jiajia Zhang},
  note = {{R}~package version~2.0},
  title = {Smcure: Fit Semiparametric Mixture Cure Models},
  url = {https://CRAN.R-project.org/package=smcure},
  year = {2012},
}

@Article{fearon2003ethnicity,
  author = {James D. Fearon and David D. Laitin},
  url = {https://doi.org/10.1017/S0003055403000534},
  journal = {American Political Science Review},
  number = {1},
  pages = {75--90},
  title = {Ethnicity, Insurgency, and Civil War},
  volume = {97},
  year = {2003},
}

@Article{bagozzi2015modeling,
  author = {Benjamin E. Bagozzi and Daniel W. Hill and Will H. Moore and Bumba Mukherjee},
  url = {https://doi.org/10.1177/0022002713520530},
  journal = {Journal of Conflict Resolution},
  number = {4},
  pages = {728--752},
  title = {Modeling Two Types of Peace The Zero-Inflated Ordered Probit (ZiOP) Model in Conflict Research},
  volume = {59},
  year = {2015},
}

@Article{forster2001role,
  author = {Martin Forster and Andrew M. Jones},
  url = {https://doi.org/10.1111/1467-985X.00217},
  journal = {Journal of the Royal Statistical Society A},
  number = {3},
  pages = {517--547},
  title = {The Role of Tobacco Taxes in Starting and Quitting Smoking: Duration Analysis of {B}ritish Data},
  volume = {164},
  year = {2001},
}

@Article{beger2014ensemble,
  author = {Andreas Beger and Cassy L. Dorff and Michael D. Ward},
  url = {https://doi.org/10.1177/2053168014557511},
  journal = {Research \& Politics},
  number = {3},
  pages = {1--7},
  title = {Ensemble Forecasting of Irregular Leadership Change},
  volume = {1},
  year = {2014},
}

@Article{ward2013learning,
  author = {Michael D. Ward and Nils W. Metternich and Cassy L. Dorff and Max Gallop and Florian M. Hollenbach and Anna Schultz and Simon Weschle},
  url = {https://doi.org/10.1111/misr.12072},
  journal = {International Studies Review},
  number = {4},
  pages = {473--490},
  title = {Learning from the Past and Stepping into the Future: Toward a New Generation of Conflict Prediction},
  volume = {15},
  year = {2013},
}

@Article{belkin2003toward,
  author = {Aaron Belkin and Evan Schofer},
  url = {https://doi.org/10.1177/0022002703258197},
  journal = {Journal of Conflict Resolution},
  number = {5},
  pages = {594--620},
  title = {Toward a Structural Understanding of Coup Risk},
  volume = {47},
  year = {2003},
}

@Article{deyoung2003failure,
  author = {Robert DeYoung},
  url = {https://doi.org/10.1016/S1058-3300(03)00004-1},
  journal = {Review of Financial Economics},
  number = {1},
  pages = {7--33},
  title = {The Failure of New Entrants in Commercial Banking Markets: A Split-Population Duration Analysis},
  volume = {12},
  year = {2003},
}

@Article{douglas1994hazard,
  author = {Stratford Douglas and Govind Hariharan},
  url = {https://doi.org/10.1016/0167-6296(94)90024-8},
  journal = {Journal of Health Economics},
  number = {2},
  pages = {213--230},
  title = {The Hazard of Starting Smoking: Estimates From a Split Population Duration Model},
  volume = {13},
  year = {1994},
}

@Article{schmidt1989predicting,
  author = {Peter Schmidt and Ann Dryden Witte},
  url = {https://doi.org/10.1016/0304-4076(89)90034-1},
  journal = {Journal of Econometrics},
  number = {1},
  pages = {141--159},
  title = {Predicting Criminal Recidivism Using "Split Population" Survival Time Models},
  volume = {40},
  year = {1989},
}

@Article{berkson1952survival,
  author = {Joseph Berkson and Robert P. Gage},
  url = {https://doi.org/10.1080/01621459.1952.10501187},
  journal = {Journal of the American Statistical Association},
  number = {259},
  pages = {501--515},
  title = {Survival Curve for Cancer Patients Following Treatment},
  volume = {47},
  year = {1952},
}

@Article{boag1949maximum,
  author = {John W. Boag},
  journal = {Journal of the Royal Statistical Society B},
  number = {1},
  pages = {15--53},
  title = {Maximum Likelihood Estimates of the Proportion of Patients Cured by Cancer Therapy},
  volume = {11},
  year = {1949},
}

@Article{svolik2008authoritarian,
  author = {Milan Svolik},
  url = {https://doi.org/10.1017/S0003055408080143},
  journal = {American Political Science Review},
  number = {2},
  pages = {153--168},
  title = {Authoritarian Reversals and Democratic Consolidation},
  volume = {102},
  year = {2008},
}

@Article{greenhill2011separation,
  author = {Brian Greenhill and Michael D. Ward and Audrey Sacks},
  url = {https://doi.org/10.1111/j.1540-5907.2011.00525.x},
  journal = {American Journal of Political Science},
  number = {4},
  pages = {991--1002},
  title = {The Separation Plot: A New Visual Method for Evaluating the Fit of Binary Models},
  volume = {55},
  year = {2011},
}

@Article{king2001logistic,
  author = {Gary King and Langche Zeng},
  url = {https://doi.org/10.1093/oxfordjournals.pan.a004868},
  journal = {Political analysis},
  number = {2},
  pages = {137--163},
  title = {Logistic Regression in Rare Events Data},
  volume = {9},
  year = {2001},
}

@Article{king2001explaining,
  author = {Gary King and Langche Zeng},
  url = {https://doi.org/10.1162/00208180152507597},
  journal = {International Organization},
  number = {03},
  pages = {693--715},
  title = {Explaining Rare Events in International Relations},
  volume = {55},
  year = {2001},
}

@Article{peng1998generalized,
  title = {A Generalized {F} Mixture Model for Cure Rate Estimation},
  author = {Yingwei Peng and Keith BG Dear and JW Denham},
  url = {https://doi.org/10.1002/(SICI)1097-0258(19980430)17:8<813::AID-SIM775>3.0.CO;2-\#},
  journal = {Statistics in Medicine},
  volume = {17},
  number = {8},
  pages = {813--830},
  year = {1998},
}

@Article{peng2003fitting,
  title = {Fitting Semiparametric Cure Models},
  author = {Yingwei Peng},
  url = {https://doi.org/10.1016/S0167-9473(02)00184-6},
  journal = {Computational Statistics \& Data Analysis},
  volume = {41},
  number = {3},
  pages = {481--490},
  year = {2003},
  publisher = {Elsevier},
}

@Article{zhang2007new,
  title = {A New Estimation Method for the Semiparametric Accelerated Failure Time Mixture Cure Model},
  author = {Jiajia Zhang and Yingwei Peng},
  url = {https://doi.org/10.1002/sim.2748},
  journal = {Statistics in Medicine},
  volume = {26},
  number = {16},
  pages = {3157--3171},
  year = {2007},
  publisher = {John Wiley \& Sons},
}

@Manual{garibotti2010nltm,
  author = {Gilda Garibotti and Alexander Tsodikov},
  note = {{R}~package version~1.4.1},
  title = {Nltm: Nonlinear Transformation Models},
  url = {https://cran.r-project.org/src/contrib/Archive/nltm/},
  year = {2010},
}

@Article{tsodikov2003semiparametric,
  title = {Semiparametric Models: a Generalized Self-Consistency Approach},
  author = {Alex Tsodikov},
  url = {https://doi.org/10.1111/1467-9868.00414},
  journal = {Journal of the Royal Statistical Society B},
  volume = {65},
  number = {3},
  pages = {759--774},
  year = {2003},
  publisher = {John Wiley \& Sons},
}

@Article{tsodikov2007profile,
  title = {Profile Information Matrix for Nonlinear Transformation Models},
  author = {Alexander Tsodikov and Gilda Garibotti},
  url = {https://doi.org/10.1007/s10985-006-9023-z},
  journal = {Lifetime Data Analysis},
  volume = {13},
  number = {1},
  pages = {139--159},
  year = {2007},
  publisher = {Springer-Verlag},
}

@Misc{buxton2013cureregr,
  title = {CUREREGR: Stata Module to Estimate Parametric Cure Regression},
  author = {Allen Buxton},
  year = {2013},
  url = {http://EconPapers.repec.org/RePEc:boc:bocode:s446901},
}

@Article{lambert2007modeling,
  title = {Modeling of the Cure Fraction in Survival Studies},
  author = {Paul C Lambert},
  journal = {Stata Journal},
  volume = {7},
  number = {3},
  pages = {351},
  year = {2007},
  publisher = {STATA PRESS 4905 LAKEWAY PARKWAY, COLLEGE STATION, TX 77845 USA},
}
