@article{briz2019spnetprep,
  title={{SpNetPrep: An R package using Shiny to facilitate spatial statistics on road networks}},
  author={Briz-Red{\'o}n, {\'A}lvaro},
  journal={Research Ideas and Outcomes},
  volume={5},
  pages={e33521},
  year={2019},
  publisher={Pensoft Publishers}
}

@article{briz2019spatial,
  title={Spatial analysis of traffic accidents near and between road intersections in a directed linear network},
  author={Briz-Red{\'o}n, {\'A}lvaro and Mart{\'\i}nez-Ruiz, Francisco and Montes, Francisco},
  journal={Accident Analysis \& Prevention},
  volume={132},
  pages={105252},
  year={2019},
  publisher={Elsevier}
}

@article{briz2019hotspots,
  title={Identification of differential risk hotspots for collision and vehicle type in a directed linear network},
  author={Briz-Red{\'o}n, {\'A}lvaro and Mart{\'\i}nez-Ruiz, Francisco and Montes, Francisco},
  journal={Accident Analysis \& Prevention},
  volume={132},
  pages={105278},
  year={2019},
  publisher={Elsevier}
}

@article{mcswiggan2017kernel,
  title={Kernel density estimation on a linear network},
  author={McSwiggan, Greg and Baddeley, Adrian and Nair, Gopalan},
  journal={Scandinavian Journal of Statistics},
  volume={44},
  number={2},
  pages={324--345},
  year={2017},
  publisher={Wiley Online Library}
}

@article{kelsall1998spatial,
  title={Spatial variation in risk of disease: a nonparametric binary regression approach},
  author={Kelsall, Julia E and Diggle, Peter J},
  journal={Journal of the Royal Statistical Society: Series C (Applied Statistics)},
  volume={47},
  number={4},
  pages={559--573},
  year={1998},
  publisher={Wiley Online Library}
}

@article{mcswiggan2019estimation,
  title={Estimation of relative risk for events on a linear network},
  author={McSwiggan, Greg and Baddeley, Adrian and Nair, Gopalan},
  journal={Statistics and Computing},
  pages={1--16},
  year={2019},
  publisher={Springer}
}

@article{ang2012geometrically,
  title={Geometrically corrected second order analysis of events on a linear network, with applications to ecology and criminology},
  author={Ang, Qi Wei and Baddeley, Adrian and Nair, Gopalan},
  journal={Scandinavian Journal of Statistics},
  volume={39},
  number={4},
  pages={591--617},
  year={2012},
  publisher={Wiley Online Library}
}

@book{baddeley2015spatial,
  title={Spatial point patterns: methodology and applications with R},
  author={Baddeley, Adrian and Rubak, Ege and Turner, Rolf},
  year={2015},
  publisher={CRC Press}
}

@article{baddeley2017stationary,
  title={“{S}tationary” point processes are uncommon on linear networks},
  author={Baddeley, Adrian and Nair, Gopalan and Rakshit, Suman and McSwiggan, Greg},
  journal={Stat},
  volume={6},
  number={1},
  pages={68--78},
  year={2017},
  publisher={Wiley Online Library}
}

@book{lloyd2010spatial,
  title={Spatial data analysis: an introduction for GIS users},
  author={Lloyd, Christopher},
  year={2010},
  publisher={Oxford University Press}
}

@article{walker2016tigris,
  title={{tigris: An R package to access and work with geographic data from the US Census Bureau}},
  author={Walker, Kyle},
  journal={The R Journal},
  volume={8},
  number={2},
  pages={231--242},
  year={2016}
}

@article{ashby2019studying,
  title={{Studying Crime and Place with the Crime Open Database: Social and Behavioural Scienes}},
  author={Ashby, Matthew PJ},
  journal={Research Data Journal for the Humanities and Social Sciences},
  volume={1},
  number={aop},
  pages={1--16},
  year={2019},
  publisher={Brill}
}

@Manual{maptoolsManual,
    title = {maptools: {T}ools for {R}eading and {H}andling {S}patial {O}bjects},
    author = {Roger Bivand and Nicholas Lewin-Koh},
    year = {2017},
    note = {R package version 0.9-2},
    url = {https://CRAN.R-project.org/package=maptools},
}
  
@article{bivand2015comparing,
  title={Comparing {I}mplementations of {E}stimation {M}ethods for {S}patial {E}conometrics},
  author={Bivand, Roger and Piras, Gianfranco},
  journal={Journal of Statistical Software},
  volume={63},
  number={1},
  pages={1--36},
  year={2015},
  publisher={Directory of Open Access Journals}
}

@Article{spPackage,
    author = {Edzer J. Pebesma and Roger S. Bivand},
    title = {Classes and methods for spatial data in {R}},
    journal = {R News},
    year = {2005},
    volume = {5},
    number = {2},
    pages = {9--13},
    month = {November},
    url = {https://CRAN.R-project.org/doc/Rnews/},
}

@Book{AppliedSpatialDataAnalysisWithR,
    author = {Roger S. Bivand and Edzer Pebesma and Virgilio
      Gómez-Rubio},
    title = {Applied spatial data analysis with {R}, Second edition},
    year = {2013},
    publisher = {Springer, NY},
    url = {http://www.asdar-book.org/},
}

@article{drawve2019research,
  title={A research note on the methodological and theoretical considerations for assessing crime forecasting accuracy with the predictive accuracy index},
  author={Drawve, Grant and Wooditch, Alese},
  journal={Journal of Criminal Justice},
  pages={101625},
  year={2019},
  publisher={Elsevier}
}

@article{bil2013identification,
  title={Identification of hazardous road locations of traffic accidents by means of kernel density estimation and cluster significance evaluation},
  author={B{\'\i}l, Michal and Andr{\'a}{\v{s}}ik, Richard and Jano{\v{s}}ka, Zbyn{\v{e}}k},
  journal={Accident Analysis \& Prevention},
  volume={55},
  pages={265--273},
  year={2013},
  publisher={Elsevier}
}

@article{bil2016kde+,
  title={{The KDE+ software: a tool for effective identification and ranking of animal-vehicle collision hotspots along networks}},
  author={B{\'\i}l, Michal and Andr{\'a}{\v{s}}ik, Richard and Svoboda, Tom{\'a}{\v{s}} and Sedon{\'\i}k, Ji{\v{r}}{\'\i}},
  journal={Landscape Ecology},
  volume={31},
  number={2},
  pages={231--237},
  year={2016},
  publisher={Springer}
}

@article{rakshit2019efficient,
  title={{Efficient Code for Second Order Analysis of Events on a Linear Network}},
  author={Rakshit, Suman and Baddeley, Adrian and Nair, Gopalan},
  journal={Journal of Statistical Software},
  volume={90},
  number={1},
  pages={1--37},
  year={2019}
}

@article{douglas1973algorithms,
  title={Algorithms for the reduction of the number of points required to represent a digitized line or its caricature},
  author={Douglas, David H and Peucker, Thomas K},
  journal={Cartographica: the International Journal for Geographic Information and Geovisualization},
  volume={10},
  number={2},
  pages={112--122},
  year={1973},
  publisher={University of Toronto Press}
}

@Article{lubridate,
    title = {{Dates and Times Made Easy with {lubridate}}},
    author = {Garrett Grolemund and Hadley Wickham},
    journal = {Journal of Statistical Software},
    year = {2011},
    volume = {40},
    number = {3},
    pages = {1--25},
    url = {http://www.jstatsoft.org/v40/i03/},
  }
  
@Manual{RColorBrewer,
title = {{RColorBrewer: ColorBrewer Palettes}},
author = {Erich Neuwirth},
year = {2014},
note = {R package version 1.1-2},
url = {https://CRAN.R-project.org/package=RColorBrewer},
}

@article{rakshitfast,
  title={{Fast Kernel Smoothing of Point Patterns on a Large Network using Two-dimensional Convolution}},
  author={Rakshit, Suman and Davies, Tilman and Moradi, M Mehdi and McSwiggan, Greg and Nair, Gopalan and Mateu, Jorge and Baddeley, Adrian},
  journal={International Statistical Review},
  year={2019},
  publisher={Wiley Online Library}
}

@article{moradi2018kernel,
  title={On kernel-based intensity estimation of spatial point patterns on linear networks},
  author={Moradi, M Mehdi and Rodr{\'\i}guez-Cort{\'e}s, Francisco J and Mateu, Jorge},
  journal={Journal of Computational and Graphical Statistics},
  volume={27},
  number={2},
  pages={302--311},
  year={2018},
  publisher={Taylor \& Francis}
}

@article{moradi2019resample,
  title={{Resample-smoothing of Voronoi intensity estimators}},
  author={Moradi, M Mehdi and Cronie, Ottmar and Rubak, Ege and Lachieze-Rey, Raphael and Mateu, Jorge and Baddeley, Adrian},
  journal={Statistics and Computing},
  volume={29},
  number={5},
  pages={995–1010},
  year={2019},
  publisher={Springer}
}

@article{chainey2008utility,
  title={The utility of hotspot mapping for predicting spatial patterns of crime},
  author={Chainey, Spencer and Tompson, Lisa and Uhlig, Sebastian},
  journal={Security Journal},
  volume={21},
  number={1-2},
  pages={4--28},
  year={2008},
  publisher={Springer}
}

@article{thakali2015identification,
  title={Identification of crash hotspots using kernel density estimation and kriging methods: a comparison},
  author={Thakali, Lalita and Kwon, Tae J and Fu, Liping},
  journal={Journal of Modern Transportation},
  volume={23},
  number={2},
  pages={93--106},
  year={2015},
  publisher={Springer}
}

@article{van2009microspatial,
  title={{A microspatial analysis of robbery: Prospective hot spotting in a small city}},
  author={Van Patten, Isaac T and McKeldin-Coner, Jennifer and Cox, Deana},
  journal={Crime Mapping: A journal of research and practice},
  volume={1},
  number={1},
  pages={7--32},
  year={2009}
}

@article{getis1992analysis,
  title={{The Analysis of Spatial Association by Use of Distance Statistics}},
  author={Getis, Arthur and Ord, JK},
  journal={Geographical Analysis},
  volume={24},
  number={3},
  year={1992}
}

  @article{anselin1995local,
  title={Local indicators of spatial association—{LISA}},
  author={Anselin, Luc},
  journal={Geographical Analysis},
  volume={27},
  number={2},
  pages={93--115},
  year={1995},
  publisher={Wiley Online Library}
}

@article{kulldorff1997spatial,
  title={A spatial scan statistic},
  author={Kulldorff, Martin},
  journal={Communications in Statistics-Theory and Methods},
  volume={26},
  number={6},
  pages={1481--1496},
  year={1997},
  publisher={Taylor \& Francis}
}

@article{gomez2005detecting,
  title={Detecting clusters of disease with {R}},
  author={Gómez-Rubio, Virgilio and Ferrándiz-Ferragud, J and López-Quílez, Antonio},
  journal={Journal of Geographical Systems},
  volume={7},
  number={2},
  pages={189--206},
  year={2005},
  publisher={Springer}
}

@article{xie2008kernel,
  title={Kernel density estimation of traffic accidents in a network space},
  author={Xie, Zhixiao and Yan, Jun},
  journal={Computers, Environment and Urban Systems},
  volume={32},
  number={5},
  pages={396--406},
  year={2008},
  publisher={Elsevier}
}

@article{deng2019density,
  title={A density-based approach for detecting network-constrained clusters in spatial point events},
  author={Deng, Min and Yang, Xuexi and Shi, Yan and Gong, Jianya and Liu, Yang and Liu, Huimin},
  journal={International Journal of Geographical Information Science},
  volume={33},
  number={3},
  pages={466--488},
  year={2019},
  publisher={Taylor \& Francis}
}

@article{schnell2017influence,
  title={{The influence of community areas, neighborhood clusters, and street segments on the spatial variability of violent crime in Chicago}},
  author={Schnell, Cory and Braga, Anthony A and Piza, Eric L},
  journal={Journal of Quantitative Criminology},
  volume={33},
  number={3},
  pages={469--496},
  year={2017},
  publisher={Springer}
}

@article{steenbeek2016action,
  title={{Where the action is in crime? An examination of variability of crime across different spatial units in The Hague, 2001--2009}},
  author={Steenbeek, Wouter and Weisburd, David},
  journal={Journal of Quantitative Criminology},
  volume={32},
  number={3},
  pages={449--469},
  year={2016},
  publisher={Springer}
}

@article{nie2015network,
  title={A network-constrained integrated method for detecting spatial cluster and risk location of traffic crash: {A} case study from {W}uhan, {C}hina},
  author={Nie, Ke and Wang, Zhensheng and Du, Qingyun and Ren, Fu and Tian, Qin},
  journal={Sustainability},
  volume={7},
  number={3},
  pages={2662--2677},
  year={2015},
  publisher={Multidisciplinary Digital Publishing Institute}
}

@article{xie2013detecting,
  title={Detecting traffic accident clusters with network kernel density estimation and local spatial statistics: an integrated approach},
  author={Xie, Zhixiao and Yan, Jun},
  journal={Journal of Transport Geography},
  volume={31},
  pages={64--71},
  year={2013},
  publisher={Elsevier}
}

@article{andresen2017trajectories,
  title={The trajectories of crime at places: understanding the patterns of disaggregated crime types},
  author={Andresen, Martin A and Curman, Andrea S and Linning, Shannon J},
  journal={Journal of Quantitative Criminology},
  volume={33},
  number={3},
  pages={427--449},
  year={2017},
  publisher={Springer}
}

@article{weisburd2015law,
  title={The law of crime concentration and the criminology of place},
  author={Weisburd, David},
  journal={Criminology},
  volume={53},
  number={2},
  pages={133--157},
  year={2015},
  publisher={Wiley Online Library}
}

@article{kelsall1995kernel,
  title={Kernel estimation of relative risk},
  author={Kelsall, Julia E and Diggle, Peter J},
  journal={Bernoulli},
  volume={1},
  number={1-2},
  pages={3--16},
  year={1995},
  publisher={Bernoulli Society for Mathematical Statistics and Probability}
}

@article{kelsall1995non,
  title={Non-parametric estimation of spatial variation in relative risk},
  author={Kelsall, Julia E and Diggle, Peter J},
  journal={Statistics in Medicine},
  volume={14},
  number={21-22},
  pages={2335--2342},
  year={1995},
  publisher={Wiley Online Library}
}

@article{allevius2018scanstatistics,
  title={scanstatistics: Space-time anomaly detection using scan statistics},
  author={All{\'e}vius, Benjamin},
  journal={The Journal of Open Source Software},
  volume={3},
  pages={515},
  year={2018}
}

@article{JSSv090i14,
   author = {Virgilio Gómez-Rubio and Paula Moraga and John Molitor and Barry Rowlingson},
   title = {DClusterm: Model-Based Detection of Disease Clusters},
   journal = {Journal of Statistical Software, Articles},
   volume = {90},
   number = {14},
   year = {2019},
   keywords = {disease cluster; spatial statistics; R},
   issn = {1548-7660},
   pages = {1--26},
   doi = {10.18637/jss.v090.i14},
   url = {https://www.jstatsoft.org/v090/i14}
}

@article{meyer2017spatio,
  title={{Spatio-Temporal Analysis of Epidemic Phenomena Using the R Package surveillance}},
  author={Meyer, Sebastian and Held, Leonhard and H{\"o}hle, Michael},
  journal={Journal of Statistical Software},
  volume={77},
  number={11},
  year={2017}
}

@Article{sf,
    author = {Edzer Pebesma},
    title = {{Simple Features for R: Standardized Support for Spatial
          Vector Data}},
    year = {2018},
    journal = {{The R Journal}},
    url = {https://journal.r-project.org/archive/2018/RJ-2018-009/index.html},
}
  
@article{eckardt2018point,
  title={Point patterns occurring on complex structures in space and space-time: An alternative network approach},
  author={Eckardt, Matthias and Mateu, Jorge},
  journal={Journal of Computational and Graphical Statistics},
  volume={27},
  number={2},
  pages={312--322},
  year={2018},
  publisher={Taylor \& Francis}
 }
 
 @article{eckardt2017second,
  title={Second-order and local characteristics of network intensity functions},
  author={Eckardt, Matthias and Mateu, Jorge},
  journal={TEST},
  volume={30},
  number={2},
  pages={318--340},
  year={2021},
  publisher={Springer}
}

 @Manual{raster,
    title = {raster: Geographic Data Analysis and Modeling},
    author = {Robert J. Hijmans},
    year = {2019},
    note = {R package version 2.8-19},
    url = {https://CRAN.R-project.org/package=raster},
  }
  
   @Manual{rgeos,
    title = {{rgeos: Interface to Geometry Engine - Open Source ('GEOS')}},
    author = {Roger Bivand and Colin Rundel},
    year = {2020},
    note = {R package version 0.5-3},
    url = {https://CRAN.R-project.org/package=rgeos},
  }
  
@book{diggle2013statistical,
  title={Statistical Analysis of Spatial and Spatio-Temporal Point Patterns},
  author={Diggle, Peter J},
  year={2013},
  publisher={CRC press}
}

@Manual{sfnetworks,
    title = {{sfnetworks: Tidy Geospatial Networks}},
    author = {Lucas {van der Meer} and Lorena Abad and Andrea Gilardi and Robin Lovelace},
    year = {2021},
    note = {R package version 0.5.2},
    url = {https://CRAN.R-project.org/package=sfnetworks},
  }