@article{giorgino09,
  title={Computing and visualizing dynamic time warping alignments in {R}: the dtw package},
  author={Giorgino, Toni and others},
  journal={Journal of statistical Software},
  volume={31},
  number={7},
  pages={1--24},
  year={2009},
  url = {http://dx.doi.org/10.18637/jss.v031.i07}
}


@article{samek14,
  author={Samek, Wojciech and Kawanabe, Motoaki and M\"uller, Klaus-Robert},
  journal={IEEE Reviews in Biomedical Engineering}, 
  title={Divergence-Based Framework for Common Spatial Patterns Algorithms}, 
  year={2014},
  volume={7},
  number={},
  pages={50-72},
  url = {https://doi.org/10.1109/RBME.2013.2290621} 
 }



@incollection{poppe2010common,
  title={Common Spatial Patterns for Real-Time Classification of Human Actions},
  author={Poppe, Ronald},
  booktitle={Machine Learning for Human Motion Analysis: Theory and Practice},
  pages={55--73},
  year={2010},
  publisher={IGI Global}
}


@ARTICLE{khalid16,
  author={Khalid, Muhammad Imran and Alotaiby, Turky and Aldosari, Saeed A. and Alshebeili, Saleh A. and Al-Hameed, Majed Hamad and Almohammed, Fida Sadeq Y. and Alotaibi, Tahani S.},
  journal={IEEE Access}, 
  title={Epileptic {MEG} Spikes Detection Using Common Spatial Patterns and Linear Discriminant Analysis}, 
  year={2016},
  volume={4},
  pages={4629-4634},
  url = {https://doi.org/10.1109/access.2016.2602354}
 }

@ARTICLE{Lotte11,
  author={Lotte, Fabien and Guan, Cuntai},
  journal={Transactions on Biomedical Engineering},   
  title={Regularizing Common Spatial Patterns to Improve {BCI} Designs: Unified Theory and New Algorithms}, 
  year={2011},
  volume={58},
  number={2},
  pages={355-362},
  url = {https://doi.org/10.1109/TBME.2010.2082539}
}


@inproceedings{blankertz2007invariant,
  title={Invariant Common Spatial Patterns: Alleviating Nonstationarities in Brain-Computer Interfacing},
  author={Blankertz, Benjamin and Kawanabe, Motoaki and Tomioka, Ryota and Hohlefeld, Friederike U and Nikulin, Vadim V and M{\"u}ller, Klaus-Robert},
  booktitle={NIPS'07: Proceedings of the 20th International Conference on Neural Information Processing},
  pages={113--120},
  year={2007}
}


@ARTICLE{grosse_wentrup08,
  author={Grosse-Wentrup, Moritz and Buss, Martin},
  journal={IEEE Transactions on Biomedical Engineering}, 
  title={Multiclass Common Spatial Patterns and Information Theoretic Feature Extraction}, 
  year={2008},
  volume={55},
  number={8},
  pages={1991-2000},
  url = {https://doi.org/10.1109/TBME.2008.921154}
 }



@ARTICLE{wang12,
  author={Wang, Haixian and Tang, Qin and Zheng, Wenming},
  journal={IEEE Transactions on Biomedical Engineering}, 
  title={L1-Norm-Based Common Spatial Patterns}, 
  year={2012},
  volume={59},
  number={3},
  pages={653-662},
  url = {https://doi.org/10.1109/TBME.2011.2177523}
}

@article{rodriguezmoreno20,
AUTHOR = {Rodr\'{i}guez-Moreno, Itsaso and Martínez-Otzeta, José María and Sierra, Basilio and Irigoien, Itziar and Rodriguez-Rodriguez, Igor and Goienetxea, Izaro},
TITLE = {Using Common Spatial Patterns to Select Relevant Pixels for Video Activity Recognition},
JOURNAL = {Applied Sciences},
VOLUME = {10},
YEAR = {2020},
NUMBER = {22},
ARTICLE-NUMBER = {8075},
URL = {https://www.mdpi.com/2076-3417/10/22/8075}
}

@article{astigarraga16,  
    author={Astigarraga, Aitzol and Arruti, Andoni and Muguerza, Javier 
    and Santana, Roberto and Martin, Jose I. and Sierra, Basilio},  
    journal={Mathematical Problems in Engineering},   
    title={User Adapted Motor-Imaginary Brain-Computer Interface by means of {EEG} Channel Selection Based on Estimation of Distributed Algorithms},   
    year={2016},  
    article-number={1435321},  
    pages={1435321}, 
    url = {https://doi.org/10.1155/2016/1435321}
}
@article{yu19AGeneral,  
    author={Yu, Hongbin and Lu, Hongtao and Wang, Shuihua and Xia, Kaijian and Jiang, Yizhang and Qian, Pengjiang},  
    journal={IEEE Access},   
    title={A General Common Spatial Patterns for {EEG} Analysis With Applications to Vigilance Detection},   
    year={2019},  
    volume={7},  
    pages={111102-111114},  
    url = {https://doi.org/10.1109/ACCESS.2019.2934519}
}




@article{fukunaga70,
  title={Application of the {K}arhunen-{L}o\`eve expansion to feature selection and ordering},
  author={Fukunaga, Keinosuke and Koontz, Warren LG},
  journal={IEEE Transactions on Computers},
  volume={100},
  number={4},
  pages={311--318},
  year={1970},
  publisher={IEEE}
}

@article{darvish21,
    doi = {10.1371/journal.pone.0248511},
    author = {Darvish Ghanbar, Khatereh AND Yousefi Rezaii, Tohid AND Farzamnia, Ali AND Saad, Ismail},
    journal = {PLOS ONE},
    title = {Correlation-based common spatial pattern {(CCSP)}: A novel extension of {CSP} for classification of motor imagery signal},
    year = {2021},
    volume = {16},
    url = {https://doi.org/10.1371/journal.pone.0248511},
    pages = {1-18}
}

@article{blankertz07Optimizing,
  title={Optimizing spatial filters for robust {EEG} single-trial analysis},
  author={Blankertz, Benjamin and Tomioka, Ryota and Lemm, Steven and Kawanabe, Motoaki and Muller, Klaus-Robert},
  journal={IEEE Signal Processing Magazine},
  volume={25},
  number={1},
  pages={41--56},
  year={2007},
  publisher={IEEE},
  url = {https://doi.org/10.1109/MSP.2008.4408441}
}


@article{MullerGerking99,
author = {M\"uller-Gerking, Johannes. and Pfurtscheller, Gert. and Flyvbjerg, Henrik.},
title = {Designing optimal spatial filters for single-trial {EEG} classification in a movement task},
journal = {Clinical Neurophysiology},
volume = {110},
number = {5},
pages = {787-798},
year = {1999},
url = {https://doi.org/10.1016/S1388-2457(98)00038-8}
}

@book{mardia79,
  title={Multivariate Analysis},
  author={Mardia, K.V. and Kent, J.T. and Bibby, J.M.},
  year={1979},
  publisher={Academic Press},
  address={London}
 }

@book{duda01,
  title={Pattern Classification},
  author={Duda, R.O. and Hart, P.e. and Stork, D.G.},
  year={2001},
  publisher={John Wiley \& Sons},
  address={New York}
 }


@article{cao2019openpose,
  title={Open{P}ose: realtime multi-person {2D} pose estimation using Part Affinity Fields},
  author={Cao, Zhe and Hidalgo, Gines and Simon, Tomas and Wei, Shih-En and Sheikh, Yaser},
  journal={IEEE Transactions on Pattern Analysis and Machine Intelligence},
  volume={43},
  number={1},
  pages={172--186},
  year={2019},
  publisher={IEEE},
  url = {https://doi.org/10.1109/TPAMI.2019.2929257}
}

@inproceedings{wu2013common,
  title={Common spatial pattern and linear discriminant analysis for motor imagery classification},
  author={Wu, Shang-Lin and Wu, Chun-Wei and Pal, Nikhil R and Chen, Chih-Yu and Chen, Shi-An and Lin, Chin-Teng},
  booktitle={2013 IEEE Symposium on Computational Intelligence, Cognitive Algorithms, Mind, and Brain (CCMB)},
  pages={146--151},
  year={2013},
  organization={IEEE}
}

@article{rodriguez2020shedding,
  title={Shedding light on people action recognition in social robotics by means of common spatial patterns},
  author={Rodr{\'\i}guez-Moreno, Itsaso and Mart{\'\i}nez-Otzeta, Jos{\'e} Mar{\'\i}a and Goienetxea, Izaro and Rodriguez-Rodriguez, Igor and Sierra, Basilio},
  journal={Sensors},
  volume={20},
  number={8},
  pages={2436},
  year={2020},
  publisher={Multidisciplinary Digital Publishing Institute}
}
