
@article{black1987simplifying,
  title={Simplifying portfolio insurance},
  author={Black, Fischer and Jones, Robert W},
  journal={The Journal of Portfolio Management},
  volume={14},
  number={1},
  pages={48--51},
  year={1987},
  url={https://doi.org/10.3905/jpm.1987.409131},
  publisher={Institutional Investor Journals}
}

@INPROCEEDINGS{1043596,  
author={M. {Benini} and M. {Marracci} and P. {Pelacchi} and A. {Venturini}},  
booktitle={IEEE Power Engineering Society Summer Meeting},   
title={Day-ahead market price volatility analysis in deregulated electricity markets},   year={2002},
volume={3}, 
number={},
pages={1354-1359 vol.3},
url={https://doi.org/10.1109/PESS.2002.1043596}
}
%doi = {https://doi.org/10.1016/j.enpol.2010.08.002},
@article{NICOLOSI20107257,
title = {Wind power integration and power system flexibility–An empirical analysis of extreme events in Germany under the new negative price regime},
journal = {Energy Policy},
volume = {38},
number = {11},
pages = {7257-7268},
year = {2010},
note = {Energy Efficiency Policies and Strategies with regular papers.},
issn = {0301-4215},

url = {https://www.sciencedirect.com/science/article/pii/S0301421510005860},
author = {Marco Nicolosi},
keywords = {Electricity markets, Negative prices, Wind power integration},
}

@Misc{Tho98w,
  Author = "Farrington, Stella",
  organization={Risk.net},
  Title  = {Energy Risk Software Rankings: A different world},
  Note   = "\url{https://www.risk.net/commodities/energy/7511636/energy-risk-software-rankings-a-different-world}
           [Accessed: 2021-04-05]",
  year = 2020,
}

@Misc{Sundar,
  Author = "Sundar, Siddharth",
  organization={MathWorks},
  Title  = {Energy Trading \& Risk Management with {M}ATLAB Webinar Case Study},
  Note   = "\url{https://www.mathworks.com/matlabcentral/fileexchange/28056-energy-trading-risk-management-with-matlab-webinar-case-study}
           [Accessed: 2021-04-06]",
  year = 2021,
}

@Misc{Deoras,
  Author = "Deoras, Ameya",
  organization={MathWorks},
  Title  = {Electricity Load and Price Forecasting Webinar Case Study},
  Note   = "\url{https://www.mathworks.com/matlabcentral/fileexchange/28684-electricity-load-and-price-forecasting-webinar-case-study}
           [Accessed: 2021-04-06]",
  year = 2021,
}

@article{bessembinder2002equilibrium,
  title={Equilibrium pricing and optimal hedging in electricity forward markets},
  author={Bessembinder, Hendrik and Lemmon, Michael L},
  journal={The Journal of Finance},
  volume={57},
  number={3},
  pages={1347--1382},
  year={2002},
  url={https://doi.org/10.1111/1540-6261.00463},
  publisher={Wiley Online Library}
}


@article{janczura2013identifying,
  title={Identifying spikes and seasonal components in electricity spot price data: A guide to robust modeling},
  author={Janczura, Joanna and Tr{\"u}ck, Stefan and Weron, Rafa{\l} and Wolff, Rodney C},
  journal={Energy Economics},
  volume={38},
  pages={96--110},
  year={2013},
  publisher={Elsevier}
}

@article{benth2014pricing,
  title={Pricing and hedging options in energy markets using Black-76},
  author={Benth, Fred Espen and Schmeck, Maren},
  journal={Journal of Energy Markets},
  volume={7},
  number={2},
  url={https://doi.org/10.21314/JEM.2014.114},
  year={2014}
}


@article{benth2007non,
  title={A non-Gaussian Ornstein--Uhlenbeck process for electricity spot price modeling and derivatives pricing},
  author={Benth, Fred Espen and Kallsen, Jan and Meyer-Brandis, Thilo},
  journal={Applied Mathematical Finance},
  volume={14},
  number={2},
  pages={153--169},
  year={2007},
  url={https://doi.org/10.1080/13504860600725031},
  publisher={Taylor \& Francis}
}

@article{burger2004spot,
  title={A spot market model for pricing derivatives in electricity markets},
  author={Burger, Markus and Klar, Bernhard and M{\"u}ller, Alfred and Schindlmayr, Gero},
  journal={Quantitative Finance},
  volume={4},
  pages={109--122},
  year={2004},
  url={https://doi.org/10.1088/1469-7688/4/1/010},
  publisher={Taylor \& Francis}
}



@article{black1976pricing,
  title={The pricing of commodity contracts},
  author={Black, Fischer},
  journal={Journal of Financial Economics},
  volume={3},
  number={1},
  pages={167--179},
  year={1976},
  url={https://doi.org/10.1016/0304-405X(76)90024-6},
  publisher={Elsevier}
}

@article{ollmar2003analysis,
  title={An analysis of derivative prices in the {N}ordic power market},
  author={Ollmar, Fridthjof},
  year={2003},
  url={http://hdl.handle.net/11250/164248},
  publisher={Norges Handelsh{\o}yskole. Institutt for foretaks{\o}konomi}
}

@article{adams1994fitting,
  title={Fitting yield curves and forward rate curves with maximum smoothness},
  author={Adams, Kenneth J and Van Deventer, Donald R},
  journal={Journal of Fixed Income},
  pages={52--62},
  url={https://doi.org/10.3905/jfi.1994.408102},
  year={1994}
}

@article{mcculloch1971measuring,
  title={Measuring the term structure of interest rates},
  author={McCulloch, J Huston},
  journal={The Journal of Business},
  volume={44},
  number={1},
  pages={19--31},
  year={1971},
  URL = {http://www.jstor.org/stable/2351832},
  publisher={JSTOR}
}

@book{anderson1996estimating,
  title={Estimating and Interpreting the Yield Curve},
  author={Anderson, Nicola and Breedon, Francis and Deacon, Mark and Derry, Andrew and Murphy, Gareth},
  volume={6},
  year={1996},
  publisher={John Wiley \& Sons Incorporated}
}

@article{fleten2003constructing,
  title={Constructing forward price curves in electricity markets},
  author={Fleten, Stein-Erik and Lemming, Jacob},
  journal={Energy Economics},
  volume={25},
  number={5},
  pages={409--424},
  year={2003},
  url={https://doi.org/10.1016/S0140-9883(03)00039-2},
  publisher={Elsevier}
}

@book{borak2008semiparametric,
author = {Borak, Szymon and Weron, Rafał},
title = {A Semiparametric Factor Model for Electricity Forward Curve Dynamics},
publisher = {Humboldt-Universität zu Berlin, Wirtschaftswissenschaftliche Fakultät},
year = {2008},
url = {http://dx.doi.org/10.18452/4142}
}

@inproceedings{hildmann2012combined,
  author={M. {Hildmann} and E. {Kaffe} and Y. {He} and G. {Andersson}},
  booktitle={2012 IEEE Power and Energy Society General Meeting}, 
  title={Combined estimation and prediction of the Hourly Price Forward Curve}, 
  year={2012},
  volume={},
  number={},
  pages={1-8},
  url={10.1109/PESGM.2012.6345333}
}


@article{benth2007extracting,
  title={Extracting and applying smooth forward curves from average-based commodity contracts with seasonal variation},
  author={Benth, Fred Espen and Koekkebakker, Steen and Ollmar, Fridthjof},
  journal={The Journal of Derivatives},
  volume={15},
  number={1},
  pages={52--66},
  year={2007},
  url={https://doi.org/10.3905/jod.2007.694791 },
  publisher={Institutional Investor Journals Umbrella}
}


@article{lim2002computing,
  title={Computing maximum smoothness forward rate curves},
  author={Lim, Kian Guan and Xiao, Qin},
  journal={Statistics and Computing},
  volume={12},
  number={3},
  pages={275--279},
  year={2002},
  url={https://doi.org/10.1023/A:1020707028156},
  publisher={Kluwer Academic Publishers Norwell, MA, USA}
}

@book{benth2008stochastic,
  title={Stochastic Modelling of Electricity and Related Markets},
  author={Benth, Fred Espen and Benth, Jurate Saltyte and Koekebakker, Steen},
  volume={11},
  year={2008},
  url={https://doi.org/10.1142/6811},
  publisher={World Scientific}
}

@article{perold1986constant,
  title={Constant proportion portfolio insurance. {H}arvard Business School},
  author={Perold, A},
  journal={Unpublished manuscript},
  year={1986}
}

@article{leland1976evolution,
author = {Leland, Hayne and Rubinstein, Mark},
year = {1976},
month = {01},
pages = {},
title = {The Evolution of Portfolio Insurance},
url={https://www.researchgate.net/publication/265430746_The_Evolution_of_Portfolio_Insurance},
journal = {Dynamic Hedging}
}

@article{perold1988dynamic,
 author = {André F. Perold and William F. Sharpe},
 journal = {Financial Analysts Journal},
 number = {1},
 pages = {16--27},
 publisher = {CFA Institute},
 title = {Dynamic Strategies for Asset Allocation},
 volume = {44},
  URL = {http://www.jstor.org/stable/4479087},
 year = {1988}
}

@article{Leland1980WhoSB,
 URL = {http://www.jstor.org/stable/2327419},
 author = {Hayne E. Leland},
 journal = {The Journal of Finance},
 number = {2},
 pages = {581--594},
 publisher = {[American Finance Association, Wiley]},
 title = {Who Should Buy Portfolio Insurance?},
 volume = {35},
 year = {1980}
}


@article{lee2008new,
  author    = {Huai-I. Lee and Min-Hsien Chiang and Hsinan Hsu},
  title     = {A new choice of dynamic asset management: the variable proportion portfolio insurance},
  journal   = {Applied Economics},
  year      = {2008},
  volume    = {40},
  number    = {16},
  pages     = {2135-2146},
  publisher = {Routledge},
  url       = {https://doi.org/10.1080/00036840600949280}
}

@article{chen2008dynamic,
title = {Dynamic proportion portfolio insurance using genetic programming with principal component analysis},
journal = {Expert Systems with Applications},
volume = {35},
number = {1},
pages = {273-278},
year = {2008},
url = {https://doi.org/10.1016/j.eswa.2007.06.030},
author = {Jiah-Shing Chen and Chia-Lan Chang and Jia-Li Hou and Yao-Tang Lin},
publisher={Elsevier}
}

% doi = {10.32614/RJ-2011-002},

@article{wickham2011testthat,
  author = {Hadley Wickham},
  title = {{testthat: Get Started with Testing}},
  year = {2011},
  journal = {{The R Journal}},
  url = {https://doi.org/10.32614/RJ-2011-002},
  pages = {5--10},
  volume = {3},
  number = {1}
}

@book{eydeland2002energy,
  title={Energy and Power Risk Management: New Developments in Modeling, Pricing, and Hedging},
  author={Eydeland, Alexander and Wolyniec, Krzysztof},
  volume={97},
  year={2002},
  publisher={John Wiley \& Sons}
}


@book{bjork2009arbitrage,
title = {Arbitrage Theory in Continuous Time},
author = {Bjork, Tomas},
year = {2009},
edition = {3},
publisher = {Oxford University Press},
url = {https://EconPapers.repec.org/RePEc:oxp:obooks:9780199574742}
}

% doi = {https://doi.org/10.1002/wics.147},

@article{wickham2011ggplot2,
author = {Wickham, Hadley},
title = {ggplot2},
journal = {WIREs Computational Statistics },
volume = {3},
number = {2},
pages = {180-185},
keywords = {visualization, statistical graphics, R},
url = {https://onlinelibrary.wiley.com/doi/abs/10.1002/wics.147},
eprint = {https://onlinelibrary.wiley.com/doi/pdf/10.1002/wics.147},
year = {2011}
}

@book{kirschen2018fundamentals,
  title={Fundamentals of Power System Economics},
  author={Kirschen, Daniel S and Strbac, Goran},
  year={2018},
  publisher={John Wiley \& Sons}
}

