@article{guti2016anomaly,
  title={Cyber anomaly detection: Using tabulated vectors and embedded analytics for efficient data mining},
  author={Gutierrez, R.J. and Bauer, K.W. and Boehmke, B.C. and Saie, C.M. and Bihl, T.J.},
  journal={Journal of Algorithms and Computational Technology},
  volume={forthcoming},
  year={2017}
}

@article{goodall2009developing,
  title={Developing expertise for network intrusion detection},
  author={Goodall, John R and Lutters, Wayne G and Komlodi, Anita},
  journal={Information Technology \& People},
  volume={22},
  number={2},
  pages={92--108},
  year={2009},
  publisher={Emerald Group Publishing Limited},
  doi = {10.1108/09593840910962186},
  url = {http://dx.doi.org/10.1108/09593840910962186}
}

@inproceedings{jayathilake2012towards,
  title={Towards structured log analysis},
  author={Jayathilake, Dileepa},
  booktitle={Computer Science and Software Engineering (JCSSE), 2012 International Joint Conference on},
  pages={259--264},
  year={2012},
  organization={IEEE},
  doi = {10.1109/JCSSE.2012.6261962},
  url = {https://doi.org/10.1109/JCSSE.2012.6261962}
}

@article{sam2016using,
  title={Using big data in cybersecurity},
  author={Samuelson, D. A.},
  journal={ORMS Today},
  volume={43},
  number={5},
  year={2016}
}

@article{abbott2015log,
  title={Log analysis of cyber security training exercises},
  author={Abbott, Robert G and McClain, Jonathan and Anderson, Benjamin and Nauer, Kevin and Silva, Austin and Forsythe, Chris},
  journal={Procedia Manufacturing},
  volume={3},
  pages={5088--5094},
  year={2015},
  publisher={Elsevier},
  doi = {10.1016/j.promfg.2015.07.523},
  url = {https://doi.org/10.1016/j.promfg.2015.07.523}
}

@article{bihl2016defining,
  title={Defining, Understanding, and Addressing Big Data},
  author={Bihl, Trevor J and Young II, William A and Weckman, Gary R},
  journal={International Journal of Business Analytics (IJBAN)},
  volume={3},
  number={2},
  pages={1--32},
  year={2016},
  publisher={IGI Global},
  doi = {10.4018/IJBAN.2016040101},
  url = {https://doi.org/10.4018/IJBAN.2016040101}
}

@article{goodall2009supporting,
  title={Supporting intrusion detection work practice},
  author={Goodall, John R and Lutters, Wayne G and Komlodi, Anita},
  journal={Journal of Information System Security},
  volume={5},
  number={2},
  pages={42--73},
  year={2009}
}

@article{zamani2013machine,
  author    = {Mahdi Zamani},
  title     = {Machine Learning Techniques for Intrusion Detection},
  journal   = {CoRR},
  volume    = {abs/1312.2177},
  year      = {2013},
  url       = {http://arxiv.org/abs/1312.2177},
  timestamp = {Mon, 06 Jan 2014 15:10:41 +0100},
  biburl    = {http://dblp.uni-trier.de/rec/bib/journals/corr/Zamani13},
  bibsource = {dblp computer science bibliography, http://dblp.org}
}

@inproceedings{lazarevic2003comparative,
  title={A comparative study of anomaly detection schemes in network intrusion detection},
  author={Lazarevic, Aleksandar and Ertoz, Levent and Kumar, Vipin and Ozgur, Aysel and Srivastava, Jaideep},
  booktitle={Proceedings of the 2003 SIAM International Conference on Data Mining},
  pages={25--36},
  year={2003},
  organization={SIAM},
  doi = {10.1137/1.9781611972733.3},
  url = {http://dx.doi.org/10.1137/1.9781611972733.3}
}

@article{denning1987intrusion,
  title={An intrusion-detection model},
  author={Denning, Dorothy E},
  journal={IEEE Transactions on software engineering},
  number={2},
  pages={222--232},
  year={1987},
  publisher={IEEE},
  doi = {10.1109/TSE.1987.232894},
  url = {https://doi.org/10.1109/TSE.1987.232894}
}

@article{garcia2009anomaly,
  title={Anomaly-based network intrusion detection: Techniques, systems and challenges},
  author={Garcia-Teodoro, Pedro and Diaz-Verdejo, J and Maci{\'a}-Fern{\'a}ndez, Gabriel and V{\'a}zquez, Enrique},
  journal={computers \& security},
  volume={28},
  number={1},
  pages={18--28},
  year={2009},
  publisher={Elsevier},
  doi = {10.1016/j.cose.2008.08.003},
  url = {https://doi.org/10.1016/j.cose.2008.08.003}
}

@article{mcdonald2012design,
  title={Design and analysis of a dynamically configured log-based distributed security event detection methodology},
  author={McDonald, J Todd and Trias, Eric D and Grimaila, Michael R and Myers, Justin and Mills, Robert F and Peterson, Gilbert},
  journal={The Journal of Defense Modeling and Simulation},
  volume={9},
  number={3},
  pages={219--241},
  year={2012},
  publisher={Sage Publications Sage UK: London, England},
  doi = {10.1177/1548512911399303},
  url = {https://doi.org/10.1177/1548512911399303}
}

@inproceedings{winding2006system,
  title={System anomaly detection: Mining firewall logs},
  author={Winding, Robert and Wright, Timothy and Chapple, Michael},
  booktitle={Securecomm and Workshops, 2006},
  pages={1--5},
  year={2006},
  organization={IEEE},
  doi = {10.1109/SECCOMW.2006.359572},
  url = {https://doi.org/10.1109/SECCOMW.2006.359572}
}

@incollection{breier2015anomaly,
  title={Anomaly Detection from Log Files Using Data Mining Techniques},
  author={Breier, Jakub and Brani{\v{s}}ov{\'a}, Jana},
  booktitle={Information Science and Applications},
  pages={449--457},
  year={2015},
  publisher={Springer},
  doi = {10.1007/978-3-662-46578-3_53},
  url = {https://doi.org/10.1007/978-3-662-46578-3_53}
}

@article{horn1965rationale,
  title={A rationale and test for the number of factors in factor analysis},
  author={Horn, John L},
  journal={Psychometrika},
  volume={30},
  number={2},
  pages={179--185},
  year={1965},
  publisher={Springer},
  doi = {10.1007/BF02289447},
  url = {https://doi.org/10.1007/BF02289447}
}

@Manual{magrittr2014,
    title = {magrittr: A Forward-Pipe Operator for R},
    author = {Stefan Milton Bache and Hadley Wickham},
    year = {2014},
    note = {R package version 1.5},
    url = {https://CRAN.R-project.org/package=magrittr},
}
  
@article{kaiser1974index,
  title={An index of factorial simplicity},
  author={Kaiser, Henry F},
  journal={Psychometrika},
  volume={39},
  number={1},
  pages={31--36},
  year={1974},
  publisher={Springer},
  doi = {10.1007/BF02291575},
  url = {https://doi.org/10.1007/BF02291575}
}  

@Manual{tidy2017verse,
    title = {tidyverse: Easily Install and Load 'Tidyverse' Packages},
    author = {Hadley Wickham},
    year = {2017},
    note = {R package version 1.1.1},
    url = {https://CRAN.R-project.org/package=tidyverse},
}

@Manual{anomaly2017pkg,
    title = {anomalyDetection: Implementation of Augmented Network Log Anomaly Detection
Procedures},
    author = {Bradley Boehmke and Robert Gutierrez},
    year = {2017},
    note = {R package version 0.1.1},
    url = {https://CRAN.R-project.org/package=anomalyDetection},
  }
  
@TechReport{opmcyber,
    title = {Cybersecurity Resource Center},
    year = {2015},
    month ={mar},
    author ={{U.S. Office of Personnel Management}},
    institution = {U.S. Office of Personnel Management},
    url = {https://www.opm.gov/cybersecurity/cybersecurity-incidents}
} 

@article{koerner2017inside,
  title={Inside the Cyberattack that Shocked the {US} Government},
  author={Koerner, Brendan I},
  journal={Wired.com},
  year={2016},
  url={https://www.wired.com/2016/10/inside-cyberattack-shocked-us-government/}
}

@article{fabrigar1999evaluating,
  title={Evaluating the use of exploratory factor analysis in psychological research.},
  author={Fabrigar, Leandre R and Wegener, Duane T and MacCallum, Robert C and Strahan, Erin J},
  journal={Psychological methods},
  volume={4},
  number={3},
  pages={272},
  year={1999},
  publisher={American Psychological Association}
}

@article{park2002use,
  title={The use of exploratory factor analysis and principal components analysis in communication research},
  author={Park, Hee Sun and Dailey, Ren{\'e} and Lemus, Daisy},
  journal={Human Communication Research},
  volume={28},
  number={4},
  pages={562--577},
  year={2002},
  publisher={Wiley Online Library}
}

