@Manual{jamovi,
  title = {The jamovi project},
  author = {{The jamovi project}},
  organization = {jamovi (Version 2.3.18.0) [Computer Software]},
  address = {Sydney, Australia},
  year = {2021},
  url = {https://www.jamovi.org},
}

@article{ihaka:1996,
  Author = {Ihaka, Ross and Gentleman, Robert},
	Journal = {Journal of Computational and Graphical Statistics},
	Number = 3,
	Pages = {299--314},
	Title = {R: A Language for Data Analysis and Graphics},
	Volume = 5,
	Year = 1996,
  url = {https://doi.org/10.1080/10618600.1996.10474713}
}

@book{Aitkin:1989,
   author = {Aitkin, M.  and Anderson, D. and Francis, B. and Hinde, J.},
   title = {Statistical modelling in GLIM},
   publisher = {Oxford Statistical Science Series},
   address = {Oxford, UK},
   ISBN = {978-0198522041},
   url = {https://www.amazon.co.uk/Statistical-Modelling-GLIM-Oxford-Science/dp/0198522045/},
   year = {1989},
   type = {Book}
}

@Manual{likelihoodR,
  title = {Package 'likelihoodR'},
  author = {Cahusac, P. M. B.},
  organization = {R Foundation for Statistical Computing},
  address = {Vienna, Austria},
  year = {2021},
  url = {https://cran.r-project.org/web/packages/likelihoodR/index.html},
}


@article{Cahusaca:2020,
   author = {Cahusac, Peter},
   title = {Data as evidence},
   journal = {Experimental Physiology},
   volume = {105},
   number = {7},
   pages = {1071–1080},
   ISSN = {0958-0670},
   DOI = {10.1113/ep088664},
   url = {https://physoc.onlinelibrary.wiley.com/doi/abs/10.1113/EP088664},
   year = {2020},
   type = {Journal Article}
}

@book{Cahusac:2020,
   author = {Cahusac, P. M. B},
   title = {Evidence-Based Statistics: An Introduction to the Evidential Approach – from Likelihood Principle to Statistical Practice},
   publisher = {John Wiley and Sons},
   address = {New Jersey},
   url = {https://onlinelibrary.wiley.com/doi/book/10.1002/9781119549833},
   year = {2020},
   type = {Book}
}

@article{Cahusac:2022,
   author = {Cahusac, P. M. B. and Mansour, S. E.},
   title = {Estimating sample sizes for evidential t tests},
   journal = {Research in Mathematics},
   year = {2022},
   volume = {9},
   number = {1},
   pages = {1-12},
   ISSN = {2768-4830},
   url = {https://www.tandfonline.com/doi/full/10.1080/27684830.2022.2089373},
   DOI = {10.1080/27684830.2022.2089373},
   type = {Journal Article}
}

@book{Dienes:2008,
   author = {Dienes, Z.},
   title = {Understanding Psychology as a Science: An introduction to scientific and statistical inference},
   publisher = {Palgrave MacMillan},
   ISBN = {978-0-230-54230-3},
   url = {https://www.amazon.co.uk/Understanding-Psychology-Science-Introduction-Statistical/dp/023054231X},
   year = {2008},
   type = {Book}
}

@article{Dixon:2003,
   author = {Dixon, Peter},
   title = {The p-value fallacy and how to avoid it},
   journal = {Canadian Journal of Experimental Psychology/Revue canadienne de psychologie experimentale},
   volume = {57},
   number = {3},
   pages = {189-202},
   ISSN = {1878-7290(Electronic),1196-1961(Print)},
   DOI = {10.1037/h0087425},
   url = {https://pubmed.ncbi.nlm.nih.gov/14596477/},
   year = {2003},
   type = {Journal Article}
}

@article{Dixon:2013,
   author = {Dixon, Peter},
   title = {The effective number of parameters in post hoc models},
   journal = {Behavior research methods},
   volume = {45},
   number = {3},
   pages = {604-612},
   ISSN = {1554-3528},
   url = {https://link.springer.com/article/10.3758/s13428-013-0373-7},
   year = {2013},
   type = {Journal Article}
}

@article{Edwards:1986,
   author = {Edwards, A. W. F.},
   title = {Are Mendel's Results Really Too Close?},
   journal = {Biological Reviews},
   volume = {61},
   number = {4},
   pages = {295-312},
   ISSN = {1464-7931},
   DOI = {10.1111/j.1469-185X.1986.tb00656.x},
   url = {https://onlinelibrary.wiley.com/doi/abs/10.1111/j.1469-185X.1986.tb00656.x},
   year = {1986},
   type = {Journal Article}
}

@book{Edwards:1992,
   author = {Edwards, A. W. F.},
   title = {Likelihood},
   publisher = {John Hopkins University Press},
   address = {Baltimore},
   volume = {2nd edition},
   ISBN = {0801844436},
   url = {https://www.amazon.co.uk/Likelihood-Dr-W-F-Edwards/dp/0801844452},
   year = {1992},
   type = {Book}
}

@inbook{RN9,
   author = {Edwards, A. W. F.},
   title = {Likelihood in Statistics},
   booktitle = {International Encyclopedia of the Social and Behavioral Sciences (Second Edition)},
   editor = {Wright, James D.},
   publisher = {Elsevier},
   address = {Oxford},
   pages = {116-119},
   ISBN = {978-0-08-097087-5},
   DOI = {https://doi.org/10.1016/B978-0-08-097086-8.42137-9},
   url = {http://www.sciencedirect.com/science/article/pii/B9780080970868421379},
   year = {2015},
   type = {Book Section}
}

@article{GloverDixon:2004,
   author = {Glover, S. and Dixon, P.},
   title = {Likelihood ratios: A simple and flexible statistic for empirical psychologists},
   journal = {Psychonomic bulletin and review},
   volume = {11},
   number = {5},
   pages = {791-806},
   ISSN = {1069-9384},
   DOI = {10.3758/BF03196706},
   url = {https://link.springer.com/article/10.3758/BF03196706},
   year = {2004},
   type = {Journal Article}
}

@article{Goodman:1999,
   author = {Goodman, S. N.},
   title = {Toward evidence-based medical statistics. 1: The p value fallacy},
   journal = {Annals of Internal Medicine},
   volume = {130},
   number = {12},
   pages = {995-1004},
   ISSN = {0003-4819},
   DOI = {10.7326/0003-4819-130-12-199906150-00008},
   url = {http://dx.doi.org/10.7326/0003-4819-130-12-199906150-00008},
   year = {1999},
   type = {Journal Article}
}

@article{GoodmanRoyall:1988,
   author = {Goodman, S. N. and Royall, R. M.},
   title = {Evidence and Scientific Research},
   journal = {American Journal of Public Health},
   volume = {78},
   number = {12},
   pages = {1568-1574},
   ISSN = {0090-0036},
   DOI = {10.2105/AJPH.78.12.1568},
   url = {https://ajph.aphapublications.org/doi/10.2105/AJPH.78.12.1568},
   year = {1988},
   type = {Journal Article}
}

@article{Greenland:2019,
   author = {Greenland, S.},
   title = {Valid P-values behave exactly as they should: Some misleading criticisms of P-values and their resolution with S-values},
   journal = {The American Statistician},
   volume = {73},
   number = {1},
   pages = {106-114},
   ISSN = {0003-1305},
   DOI = {10.1080/00031305.2018.1529625},
   url = {https://cogentoa.tandfonline.com/doi/full/10.1080/00031305.2018.1529625},
   year = {2019},
   type = {Journal Article}
}

@article{Lakens:2021,
   author = {Lakens, D.},
   title = {Why p-values should be interpreted as p-values and not as measures of evidence},
   year = {2021},
   url = {https://daniellakens.blogspot.com/2021/11/why-p-values-should-be-interpreted-as-p.html}
}

@article{HurvichTsai:1989,
   author = {Hurvich, C. M. and Tsai, C-L.},
   title = {Regression and time series model selection in small samples},
   journal = {Biometrika},
   volume = {76},
   number = {2},
   pages = {297-307},
   ISSN = {0006-3444},
   DOI = {10.1093/biomet/76.2.297},
   url = {https://doi.org/10.1093/biomet/76.2.297},
   year = {1989},
   type = {Journal Article}
}

@inproceedings{Jeffreys:1936,
   author = {Jeffreys, Harold},
   title = {Further significance tests},
   booktitle = {Mathematical Proceedings of the Cambridge Philosophical Society},
   publisher = {Cambridge University Press},
   volume = {32},
   pages = {416-445},
   ISBN = {1469-8064},
   url = {https://www.cambridge.org/core/journals/mathematical-proceedings-of-the-cambridge-philosophical-society/article/abs/further-significance-tests/B2FA761E09518833D0F8FE96B715F932},
   year = {1936},
   type = {Conference Proceedings}
}

@book{Palm:2012,
   author = {Palm, G.},
   title = {Novelty, Information and Surprise},
   publisher = {Springer Berlin},
   address = {Heidelberg},
   ISBN = {978-3-642-43583-6},
   year = {2012},
   DOI = {10.1007/978-3-642-29075-6},
   url = {https://link.springer.com/book/10.1007/978-3-642-29075-6},
   type = {Book}
}

@inbook{Royall:2004,
   author = {Royall, R.},
   title = {The Likelihood paradigm for statistical evidence},
   booktitle = {The Nature of Scientific Evidence},
   editor = {Taper, M. L. and Lele, S. R.},
   publisher = {University of Chicago},
   address = {Chicago},
   url = {https://press.uchicago.edu/ucp/books/book/chicago/N/bo3635206.html},
   year = {2004},
   type = {Book Section}
}

@book{Royall:1997,
   author = {Royall, R. M.},
   title = {Statistical Evidence: a Likelihood Paradigm},
   publisher = {Chapman and Hall},
   address = {London},
   series = {Monographs on statistics and applied probability},
   ISBN = {0-412-04411-0},
   url = {https://www.routledge.com/Statistical-Evidence-A-Likelihood-Paradigm/Royall/p/book/9780412044113},
   year = {1997},
   type = {Book}
}

@article{Royall:2000,
   author = {Royall, R. M.},
   title = {On the Probability of Observing Misleading Statistical Evidence},
   journal = {Journal of the American Statistical Association},
   volume = {95},
   number = {451},
   pages = {760-768},
   ISSN = {0162-1459},
   DOI = {10.1080/01621459.2000.10474264},
   url = {https://www.tandfonline.com/doi/abs/10.1080/01621459.2000.10474264},
   year = {2000},
   type = {Journal Article}
}

@article{WassersteinLazar:2016,
   author = {Wasserstein, Ronald L. and Lazar, Nicole A.},
   title = {The {ASA's} Statement on p-Values: Context, Process, and Purpose},
   journal = {The American Statistician},
   volume = {70},
   number = {2},
   pages = {129-133},
   ISSN = {0003-1305},
   DOI = {10.1080/00031305.2016.1154108},
   url = {https://doi.org/10.1080/00031305.2016.1154108},
   year = {2016},
   type = {Journal Article}
}

