@Manual{RFDS,
  title = {R for data science: import, tidy, transform, visualize, and model data},
  author = {Hadley Wickham and Garrett Grolemund},
  organization = {O'Reilly Media, Inc.},
  address = {Sebastopol, CA, USA},
  year = {2017},
  note = {{ISBN-13} 978-1491910399},
  url = {https://r4ds.had.co.nz/},
}