
@Manual{osmarender,
  title = {{osmarender}},
  author = {Jochen Topf},
  year = {2011},
  note = {XSLT transformation scripts},
  url = {http://wiki.openstreetmap.org/wiki/Osmarender},
}

@Manual{Osmium,
  title = {{Osmium}},
  author = {Jochen Topf},
  year = {2012},
  note = {Fast and flexible C++ and Javascript toolkit and framework
                  for working with OSM data},
  url = {http://wiki.openstreetmap.org/wiki/Osmium},
}

@Manual{osmosis,
  title = {{osmosis}},
  author = {Brett Henderson},
  year = {2011},
  note = {Java application version 0.39},
  url = {http://wiki.openstreetmap.org/wiki/Osmosis},
}

@Article{Casardi+Nepusz@2006,
  title = {The igraph Software Package for Complex Network Research},
  author = {Gabor Csardi and Tamas Nepusz},
  journal = {InterJournal},
  volume = {Complex Systems},
  pages = {1695},
  year = {2006},
  url = {http://igraph.sf.net},
}

@Manual{igraph,
  title = {{igraph}: Network Analysis and Visualization},
  author = {Gabor Csardi},
  year = {2011},
  note = {R package version 0.5.5-2},
  url = {http://cran.r-project.org/package=igraph},
}

@Manual{osmar,
  title = {{osmar}: {OpenStreetMap} and {R}},
  author = {Thomas Schlesinger and Manuel J. A. Eugster},
  year = {2012},
  note = {R package version 1.1},
  url = {http://cran.r-project.org/package=osmar},
}

@Manual{osm,
  title = {The {OpenStreetMap} Project},
  author = {{OSM Foundation}},
  year = {2011},
  url = {http://openstreetmap.org},
}

@Book{sp,
  author = {Roger S. Bivand and Edzer J. Pebesma and Virgilio Gomez-Rubio},
  title = {Applied Spatial Data Analysis with {R}},
  year = {2008},
  publisher = {Springer, NY},
  url = {http://www.asdar-book.org/},
}

@Manual{geosphere,
  title = {{geosphere}: Spherical Trigonometry},
  author = {Robert J. Hijmans and Ed Williams and Chris Vennes},
  year = {2011},
  note = {R package version 1.2-24},
  url = {http://CRAN.R-project.org/package=geosphere},
}

@Manual{OpenStreetMap,
  title = {{OpenStreetMap}: Access to OpenStreetMap Raster Images},
  author = {Ian Fellows},
  year = {2012},
  note = {R package version 0.2},
  url = {http://CRAN.R-project.org/package=OpenStreetMap},
}

@Article{Rcpp,
  title = {{Rcpp}: Seamless {R} and {C++} Integration},
  author = {Dirk Eddelbuettel and Romain Fran\c{c}ois},
  journal = {Journal of Statistical Software},
  year = {2011},
  volume = {40},
  number = {8},
  pages = {1--18},
  url = {http://www.jstatsoft.org/v40/i08/},
}

@Manual{ggmap,
  title = {{ggmap}: A Package for Spatial Visualization with
                  {Google Maps} and {OpenStreetMap}},
  author = {David Kahle and Hadley Wickham},
  year = {2012},
  note = {R package version 2.1},
  url = {http://CRAN.R-project.org/package=ggmap},
}

@Manual{RgoogleMaps,
  title = {{RgoogleMaps}: Overlays on {Google Map} Tiles in {R}},
  author = {Markus Loecher},
  year = {2012},
  note = {R package version 1.2.0},
  url = {http://CRAN.R-project.org/package=RgoogleMaps},
}
@book{osmium,
author = {J.~{Topf}},
title = {{Osmium, }},
publisher = {Fast and flexible C++ and Javascript toolkit and framework forworking with OSM data},
year = {2012},
url = {http://wiki.openstreetmap.org/wiki/Osmium}
}



