@book{pima.paper,
author = {M.~{Baker}},
title = {{1,500 scientists lift the lid on reproducibility}},
publisher = {Nature 533 (7604):  May},
pages = {452--454},
year = {2016},
url = {https://doi.org/10.1038/533452a}
}
@book{cassidy,
author = {J.~{Cassidy}},
title = {{The Reinhart and Rogoff Controversy: a Summing Up}},
publisher = {The New Yorker 533 Apr},
year = {2016},
url = {https://doi.org/10.1038/533452a}
}
@book{pois,
author = {R.~{Christensen}},
title = {{Log-Linear Models}},
publisher = {Springer Texts in Statistics Springer New York},
year = {2013}
}
@book{fong,
author = {W.~M. {Fong and S.~Ouliaris}},
title = {{Spectral tests of the martingale hypothesis for exchange rates}},
publisher = {Journal of Applied Econometrics 10 (3):},
pages = {255--71},
year = {1995},
url = {https://doi.org/10.1002/jae.3950100304}
}
@book{freedman,
author = {D.~{Freedman, R.~Pisani, and R.~Purves}},
title = {{Statistics}},
publisher = {Norton},
year = {1978}
}
@book{ml,
author = {F.~M. {Harper and J.~A. Konstan}},
title = {{The MovieLens datasets: History and context}},
publisher = {ACM Trans Interact Intell Syst. 5 (4):19::19 Dec},
pages = {1--19},
year = {2015},
url = {https://doi.org/10.1145/2827872}
}
@book{hsu,
author = {J.~{Hsu}},
title = {{Multiple Comparisons: Theory and Methods}},
publisher = {Taylor & Francis},
year = {1996}
}
@book{inselberg,
author = {A.~{Inselberg}},
title = {{Parallel Coordinates: Visual Multidimensional Geometry and Its Applications}},
publisher = {Advanced series in agricultural sciences Springer New York},
year = {2009}
}
@book{jones,
author = {D.~{Jones and N.~Matloff}},
title = {{Statistical hypothesis testing in biology: a contradiction in terms}},
publisher = {J of Economic Entomology 79 (5): Oct},
pages = {1156--1160},
year = {1986}
}
@book{lichman,
author = {M.~{Lichman}},
title = {{UCI machine learning repository, }},
year = {2017},
url = {http://archive.ics.uci.edu/ml}
}
@book{stanfordr,
author = {N.~{Matloff}},
title = {{`revisit': an R Package for Taming the Reproducibility Problem (Stanford University R Users Group)}},
publisher = {public lecture},
year = {2017},
url = {http://heather.cs.ucdavis.edu/StanfordR.pdf}
}
@book{arxiv,
author = {N.~{Matloff, R.~Davis, L.~Beckett, and P.~Thompson}},
title = {{revisit: a workflow tool for data science, }},
year = {2017},
url = {https://arxiv.org/abs/1708.04789}
}
@book{ronw,
author = {R.~L. {Wasserstein and N.~A. Lazar}},
title = {{The asa's statement on p-values: Context, process, and purpose}},
publisher = {The American Statistician 70 (2):},
pages = {129--133},
year = {2016},
url = {https://doi.org/10.1080/00031305.2016.1154108}
}
@book{zav,
author = {M.~{Zavodny}},
title = {{Immigration and american jobs, }},
year = {2011},
url = {http://www.aei.org/wp-content/uploads/2011/12/-immigration-and-american-jobs_144002688962.pdf}
}
@book{ziliak,
author = {S.~{Ziliak and D.~McCloskey}},
title = {{The Cult of Statistical Significance: How the Standard Error Costs Us Jobs, Justice, and Lives}},
publisher = {University of Michigan Press},
year = {2008}
}

