@article{rue2009approximate,
  title={{Approximate Bayesian inference for latent Gaussian models by using integrated nested Laplace approximations}},
  author={Rue, H{\aa}vard and Martino, Sara and Chopin, Nicolas},
  journal={Journal of the Royal Statistical Society Series B: Statistical Methodology},
  volume={71},
  number={2},
  pages={319--392},
  year={2009},
  doi = {https://doi.org/10.1111/j.1467-9868.2008.00700.x},
  url = {https://rss.onlinelibrary.wiley.com/doi/abs/10.1111/j.1467-9868.2008.00700.x},
  publisher={Oxford University Press}
}
@article{wood2015package,
  title={Package ‘mgcv’},
  author={Wood, Simon},
  journal={R package version},
  volume={1},
  number={29},
  pages={729},
  url={https://cran.r-project.org/web/packages/mgcv/index.html},
  year={2015}
}
@article{carpenter2017stan,
  title={Stan: A probabilistic programming language},
  author={Carpenter, Bob and Gelman, Andrew and Hoffman, Matthew D and Lee, Daniel and Goodrich, Ben and Betancourt, Michael and Brubaker, Marcus A and Guo, Jiqiang and Li, Peter and Riddell, Allen},
  journal={Journal of statistical software},
  volume={76},
  year={2017},
  url={https://www.jstatsoft.org/index.php/jss/article/view/v076i01},
  doi={10.18637/jss.v076.i01},
  publisher={NIH Public Access}
}
@article{PSMSLinstruction,
title = {{Manual on Sea-level Measurements and Interpretation, Volume IV : An update to 2006.}},
url = {https://psmsl.org/train_and_info/training/manuals},
volume = {4},
year = {2006},
journal = {Intergovernmental Oceanographic Commission of UNESCO},
author = {Aarup, T. and Merrifield, M. and Pérez Gómez, B. and Vassie, I. and Woodworth, P.}
}

@article{Dean2019,
title = {{Can we detect centennial sea-level variations over the last three thousand years in Israeli archaeological records?}},
journal = {Quaternary Science Reviews},
volume = {210},
pages = {125-135},
year = {2019},
issn = {0277-3791},
doi = {https://doi.org/10.1016/j.quascirev.2019.02.021},
url = {https://www.sciencedirect.com/science/article/pii/S0277379117310831},
author = {S. Dean and Benjamin P. Horton and Niki Evelpidou and Niamh Cahill and Giorgio Spada and Dorit Sivan}
}
@article{Shaw2018,
title = {{Tectonic influences on late Holocene relative sea levels from the central-eastern Adriatic coast of Croatia}},
journal = {Quaternary Science Reviews},
volume = {200},
pages = {262-275},
year = {2018},
issn = {0277-3791},
doi = {https://doi.org/10.1016/j.quascirev.2018.09.015},
url = {https://www.sciencedirect.com/science/article/pii/S0277379118300659},
author = {Timothy A. Shaw and Andrew J. Plater and Jason R. Kirby and Keven Roy and Simon Holgate and Pero Tutman and Niamh Cahill and Benjamin P. Horton}
}
@article{Hawkes2016,
title = {{Relative sea-level change in northeastern Florida (USA) during the last 8.0ka}},
journal = {Quaternary Science Reviews},
volume = {142},
pages = {90-101},
year = {2016},
issn = {0277-3791},
doi = {https://doi.org/10.1016/j.quascirev.2016.04.016},
url = {https://www.sciencedirect.com/science/article/pii/S0277379116301275},
author = {Andrea D. Hawkes and Andrew C. Kemp and Jeffrey P. Donnelly and Benjamin P. Horton and W. Richard Peltier and Niamh Cahill and David F. Hill and Erica Ashe and Clark R. Alexander}
}
@article{Kemp2017NC,
title = {Extended late Holocene relative sea-level histories for North Carolina, USA},
journal = {Quaternary Science Reviews},
volume = {160},
pages = {13-30},
year = {2017},
issn = {0277-3791},
doi = {https://doi.org/10.1016/j.quascirev.2017.01.012},
url = {https://www.sciencedirect.com/science/article/pii/S0277379116304759},
author = {Andrew C. Kemp and Jessica J. Kegel and Stephen J. Culver and Donald C. Barber and David J. Mallinson and Eduardo Leorri and Christopher E. Bernhardt and Niamh Cahill and Stanley R. Riggs and Anna L. Woodson and Ryan P. Mulligan and Benjamin P. Horton}
}

@article{Khan2015,
	author = {Khan, Nicole S. and Ashe, Erica and Shaw, Timothy A. and Vacchi, Matteo and Walker, Jennifer and Peltier, W. R. and Kopp, Robert E. and Horton, Benjamin P.},
	journal = {Current Climate Change Reports},
	number = {4},
	pages = {247--262},
	title = {Holocene Relative Sea-Level Changes from Near-, Intermediate-, and Far-Field Locations},
	doi = {https://doi.org/10.1007/s40641-015-0029-z},
	volume = {1},
	year = {2015}}


@article{Gelman1992,
 ISSN = {08834237},
 URL = {http://www.jstor.org/stable/2246093},
 author = {Andrew Gelman and Donald B. Rubin},
 journal = {Statistical Science},
 number = {4},
 pages = {457-472},
 publisher = {Institute of Mathematical Statistics},
 title = {Inference from Iterative Simulation Using Multiple Sequences},
 volume = {7},
 year = {1992}
}

@article{simpson2018modelling,
  title={Modelling palaeoecological time series using generalised additive models},
  author={Simpson, Gavin L},
  journal={Frontiers in Ecology and Evolution},
  doi = {https://doi.org/10.3389/fevo.2018.00149},
  volume={6},
  pages={149},
  year={2018},
  publisher={Frontiers Media SA}
}
@article{Kirby2023,
author = {Jason R Kirby and Ed Garrett and W Roland Gehrels},
title ={Holocene relative sea-level changes in northwest Ireland: An empirical test for glacial isostatic adjustment models},
journal = {The Holocene},
doi = {https://doi.org/10.1177/09596836231169992},
year = {2023}
 }

@book{gelman2013bayesian,
  title={Bayesian data analysis},
  author={Gelman, Andrew and Carlin, John B and Stern, Hal S and Dunson, David B and Vehtari, Aki and Rubin, Donald B},
  year={2013},
  doi = {https://doi.org/10.1201/b16018},
  publisher={CRC press}
}


@Inbook{Gornitz2009,
author="Gornitz, Vivien",
title="Paleoclimate Proxies, An Introduction",
bookTitle="Encyclopedia of Paleoclimatology and Ancient Environments",
year="2009",
doi = "https://doi.org/10.1007/978-1-4020-4411-3",
publisher="Springer Netherlands",
pages="716--721"
}

@article{Wood2017pspline,
	author = {Wood, Simon N. },
	journal = {Statistics and Computing},
	number = {4},
	pages = {985--989},
	title = {P-splines with derivative based penalties and tensor product smoothing of unevenly distributed data},
	doi = {https://doi.org/10.1007/s11222-016-9666-x},
	volume = {27},
	year = {2017}}

@article{zeileis2005,
    title = {zoo: S3 Infrastructure for Regular and Irregular Time
      Series},
    author = {Achim Zeileis and Gabor Grothendieck},
    journal = {Journal of Statistical Software},
    year = {2005},
    volume = {14},
    number = {6},
    pages = {1--27},
    doi = {10.18637/jss.v014.i06},
  }
@article{Kemp2009,
    author = {Kemp, Andrew C. and Horton, Benjamin P. and Culver, Stephen J. and Corbett, D Reide and van de Plassche, Orson and Gehrels, W Roland and Douglas, Bruce C. and Parnell, Andrew C.},
    title = {{Timing and magnitude of recent accelerated sea-level rise (North Carolina, United States)}},
    journal = {Geology},
    volume = {37},
    number = {11},
    doi = {https://doi.org/10.1130/G30352A.1},
    pages = {1035-1038},
    year = {2009},
    month = {11},
    issn = {0091-7613}

}

@article{Brain2012,
title = {{Modelling the effects of sediment compaction on salt marsh reconstructions of recent sea-level rise}},
journal = {Earth and Planetary Science Letters},
volume = {345-348},
pages = {180-193},
doi = {https://doi.org/10.1016/j.epsl.2012.06.045},
year = {2012},
issn = {0012-821X},
author = {Matthew J. Brain and Antony J. Long and Sarah A. Woodroffe and David N. Petley and David G. Milledge and Andrew C. Parnell}
}

@article{Stearns2023,
title = {{Within-region replication of late Holocene relative sea-level change: An example from southern New England, United States}},
journal = {Quaternary Science Reviews},
volume = {300},
pages = {107868},
year = {2023},
issn = {0277-3791},
doi = {https://doi.org/10.1016/j.quascirev.2022.107868},
url = {https://www.sciencedirect.com/science/article/pii/S0277379122004991},
author = {Rachel B. Stearns and Simon E. Engelhart and Andrew C. Kemp and Troy D. Hill and Matthew J. Brain and D. Reide Corbett}
}
% New above

@inbook{pugh_woodworth_2014, place={Cambridge}, title={Mean sea-level changes in time: Sea-Level Science: Understanding Tides, Surges, Tsunamis and Mean Sea-Level Changes}, DOI={10.1017/CBO9781139235778.013}, booktitle={Sea-Level Science: Understanding Tides, Surges, Tsunamis and Mean Sea-Level Changes}, publisher={Cambridge University Press}, author={Pugh, David and Woodworth, Philip}, year={2014}, pages={252–295}}

@inbook{pugh_woodworth_2014b, place={Cambridge}, title={Tidal forces: Sea-Level Science: Understanding Tides, Surges, Tsunamis and Mean Sea-Level Changes}, DOI={10.1017/CBO9781139235778.006}, booktitle={Sea-Level Science: Understanding Tides, Surges, Tsunamis and Mean Sea-Level Changes}, publisher={Cambridge University Press}, author={Pugh, David and Woodworth, Philip}, year={2014}, pages={36–59}}

@article{plummer2016rjags,
  title={{rjags: Bayesian graphical models using MCMC}},
  author={Plummer, Martyn and Stukalov, Alexey and Denwood, Matt},
  journal={R package version},
  url = {https://search.r-project.org/CRAN/refmans/rjags/html/rjags-package.html},
  volume={4},
  number={6},
  year={2016}
}

@article{plummer2003jags,
  title={{JAGS: A program for analysis of Bayesian graphical models using Gibbs sampling.}},
  author={Plummer, Martyn},
  journal={Proceedings of the 3rd International Workshop on Distributed Statistical Computing, TUWien},
  year={2003},
  url={https://api.semanticscholar.org/CorpusID:265976949},
  volume = {124}
}

@article{Holgate_PSMSL2013,
author = {Simon J. Holgate and Andrew Matthews and Philip L. Woodworth and Lesley J. Rickards and Mark E. Tamisiea and Elizabeth Bradshaw and Peter R. Foden and Kathleen M. Gordon and Svetlana Jevrejeva and Jeff Pugh},
title = {{New Data Systems and Products at the Permanent Service for Mean Sea Level}},
volume = {29},
journal = {Journal of Coastal Research},
number = {3},
publisher = {Coastal Education and Research Foundation},
pages = {493 -- 504},
doi = {10.2112/JCOASTRES-D-12-00175.1},
year = {2013}
}

@article{Church2011,
	author = {Church, John A. and White, Neil J.},
	isbn = {1573-0956},
	journal = {Surveys in Geophysics},
	number = {4},
	pages = {585--602},
	title = {Sea-{L}evel {R}ise from the {L}ate 19th to the {E}arly 21st {C}entury},
	volume = {32},
	doi = {https://doi.org/10.1007/s10712-011-9119-1},
	year = {2011}}


@Article{Kopp2015,
  author={Robert Kopp and Benjamin Horton and Andrew Kemp and Claudia Tebaldi},
  title={{Past and future sea-level rise along the coast of North Carolina, USA}},
  journal={Climatic Change},
  doi = {https://doi.org/10.1007/s10584-015-1451-x},
  year=2015,
  volume={132},
  number={4},
  pages={693-707}
}

@article{Woodworth2003,
author = {Woodworth, P.L. and Player, R.},
year = {2003},
month = {03},
pages = {287-295},
title = {{The Permanent Service for Mean Sea Level: An update to the 21st century}},
volume = {19},
doi = {https://www.jstor.org/stable/4299170},
journal = {Journal of Coastal Research}
}

@article{Donnelly2004,
  title={Coupling instrumental and geological records of sea-level change: Evidence from southern {N}ew {E}ngland of an increase in the rate of sea-level rise in the late 19th century},
  author={Donnelly, Jeffrey P and Cleary, Peter and Newby, Paige and Ettinger, Robert},
  journal={Geophysical Research Letters},
  volume={31},
  number={5},
  year={2004},
  doi = {https://doi.org/10.1029/2003gl018933},
  publisher={Wiley Online Library}
}
@article{Cahill2016,
author = {Cahill, Niamh and Kemp, Andrew C and Horton, Benjamin P and Parnell, Andrew C},
title = {A {B}ayesian hierarchical model for reconstructing relative sea level: from raw data to rates of change},
journal = {Climate of the Past},
volume = {12},
doi={https://10.5194/cp-12-525-2016},
year = {2016},
number = {2},
pages = {525--542}
}
@article{Horton2006,
  title={{Quantifying Holocene sea level change using intertidal foraminifera: lessons from the British Isles}},
  author={Horton, Benjamin P and Edwards, Robin J},
  journal={Departmental Papers (EES)},
  pages={50},
  url = {https://repository.upenn.edu/handle/20.500.14332/33035},
  year={2006}
}
@article {Kemp2011,
	author = {Kemp, Andrew C. and Horton, Benjamin P. and Donnelly, Jeffrey P and Mann, Michael E and Vermeer, Martin and Rahmstorf, Stefan},
	title = {Climate related sea-level variations over the past two millennia},
	volume = {108},
	number = {27},
	pages = {11017-11022},
	year = {2011},
	doi = {10.1073/pnas.1015619108},
	publisher = {National Academy of Sciences},
	journal = {Proceedings of the National Academy of Sciences}
}
@article{Walker2021,
	author = {Walker, Jennifer S. and Kopp, Robert E. and Shaw, Timothy A. and Cahill, Niamh and Khan, Nicole S. and Barber, Donald C. and Ashe, Erica L. and Brain, Matthew J. and Clear, Jennifer L. and Corbett, D. Reide and Horton, Benjamin P.},
	doi = {10.1038/s41467-021-22079-2},
	isbn = {2041-1723},
	journal = {Nature Communications},
	number = {1},
	pages = {1841},
	title = {{Common Era sea-level budgets along the U.S. Atlantic coast}},
	volume = {12},
	year = {2021},
}
@article{Gregory2019,
    title = {{Concepts and Terminology for Sea Level: Mean, Variability and Change, Both Local and Global}},
    year = {2019},
    url={https://link.springer.com/article/10.1007/s10712-019-09525-z},
    journal = {Surveys in Geophysics},
    author = {Gregory, Jonathan M. and Griffies, Stephen M. and Hughes, Chris W. and Lowe, Jason A. and Church, John A. and Fukimori, Ichiro and Gomez, Natalya and Kopp, Robert E. and Landerer, Felix and Cozannet, Gonéri Le and Ponte, Rui M. and Stammer, Detlef and Tamisiea, Mark E. and van de Wal, Roderik S.W.},
    number = {6},
    month = {11},
    pages = {1251-1289},
    volume = {40},
    publisher = {Springer Netherlands},
    issn = {15730956},
    keywords = {Concepts, Sea level, Terminology}
}


@article{Kopp2013,
    title = {{Does the mid-Atlantic United States sea level acceleration hot spot reflect ocean dynamic variability?}},
    year = {2013},
    journal = {Geophysical Research Letters},
    author = {Kopp, Robert E.},
    number = {15},
    month = {8},
    pages = {3981--3985},
    volume = {40},
    doi = {10.1002/GRL.50781}
}

@article{Kemp2013SealevelUSA,
    title = {{Sea level change during the last 2500 years in New Jersey, USA}},
    year = {2013},
    journal = {Quaternary Science Reviews},
    author = {Kemp, Andrew C. and Horton, Benjamin P. and Vane, Christopher H. and Bernhardt, Christopher E. and Corbett, D. Reide and Engelhart, Simon E. and Anisfeld, Shimon C. and Parnell, Andrew C. and Cahill, Niamh},
    pages = {90-104},
    volume = {81},
    doi = {10.1016/j.quascirev.2013.09.024},
    issn = {02773791}
}

@article{Gehrels1994,
 author = {Gehrels, Roland W.},
 journal = {Journal of Coastal Research},
 number = {4},
 pages = {990-1009},
 publisher = {Coastal Education and Research Foundation, Inc},
 title = {{Determining Relative Sea-Level Change from Salt-Marsh Foraminifera and Plant Zones on the Coast of Maine, U.S.A.}},
 url = {https://www.jstor.org/stable/4298291},
 volume = {10},
 year = {1994}
}

@article{Khan2017,
title = {{Drivers of Holocene sea-level change in the Caribbean}},
journal = {Quaternary Science Reviews},
volume = {155},
pages = {13-36},
year = {2017},
issn = {0277-3791},
doi = {https://doi.org/10.1016/j.quascirev.2016.08.032},
author = {Nicole S. Khan and Erica Ashe and Benjamin P. Horton and Andrea Dutton and Robert E. Kopp and Gilles Brocard and Simon E. Engelhart and David F. Hill and W.R. Peltier and Christopher H. Vane and Fred N. Scatena}
}

@article{Shennan2015_Handbook,
author = {Shennan, Ian and Long, Antony J. and Horton, Benjamin P.},
journal = {John Wiley \& Sons, Ltd},
isbn = {9781118452547},
title = {Handbook of Sea‐Level Research},
doi={https://doi.org/10.1002/9781118452547},
year = {2015}}

@article{Meltzner2017,
	author = {Meltzner, Aron J. and Switzer, Adam D. and Horton, Benjamin P. and Ashe, Erica and Qiu, Qiang and Hill, David F. and Bradley, Sarah L. and Kopp, Robert E. and Hill, Emma M. and Majewski, J{\c{e}}drzej M. and Natawidjaja, Danny H. and Suwargadi, Bambang W.},
	doi = {10.1038/ncomms14387},
	isbn = {2041-1723},
	journal = {Nature Communications},
	number = {1},
	pages = {14387},
	title = {{Half-metre sea-level fluctuations on centennial timescales from mid-Holocene corals of Southeast Asia}},
	volume = {8},
	year = {2017}}

@article{Grinsted2015,
    title = {{Projected Change—Sea Level}},
    journal = {Second assessment of climate change for Baltic Sea basin},
    year = {2015},
    author = {Grinsted, Aslak},
    url={https://link.springer.com/chapter/10.1007/978-3-319-16006-1_14},
    chapter = {14},
    pages = {253--263},
    publisher = {Springer, Cham},
}

@book{Dey2000,
 author={Dey, Dipak K and Ghosh, Sujit K and Mallick, Bani K},
 title = {Generalized linear models: a {B}ayesian perspective},
 doi = {https://doi.org/10.1201/9781482293456},
publisher = {CRC Press},
year = {2000}
}
@Book{Wickham2016,
    author = {Hadley Wickham},
    title = {ggplot2: Elegant Graphics for Data Analysis},
    publisher = {Springer-Verlag New York},
    year = {2016},
    isbn = {978-3-319-24277-4},
    url = {https://ggplot2.tidyverse.org},
  }


@article{Horton2018,
    title = {{Mapping Sea-Level Change in Time, Space, and Probability}},
    year = {2018},
    journal = {Annual Review of Environment and Resources},
    author = {Horton, Benjamin P. and Kopp, Robert E. and Garner, Andra J. and Hay, Carling C. and Khan, Nicole S. and Roy, Keven and Shaw, Timothy A.},
    number = {1},
    pages = {481--521},
    volume = {43},
    doi = {https://doi.org/10.1146/annurev-environ-102017-025826},
    issn = {1543-5938}
}

@article{Whitehouse2018,
    title = {{Glacial isostatic adjustment modelling: historical perspectives, recent advances, and future directions}},
    year = {2018},
    doi={https://doi.org/10.5194/esurf-6-401-2018},
    journal = {Earth Surf. Dynam},
    author = {Whitehouse, Pippa L},
    pages = {401--429},
    volume = {6}
}

@article{Peltier2004,
    author = {Peltier, W.R},
    year = {2004},
    title = {{Global Glacial Isostasy and the Surface of the Ice-Age Earth: The ICE-5G (VM2) Model and GRACE}},
    journal = {Annual Review of Earth and Planetary Sciences},
    volume = {32},
    doi={https://doi.org/10.1146/annurev.earth.32.082503.144359},
    pages = {111--149}
    }

@article{Cahill2015aStats,
  author = {Cahill, Niamh and Kemp, Andrew C and Horton, Benjamin P and Parnell, Andrew C},
  doi = {https://doi.org/10.1214/15-AOAS824},
  journal = {The Annals of Applied Statistics},
  number = {2},
  pages = {547--571},
  title = {{Modeling sea-level change using {E}rrors-in-{V}ariables integrated {G}aussian {P}rocess 1}},
  volume = {9},
  year = {2015}
}

@article{Donnelly2006,
 author = {Jeffrey P Donnelly},
 journal = {Journal of Coastal Research},
 number = {5},
 pages = {1051-1061},
 publisher = {Coastal Education and Research Foundation, Inc},
 title = {{A Revised Late Holocene Sea-Level Record for Northern Massachusetts, USA}},
 volume = {22},
 doi = {https://doi.org/l0.2112/04-0207.1},
 year = {2006}}
 
@article{Gerlach2017,
title = {{Reconstructing Common Era relative sea-level change on the Gulf Coast of Florida}},
journal = {Marine Geology},
volume = {390},
pages = {254-269},
year = {2017},
issn = {0025-3227},
doi = {https://doi.org/10.1016/j.margeo.2017.07.001},
author = {Matthew J. Gerlach and Simon E. Engelhart and Andrew C. Kemp and Ryan P. Moyer and Joseph M. Smoak and Christopher E. Bernhardt and Niamh Cahill}
}

@article{Engelhart2011,
 author = {Simon E. Engelhart and Benjamin P. Horton and Andrew C. Kemp},
 journal = {Oceanography},
 number = {2},
 pages = {70--79},
 publisher = {Oceanography Society},
 title = {{Holocene Sea Level Changes Along the United States' Atlantic Coast}},
 doi = {https://doi.org/10.5670/oceanog.2011.28},
 volume = {24},
 year = {2011}
}

@article{Barnett2019,
title = {Late {H}olocene sea-level changes in eastern {Q}uébec and potential drivers},
journal = {Quaternary Science Reviews},
author = {R.L. Barnett and P. Bernatchez and M. Garneau and M.J. Brain and D.J. Charman and D.B. Stephenson and S. Haley and N. Sanderson},
volume = {203},
pages = {151-169},
year = {2019},
issn = {0277-3791},
doi = {https://doi.org/10.1016/j.quascirev.2018.10.039}
}

@article{Gehrels2020,
author = {Gehrels, WR. and Dangendorf, S. and Barlow, N. L. M. and Saher, M. H. and Long, A. J. and Woodworth, P. L. and Piecuch, C. G. and Berk, K.},
title = {{A Preindustrial Sea Level Rise Hotspot Along the Atlantic Coast of North America}},
journal = {Geophysical Research Letters},
volume = {47},
number = {4},
doi = {https://doi.org/10.1029/2019GL085814},
year = {2020}
}

@article{Kemp2015,
title = {{Relative sea level change in Connecticut (USA) during the last 2200 yrs}},
journal = {Earth and Planetary Science Letters},
volume = {428},
pages = {217-229},
year = {2015},
issn = {0012-821X},
doi = {https://doi.org/10.1016/j.epsl.2015.07.034},
author = {Andrew C. Kemp and Andrea D. Hawkes and Jeffrey P. Donnelly and Christopher H. Vane and Benjamin P. Horton and Troy D. Hill and Shimon C. Anisfeld and Andrew C. Parnell and Niamh Cahill}
}

@article{Khan2022,
title = {{Relative sea-level change in South Florida during the past 5000 years}},
journal = {Global and Planetary Change},
volume = {216},
pages = {103902},
year = {2022},
issn = {0921-8181},
doi = {https://doi.org/10.1016/j.gloplacha.2022.103902},
author = {Nicole S. Khan and Erica Ashe and Ryan P. Moyer and Andrew C. Kemp and Simon E. Engelhart and Matthew J. Brain and Lauren T. Toth and Amanda Chappel and Margaret Christie and Robert E. Kopp and Benjamin P. Horton}
}
@inbook{Kemp2015_SLhandbook,
author = {Kemp,Andrew C. and Telford, Richard J.},
publisher = {John Wiley \& Sons, Ltd},
isbn = {9781118452547},
title = {Transfer functions: Handbook of Sea‐Level Research},
booktitle = {Handbook of Sea‐Level Research},
chapter = {31},
pages = {470-499},
doi = {https://doi.org/10.1002/9781118452547.ch31},
year = {2015}

}
@inbook{Edwards2015_SLhandbook,
author = {Edwards, Robin and Wright, Alex},
publisher = {John Wiley \& Sons, Ltd},
isbn = {9781118452547},
title = {Foraminifera: Handbook of Sea‐Level Research},
chapter = {13},
pages = {191-217},
doi = {https://doi.org/10.1002/9781118452547.ch13},
year = {2015}
}

@inbook{Marshall2015_SLhandbook,
author = {Marshall, Wil},
publisher = {John Wiley \& Sons, Ltd},
isbn = {9781118452547},
title = {Chronohorizons: Handbook of Sea‐Level Research},
booktitle = {Handbook of Sea‐Level Research},
chapter = {25},
pages = {373-385},
doi = {https://doi.org/10.1002/9781118452547.ch25},
year = {2015}
}

@article{Wood2006a,
author = {Wood, Simon N.},
title = {{Low-Rank Scale-Invariant Tensor Product Smooths for Generalized Additive Mixed Models}},
journal = {Biometrics},
volume = {62},
number = {4},
doi = {https://doi.org/10.1111/j.1541-0420.2006.00574.x},
pages = {1025-1036},
year = {2006}
}
@article{Cahill2015_cp,
author={Cahill, Niamh and Rahmstorf, Stefan and Parnell, Andrew C},
year={2015},
title={Change points of global temperature},
journal={Environmental research letters},
volume={10},
doi = {https://doi.org/10.1088/1748-9326/10/8/084002},
number={8},
pages={84002},
isbn={1748-9318;1748-9326;}

}
@article{Holsclaw2013,
 ISSN = {00401706, 15372723},
 URL = {http://www.jstor.org/stable/24587388},
 author = {Holsclaw, T. and Sansó, B. and Lee, H. K. H. Lee and Heitmann, K. and Habib, S. and Higdon, D. and Alam, U.},
 journal = {Technometrics},
 number = {1},
 pages = {57--67},
 publisher = {{Taylor & Francis, Ltd., American Statistical Association, American Society for Quality}},
 title = {Gaussian Process Modeling of Derivative Curves},
 urldate = {2023-03-25},
 volume = {55},
 year = {2013}
}

@article{Hogarth2020,
title = {Improved and extended tide gauge records for the British Isles leading to more consistent estimates of sea level rise and acceleration since 1958},
journal = {Progress in Oceanography},
volume = {184},
pages = {102333},
year = {2020},
issn = {0079-6611},
doi = {https://doi.org/10.1016/j.pocean.2020.102333},
url = {https://www.sciencedirect.com/science/article/pii/S0079661120300720},
author = {P. Hogarth and C.W. Hughes and S.D.P. Williams and C. Wilson}
}

@article{Barnett2017,
author = {Barnett, Robert L. and Bernatchez, Pascal and Garneau, Michelle and Juneau, Marie-Noëlle},
title = {Reconstructing late {H}olocene relative sea-level changes at the {M}agdalen {I}slands ({G}ulf of {S}t. {L}awrence, {C}anada) using multi-proxy analyses},
journal = {Journal of Quaternary Science},
volume = {32},
doi = {https://doi.org/10.1002/jqs.2931},
number = {3},
pages = {380-395},
year = {2017}
}

@article{Kemp2014,
title = {{Late Holocene sea- and land-level change on the U.S. southeastern Atlantic coast}},
journal = {Marine Geology},
volume = {357},
pages = {90-100},
year = {2014},
issn = {0025-3227},
doi = {https://doi.org/10.1016/j.margeo.2014.07.010},
author = {Andrew C. Kemp and Christopher E. Bernhardt and Benjamin P. Horton and Robert E. Kopp and Christopher H. Vane and W Richard Peltier and Andrea D. Hawkes and Jeffrey P. Donnelly and Andrew C. Parnell and Niamh Cahill}
}

@book{Dierckx1995,
  title={Curve and surface fitting with splines},
  author={Dierckx, Paul},
  year={1995},
  url={https://books.google.ie/books?id=-RIQ3SR0sZMC},
  publisher={Oxford University Press}
}
@article{Peltier2014,
author = {Argus, Donald and Peltier, W. and Drummond, Rosemarie and Moore, Angelyn},
year = {2014},
month = {05},
pages = {537-563},
title = {The {A}ntarctica component of postglacial rebound model {ICE-6GC} ({VM}5a) based on {GPS} positioning, exposure age dating of ice thicknesses, and relative sea level histories},
volume = {198},
journal = {Geophysical Journal International},
doi = {10.1093/gji/ggu140}
}
@article{deBoor1978,
author = {de Boor, Carl},
year = {1978},
month = {01},
title = {A {P}ractical {G}uide to {S}pline},
volume = {27},
journal = {Applied Mathematical Sciences, New York: Springer, 1978},
doi = {10.2307/2006241}
}

@article{Kemp2017,
author = {Andrew C. Kemp and Troy D. Hill and Christopher H. Vane and Niamh Cahill and Philip M. Orton and Stefan A. Talke and Andrew C. Parnell and Kelsey Sanborn and Ellen K. Hartig},
title ={{Relative sea-level trends in New York City during the past 1500 years}},
journal = {The Holocene},
volume = {27},
number = {8},
pages = {1169-1186},
year = {2017},
doi = {10.1177/0959683616683263}
}
@article{Engelhart2009,
    author = {Engelhart, Simon E. and Horton, Benjamin P. and Douglas, Bruce C. and Peltier, W. Richard and Törnqvist, Torbjörn E.},
    title = "{{Spatial variability of late Holocene and 20th century sea-level rise along the Atlantic coast of the United States}}",
    journal = {Geology},
    volume = {37},
    number = {12},
    pages = {1115-1118},
    year = {2009},
    month = {12},
    issn = {0091-7613},
    doi = {10.1130/G30360A.1}
}

@article{Kopp2009,
  author = {Kopp, Robert E. and Simons, Frederik J. and Mitrovica, Jerry X. and Maloof, Adam C. and Oppenheimer, Michael},
  issn = {00280836},
  journal = {Nature},
  number = {7275},
  pages = {863--867},
  pmid = {20016591},
  title = {{Probabilistic assessment of sea level during the last interglacial stage}},
  doi = {https://doi.org/10.1038/nature08686},
  volume = {462},
  year = {2009}
}
@article{Kopp2014,
  author = {Kopp, Robert E. and Horton, Radley M. and Little, Christopher M. and Mitrovica, Jerry X. and Oppenheimer, Michael and Rasmussen, D. J. and Strauss, Benjamin H. and Tebaldi, Claudia},
  number = {8},
  pages = {383--406},
  title = {{Probabilistic 21st and 22nd century sea-level projections at a global network of tide-gauge sites}},
  doi = {https://doi.org/10.1002/2014EF000239},
  volume = {2},
  year = {2014}
}
@article{Kopp2016,
  author = {Kopp, Robert E. and Kemp, Andrew C. and Bittermann, Klaus and Horton, Benjamin P. and Donnelly, Jeffrey P. and Gehrels, Roland W. and Hay, Carling C. and Mitrovica, Jerry X. and Morrow, Eric D. and Rahmstorf, Stefan},
  doi = {10.1073/pnas.1517056113},
  issn = {10916490},
  journal = {Proceedings of the National Academy of Sciences of the United States of America},
  number = {11},
  pages = {E1434--E1441},
  title = {{Temperature-driven global sea-level variability in the Common Era}},
  volume = {113},
  year = {2016}
}

@article{Ashe2019,
  author = {Ashe, Erica L. and Cahill, Niamh and Hay, Carling and Khan, Nicole S. and Kemp, Andrew and Engelhart, Simon E. and Horton, Benjamin P. and Parnell, Andrew C. and Kopp, Robert E.},
  journal = {Quaternary Science Reviews},
  pages = {58--77},
  publisher = {Elsevier Ltd},
  title = {{Statistical modeling of rates and trends in Holocene relative sea level}},
  volume = {204},
  doi={https://doi.org/10.1016/j.quascirev.2018.10.032},
  year = {2019}
}

@article{McHutchon2011,
  author = {McHutchon, Andrew and Rasmussen, Carl Edward},
  isbn = {9781618395993},
  journal = {Advances in Neural Information Processing Systems 24: 25th Annual Conference on Neural Information Processing Systems 2011, NIPS 2011},
  pages = {1--9},
  url = {https://proceedings.neurips.cc/paper_files/paper/2011/file/a8e864d04c95572d1aece099af852d0a-Paper.pdf},
  title = {{Gaussian Process training with input noise}},
  year = {2011}
}

@techreport{Rasmussen2006,
  author = {Rasmussen, C E and Williams, C K I},
  institution = {MIT Press},
  doi = {https://doi.org/10.7551/mitpress/3206.001.0001},
  isbn = {026218253X},
  title = {{Gaussian Processes for Machine Learning}},
  year = {2006}
}

@book{wood_2017,
  title={{Generalized additive models: an introduction with R}},
  publisher={CRC Press},
  doi = {https://doi.org/10.1201/9781315370279},
  author={Wood, Simon N.},
  year={2017}
}



@article{eilers_1996,
  author = {Eilers, Paul and Marx, Brian},
  journal = {Statistical Science},
  volume = {11},
  title = {{Flexible Smoothing with B-splines and Penalities}},
  doi = {https://doi.org/10.1214/ss/1038425655},
  year = {1996}
}
@article{Shennan2002,
author={Shennan,Ian and Horton,Ben},
year={2002},
title={{Holocene land- and sea-level changes in Great Britain}},
journal={{Journal of Quaternary Science}},
doi={https://doi.org/10.1002/jqs.710},
volume={17},
number={5-6},
pages={511-526},
isbn={0267-8179}}



@article{Upton2023noisy,
  title={A noisy-input generalised additive model for relative sea-level change along the Atlantic coast of North America},
  author={Upton, Maeve and Parnell, Andrew and Kemp, Andrew and Ashe, Erica and McCarthy, Gerard and Cahill, Niamh},
  journal={arXiv preprint arXiv:2301.09556},
  doi={https://doi.org/10.48550/arXiv.2301.09556},
  year={2023}
}
@incollection{Upton2023,
title = {Statistical modelling for relative sea-level data},
booktitle = {Reference Module in Earth Systems and Environmental Sciences},
publisher = {Elsevier},
year = {2023},
isbn = {978-0-12-409548-9},
doi = {https://doi.org/10.1016/B978-0-323-99931-1.00025-8},
url = {https://www.sciencedirect.com/science/article/pii/B9780323999311000258},
author = {Maeve Upton and Niamh Cahill and Andrew Parnell}
}
@article{IPCC_2013_chp13,
  author = {Church, John A. and Clark, Peter U.},
  journal = {IPCC 2013},
  title = {Climate {C}hange 2013: The {P}hysical {S}cience {B}asis. {C}ontribution of {W}orking {G}roup {I} to the {F}ifth {A}ssessment {R}eport of the {I}ntergovernmental {P}anel on {C}limate {C}hange},
  volume = {13},
  url={https://www.ipcc.ch/report/ar5/wg1/},
  publisher = {Cambridge University Press},
  year = {2013}}



@article{IPCC2021summary,
author = {Masson-Delmotte, Valérie and Zhai, Panmao and Pirani, Anna and Connors, Sarah L. and Péan, Clotilde and Berger, Sophie and Caud, Nada and Chen, Yang and Goldfarb, Leah and Gomis, Melissa I. and Huang, Mengtian and Leitzell, Katherine and Lonnoy, Elisabeth and Matthews, J.B. Robin and Maycock, Thomas K. and Waterfield, Tim and Yelekçi, Ozge and Yu, Rong and Zhou, Baiquan},
journal = {Cambridge University Press},
title = {{Summary for Policymakers. In: Climate Change 2021: The Physical Science Basis. Contribution of
Working Group I to the Sixth Assessment Report of the Intergovernmental Panel on Climate Change}},
url={https://www.ipcc.ch/report/sixth-assessment-report-working-group-i/},
year = {2021}
}

@article{Kemp2018,
  title={{Relative sea-level change in Newfoundland, Canada during the past 3000 years}},
  author={Andrew C. Kemp and Alexander J. Wright and Robin J. Edwards and Robert L. Barnett and Matthew J. Brain and Robert E. Kopp and Niamh Cahill and Benjamin P. Horton and Dan J. Charman and Andrea D. Hawkes and Troy D. Hill and Orson {van de Plassche}},
  journal={Quaternary Science Reviews},
  volume={201},
  pages={89-110},
  doi = {https://doi.org/10.1016/j.quascirev.2018.10.012},
  year={2018},
  publisher={Elsevier}
}

