@book{R:Bonnet:2006a,
author = {D.~G.~{Bonnet}},
title = {{Approximate confidence interval for standard deviation of nonnormal distributions}},
publisher = {em Computational Statistics & Data Analysis 50:},
pages = {775--782},
year = {2006}
}
@book{R:Bonnet:2006b,
author = {D.~G.~{Bonnet}},
title = {{Robust confidence interval for a ratio of standard deviations}},
publisher = {em Applied Psychological Measurement 30:(5)},
pages = {432--439},
year = {2006}
}
@book{R:Box:1953,
author = {G.~E.~P.~{Box}},
title = {{Non-normality and tests on variances}},
publisher = {em Biometrika 40:(3/4)},
pages = {318--335},
year = {1953}
}
@book{R:Casella+Berger:2001,
author = {G.~{Casella and R.~L.~Berger}},
title = {{Statistical Inference}},
publisher = {Duxbury Press Belmont California 2nd edition},
year = {2001}
}
@book{R:Coeurjolly+Drouilhet+LafayedeMicheaux+Robineau:2009,
author = {J.-F.~{Coeurjolly, R.~Drouilhet, P.~Lafaye de Micheaux and J.-F.~Robineau}},
title = {{asympTest: an R package for performing parametric statistical tests and confidence intervals based on the central limit theorem}},
publisher = {Technical report},
url = {http://www.citebase.org/abstract?id=oai:arXiv.org:0902.0506}
}
@book{R:Conover+Johnson+Johnson:1981,
author = {W.~J.~{Conover, M.~E.~Johnson and M.~M.~Johnson}},
title = {{A comparative study of tests for homogeneity of variances with applications to the outer continental shelf bidding data}},
publisher = {em Technometrics 23:(4)},
pages = {351--361},
year = {1981}
}
@book{R:Davidson+MacKinnon:1998,
author = {R.~{Davidson and J.~G.~MacKinnon}},
title = {{Graphical methods for investigating the size and power of hypothesis tests}},
publisher = {em The Manchester School 66:(1)},
pages = {1--26},
year = {1998}
}
@book{R:Dean+Illowsky:2009,
author = {S.~{Dean and B.~Illowsky}},
title = {{F Distribution and ANOVA: Test of Two Variances}},
publisher = {em Connexions February  5},
year = {2009},
url = {http://cnx.org/content/m17075/1.6/}
}
@book{R2:Ferguson:1996,
author = {T.~{Ferguson}},
title = {{A course in large sample theory}},
publisher = {em Chapman and Hall},
year = {1996}
}
@book{R:Fisher:1935,
author = {R.~A.~{Fisher}},
title = {{The use of multiple measurements in taxonomic problems}},
publisher = {em Annals of Eugenics 7:(Part II)},
pages = {179--188},
year = {1935}
}
@book{R:Miller:1997,
author = {R.~G.~{Miller}},
title = {{Beyond ANOVA, Basics of Applied Statistics}},
publisher = {Texts in Statistical Science Series Chapman & Hall/CRC},
year = {1997}
}
@book{R:Ozgur+Strasser:2004,
author = {C.~{Ozgur and S.~E.~Strasser}},
title = {{A study of the statistical inference criteria: Can we agree on when to use z versus t?}},
publisher = {em Decision Sciences Journal of Innovative Education 2:(2)},
pages = {177--192},
year = {2004}
}
@book{R:Pan:1999,
author = {G.~{Pan}},
title = {{On a Levene type test for equality of two variances}},
publisher = {em Journal of Statistical Computation and Simulation 63:},
pages = {59--71},
year = {1999}
}
@book{R:Tiku+Akkaya:2004,
author = {M.~L.~{Tiku and A.~Akkaya}},
title = {{Robust Estimation and Hypothesis Testing}},
publisher = {New Age International (P) Ltd New Delhi},
year = {2004}
}

