@Article{Andrawis:2011,
  title = {Forecast Combinations of Computational Intelligence and Linear Models for the {NN5} Time Series Forecasting Competition},
  journal = {International Journal of Forecasting},
  volume = {27},
  number = {3},
  pages = {672 - 688},
  year = {2011},
  author = {Robert R. Andrawis and Amir F. Atiya and Hisham El-Shishiny},
  url = {https://doi.org/10.1016/j.ijforecast.2010.09.005},
}

@Article{crone:2011,
  author = {Sven F. Crone and Michèle Hibon and Konstantinos Nikolopoulos},
  title = {Advances in Forecasting with Neural Networks? {E}mpirical Evidence from the {NN3} Competition on Time Series Prediction},
  year = {2011},
  journal = {International Journal of Forecasting},
  volume = {27},
  number = {3},
  pages = {635--660},
  url = {https://doi.org/10.1016/j.ijforecast.2011.04.001},
}

@Article{Dag:2016,
  title = {{GMDH}: An {R} Package for Short Term Forecasting via {GMDH}-Type Neural Network Algorithms},
  author = {O. Dag and C. Yozgatligil},
  year = {2016},
  journal = {The R Journal},
  volume = {8},
  number = {1},
  pages = {379-386},
  url = {https://doi.org/10.32614/RJ-2016-028},
}

@Article{Hibon:2005,
  title = {To Combine or Not to Combine: Selecting among Forecasts and Their Combinations},
  author = {Michele Hibon and Theodoros Evgeniou},
  year = {2005},
  journal = {International Journal of Forecasting},
  volume = {21},
  number = {1},
  pages = {15-24},
  url = {https://doi.org/10.1016/j.ijforecast.2004.05.002},
}

@Book{Hyndman:2014,
  author = {R. J. Hyndman and G. Athanasopoulos},
  title = {Forecasting: Principles and Practice},
  publisher = {OTexts},
  year = {2014},
  url = {https://www.otexts.org/book/fpp},
}

@Article{Hyndman:2003,
  title = {Unmasking the {Theta} Method},
  journal = {International Journal of Forecasting},
  volume = {19},
  number = {2},
  pages = {287 - 290},
  year = {2003},
  url = {https://doi.org/10.1016/S0169-2070(01)00143-1},
  author = {Rob J. Hyndman and Baki Billah},
}

@Article{Hyndman:Khandakar:2008,
  author = {Rob Hyndman and Yeasmin Khandakar},
  title = {Automatic Time Series Forecasting: The Forecast Package for {R}},
  journal = {Journal of Statistical Software},
  volume = {27},
  number = {1},
  year = {2008},
  pages = {1--22},
  url = {https://doi.org/10.18637/jss.v027.i03},
}

@Article{Hyndman06anotherlook,
  author = {Rob J Hyndman and Anne B Koehler},
  title = {Another Look at Measures of Forecast Accuracy},
  journal = {International Journal of Forecasting},
  year = {2006},
  pages = {679--688},
  url = {https://doi.org/10.1016/j.ijforecast.2006.03.001},
}

@Manual{Kourentzes:2017,
  title = {Nnfor: Time Series Forecasting with Neural Networks},
  author = {Nikolaos Kourentzes},
  year = {2017},
  note = {R package version 0.9.2},
  url = {https://CRAN.R-project.org/package=nnfor},
}

@Article{Kuhn:2008,
  author = {M Kuhn},
  year = {2008},
  pages = {1--26},
  title = {Building Predictive Models in {R} Using the Caret Package},
  volume = {28},
  number = {5},
  journal = {Journal of Statistical Software},
  url = {https://doi.org/10.18637/jss.v028.i05},
}

@Article{Martinez:2017,
  author = {Francisco Mart\'inez and Mar\'ia Pilar Fr\'ias and Mar\'ia Dolores Pérez and Antonio Jesús Rivera},
  title = {A Methodology for Applying k-Nearest Neighbor to Time Series Forecasting},
  journal = {Artificial Intelligence Review},
  url = {https://doi.org/10.1007/s10462-017-9593-z},
  year = {2017},
}

@Article{Martinez:2018,
  author = {Francisco Mart\'inez and Mar\'ia Pilar Fr\'ias and Mar\'ia Dolores Pérez and Antonio Jesús Rivera},
  title = {Dealing with Seasonality by Narrowing the Training Set in Time Series Forecasting with {kNN}},
  journal = {Expert Systems with Applications},
  volume = {103},
  pages = {38--48},
  year = {2018},
  url = {https://doi.org/10.1016/j.eswa.2018.03.005},
}

@Article{Taieb:2012,
  author = {Souhaib {Ben Taieb} and Gianluca Bontempi and Amir F. Atiya and Antti Sorjamaa},
  title = {A Review and Comparison of Strategies for Multi-Step Ahead Time Series Forecasting Based on the {NN5} Forecasting Competition},
  journal = {Expert Syst. Appl.},
  volume = {39},
  number = {8},
  year = {2012},
  pages = {7067--7083},
  url = {https://doi.org/10.1016/j.eswa.2012.01.039},
}

@Manual{Shaub:2019,
  title = {forecastHybrid: Convenient Functions for Ensemble Time Series Forecasts},
  author = {David Shaub and Peter Ellis},
  year = {2019},
  note = {R package version 4.2.17},
  url = {https://CRAN.R-project.org/package=forecastHybrid},
}

@Article{Yan:2012,
  author = {Weizhong Yan},
  url = {https://doi.org/10.1109/TNNLS.2012.2198074},
  journal = {IEEE Trans. Neural Netw. Learning Syst.},
  number = {7},
  pages = {1028-1039},
  title = {Toward Automatic Time-Series Forecasting Using Neural Networks.},
  volume = {23},
  year = {2012},
}

@Article{Wu:2007,
  author = {Xindong Wu and Vipin Kumar and J. {Ross Quinlan} and Joydeep Ghosh and Qiang Yang and Hiroshi Motoda and Geoffrey J. McLachlan and Angus Ng and Bing Liu and Philip S. Yu and Zhi-Hua Zhou and Michael Steinbach and David J. Hand and Dan Steinberg},
  title = {Top 10 Algorithms in Data Mining},
  journal = {Knowl. Inf. Syst.},
  volume = {14},
  number = {1},
  year = {2007},
  pages = {1--37},
  url = {https://doi.org/10.1007/s10115-007-0114-2},
}

@Article{Zhang1998,
  title = {Forecasting with Artificial Neural Networks:: The State of the Art},
  author = {Guoqiang Zhang and B. {Eddy Patuwo} and Michael {Y. Hu}},
  year = {1998},
  journal = {International Journal of Forecasting},
  volume = {14},
  number = {1},
  pages = {35-62},
  url = {https://doi.org/10.1016/S0169-2070(97)00044-7},
}
