@Article{bingham2004,
  title = {Diet and Cancer---The {E}uropean {P}rospective {I}nvestigation into {C}ancer and {N}utrition},
  author = {Sheila Bingham and Elio Riboli},
  journal = {Nature Reviews Cancer},
  volume = {4},
  number = {3},
  pages = {206--215},
  year = {2004},
  url = {https://doi.org/10.1038/nrc1298},
}

@Article{borgan2000,
  title = {Exposure Stratified Case--Cohort Designs},
  author = {{\O}rnulf Borgan and Bryan Langholz and Sven Ove Samuelsen and Larry Goldstein and Janice Pogoda},
  journal = {Lifetime Data Analysis},
  volume = {6},
  number = {1},
  pages = {39--58},
  year = {2000},
  url = {https://doi.org/10.1023/A:1009661900674},
}

@Article{breslow2009a,
  title = {Improved {H}orvitz--{T}hompson Estimation of Model Parameters from Two-Phase Stratified Samples: Applications in Epidemiology},
  author = {Norman E Breslow and Thomas Lumley and Christie M Ballantyne and Lloyd E Chambless and Michal Kulich},
  journal = {Statistics in Biosciences},
  volume = {1},
  number = {1},
  pages = {32--49},
  year = {2009},
  url = {https://doi.org/10.1007/s12561-009-9001-6},
}

@Article{breslow2009b,
  title = {Using the Whole Cohort in the Analysis of Case--Cohort Data},
  author = {Norman E Breslow and Thomas Lumley and Christie M Ballantyne and Lloyd E Chambless and Michal Kulich},
  journal = {American Journal of Epidemiology},
  volume = {169},
  number = {11},
  pages = {1398--1405},
  year = {2009},
  url = {https://doi.org/10.1093/aje/kwp055},
}

@Article{cologne2012,
  title = {Conventional Case--Cohort Design and Analysis for Studies of Interaction},
  author = {John Cologne and Dale L Preston and Kazue Imai and Munechika Misumi and Kengo Yoshida and Tomonori Hayashi and Kei Nakachi},
  journal = {International Journal of Epidemiology},
  volume = {41},
  number = {4},
  pages = {1174--1186},
  year = {2012},
  url = {https://doi.org/10.1093/ije/dys102},
}

@Article{cox1972,
  author = {David R Cox},
  journal = {Journal of the Royal Statistical Society B},
  number = {2},
  pages = {187-220},
  title = {Regression Models and Life-Tables},
  volume = {34},
  year = {1972},
  url = {https://www.jstor.org/stable/2985181},
}

@Article{danesh2007,
  year = {2007},
  journal = {European Journal of Epidemiology},
  volume = {22},
  number = {2},
  title = {{EPIC-H}eart: The Cardiovascular Component of a Prospective Study of Nutritional, Lifestyle and Biological Factors in 520,000 Middle-Aged Participants from 10 {E}uropean Countries},
  author = {John Danesh and Rodolfo Saracci and Göran Berglund and Edith Feskens and Kim Overvad and Salvatore Panico and Simon Thompson and Agnès Fournier and Françoise Clavel-Chapelon and Marianne Canonico and Rudolf Kaaks and Jakob Linseisen and Heiner Boeing and Tobias Pischon and Cornelia Weikert and Anja Olsen and Anne Tjønneland and Søren Paaske Johnsen and Majken Karoline Jensen and Jose R. Quirós and Carlos Alberto Gonzalez Svatetz and Maria-José Sánchez Pérez and Nerea Larrañaga and Carmen Navarro Sanchez and Concepción Moreno Iribas and Sheila Bingham and Kay-Tee Khaw and Nick Wareham and Timothy Key and Andrew Roddam and Antonia Trichopoulou and Vassiliki Benetou and Dimitrios Trichopoulos and Giovanna Masala and Sabina Sieri and Rosario Tumino and Carlotta Sacerdote and Amalia Mattiello and W. M. Monique Verschuren and H. Bas Bueno-de-Mesquita and Diederick E. Grobbee and Yvonne T. {van der Schouw} and Olle Melander and Göran Hallmans and Patrik Wennberg and Eiliv Lund and Merethe Kumle and Guri Skeie and Pietro Ferrari and Nadia Slimani and Teresa Norat and Elio Riboli},
  pages = {129-141},
  url = {https://doi.org/10.1007/s10654-006-9096-8},
}

@Article{dangio1989,
  author = {Giulio J. D'Angio and Norman Breslow and J. Bruce Beckwith and Audrey Evans and Edward Baum and Alfred Delorimier and Donald Fernbach and Ellen Hrabovsky and Barbara Jones and Panayotis Kelalis and H. Biemann Othersen and Melvin Tefft and Patrick R. M. Thomas},
  title = {Treatment of {W}ilms' Tumor: Results of the Third {N}ational {W}ilms' {T}umor {S}tudy},
  journal = {Cancer},
  volume = {64},
  number = {2},
  pages = {349--360},
  year = {1989},
  url = {https://doi.org/10.1002/1097-0142(19890715)64:2<349::AID-CNCR2820640202>3.0.CO;2-Q},
}

@Article{godambe1960,
  author = {V. P. Godambe},
  journal = {The Annals of Mathematical Statistics},
  number = {4},
  pages = {1208-1211},
  title = {An Optimum Property of Regular Maximum Likelihood Estimation},
  volume = {31},
  year = {1960},
  url = {https://doi.org/10.1214/aoms/1177705693},
}

@Article{godambe1976,
  author = {V. P. Godambe},
  journal = {Biometrika},
  number = {2},
  pages = {277-284},
  title = {Conditional Likelihood and Unconditional Optimum Estimating Equations},
  volume = {63},
  year = {1976},
  url = {https://doi.org/10.1093/biomet/63.2.277},
}

@Article{gray2009,
  title = {Weighted Analyses for Cohort Sampling Designs},
  author = {Robert J Gray},
  number = {1},
  volume = {15},
  year = {2009},
  journal = {Lifetime Data Analysis},
  pages = {24-40},
  url = {https://doi.org/10.1007/s10985-008-9095-z},
}

@Article{green1998,
  title = {Comparison between Single-Dose and Divided-Dose Administration of Dactinomycin and Doxorubicin for Patients with {W}ilms' Tumor: a Report from the {N}ational {W}ilms' {T}umor {S}tudy {G}roup},
  author = {D M Green and N E Breslow and J B Beckwith and J Z Finklestein and P E Grundym and P R Thomas and T Kim and S J Shochat and G M Haase and M L Ritchey and P P Kelalis and G J D'Angio},
  journal = {Journal of Clinical Oncology},
  volume = {16},
  number = {1},
  pages = {237--256},
  year = {1998},
  url = {https://doi.org/10.1200/JCO.1998.16.1.237},
}

@Article{huxley2013,
  author = {Rachel R. Huxley and Faye L. Lopez and Richard F. MacLehose and John H. Eckfeldt and David Couper and Catherine Leiendecker-Foster and Ron C. Hoogeveen and Lin Yee Chen and Elsayed Z. Soliman and Sunil K. Agarwal and Alvaro Alonso},
  journal = {PLOS One},
  publisher = {Public Library of Science},
  title = {Novel Association between Plasma Matrix Metalloproteinase-9 and Risk of Incident Atrial Fibrillation in a Case-Cohort Study: {T}he {A}therosclerosis {R}isk in {C}ommunities Study},
  year = {2013},
  volume = {8},
  url = {https://doi.org/10.1371/journal.pone.0059052},
  pages = {1-8},
  number = {3},
}

@Article{interact2011,
  title = {Design and Cohort Description of the InterAct Project: An Examination of the Interaction of Genetic and Lifestyle Factors on the Incidence of Type 2 Diabetes in the {EPIC} Study},
  author = {{InterAct Consortium}},
  journal = {Diabetologia},
  volume = {54},
  number = {9},
  pages = {2272--2282},
  year = {2011},
  url = {https://doi.org/10.1007/s00125-011-2182-9},
}

@PhdThesis{jiao2001,
  author = {Jenny Jiao},
  title = {Comparison of Variance Estimators in Case--Cohort Studies},
  school = {University of Southern California},
  year = {2001},
  url = {http://digitallibrary.usc.edu/cdm/ref/collection/p15799coll16/id/242761},
}

@Article{jones2015,
  title = {A Method Making Fewer Assumptions Gave the Most Reliable Estimates of Exposure--Outcome Associations in Stratified Case--Cohort Studies},
  author = {Edmund Jones and Michael J. Sweeting and Stephen J. Sharp and Simon G. Thompson},
  journal = {Journal of Clinical Epidemiology},
  volume = {68},
  number = {12},
  pages = {1397--1405},
  year = {2015},
  url = {https://doi.org/10.1016/j.jclinepi.2015.04.007},
}

@Article{juraschek2013,
  author = {Stephen P. Juraschek and Ghanshyam Palamaner Subash Shantha and Audrey Y. Chu and Edgar R. {Miller III} and Eliseo Guallar and Ron C. Hoogeveen and Christie M. Ballantyne and Frederick L. Brancati and Maria Inês Schmidt and James S. Pankow and J. Hunter Young},
  journal = {PLOS One},
  publisher = {Public Library of Science},
  title = {Lactate and Risk of Incident Diabetes in a Case-Cohort of the {A}therosclerosis {R}isk in {C}ommunities ({ARIC}) Study},
  year = {2013},
  volume = {8},
  url = {https://doi.org/10.1371/journal.pone.0055113},
  pages = {1-7},
  number = {1},
}

@Article{katki2008,
  author = {Hormuzd A. Katki and Steven D. Mark},
  title = {Survival Analysis for Cohorts with Missing Covariate Information},
  journal = {R News},
  year = {2008},
  volume = {8},
  pages = {14-19},
  number = {1},
  url = {https://www.r-project.org/doc/Rnews/Rnews_2008-1.pdf\#section*.31},
}

@Article{kim2013,
  author = {Jane Paik Kim and Wenbin Lu and Tony Sit and Zhiliang Ying},
  title = {A Unified Approach to Semiparametric Transformation Models Under General Biased Sampling Schemes},
  journal = {Journal of the American Statistical Association},
  volume = {108},
  number = {501},
  pages = {217-227},
  year = {2013},
  url = {https://doi.org/10.1080/01621459.2012.746073},
}

@Article{kulich2004,
  title = {Improving the Efficiency of Relative-Risk Estimation in Case--Cohort Studies},
  author = {Michal Kulich and DY Lin},
  journal = {Journal of the American Statistical Association},
  volume = {99},
  number = {467},
  pages = {832--844},
  year = {2004},
  url = {https://doi.org/10.1198/016214504000000584},
}

@Article{lamb2013,
  author = {Molly M. Lamb and Melissa D. Simpson and Jennifer Seifert and Fraser W. Scott and Marian Rewers and Jill M. Norris},
  journal = {PLOS One},
  publisher = {Public Library of Science},
  title = {The Association between {IgG4} Antibodies to Dietary Factors, Islet Autoimmunity and Type 1 Diabetes: The Diabetes Autoimmunity Study in the Young},
  year = {2013},
  volume = {8},
  url = {https://doi.org/10.1371/journal.pone.0057936},
  pages = {1-7},
  number = {2},
}

@Article{langholz2007,
  title = {Computational Methods for Case--Cohort Studies},
  author = {Bryan Langholz and Jenny Jiao},
  journal = {Computational Statistics \& Data Analysis},
  volume = {51},
  number = {8},
  pages = {3737--3748},
  year = {2007},
  url = {https://doi.org/10.1016/j.csda.2006.12.028},
}

@Misc{langholzWebsite,
  title = {Case--Cohort Computation},
  author = {Bryan Langholz and Jenny Jiao},
  year = {2007},
  howpublished = {\url{http://web.archive.org/web/20100720003853/http://hydra.usc.edu/timefactors/Examples/Case-cohort\%20computational\%20methods/Case-cohort\%20computation.html}},
}

@Article{lindsay1982,
  author = {Bruce Lindsay},
  journal = {Biometrika},
  number = {3},
  pages = {503-512},
  title = {Conditional Score Functions: Some Optimality Results},
  volume = {69},
  year = {1982},
  url = {https://doi.org/10.1093/biomet/69.3.503},
}

@Article{liu2012,
  author = {Dandan Liu and Tianxi Cai and Yingye Zheng},
  title = {Evaluating the Predictive Value of Biomarkers with Stratified Case-Cohort Design},
  journal = {Biometrics},
  volume = {68},
  number = {4},
  url = {https://doi.org/10.1111/j.1541-0420.2012.01787.x},
  pages = {1219--1227},
  year = {2012},
}

@Article{lumley2004,
  year = {2004},
  author = {Thomas Lumley},
  title = {Analysis of Complex Survey Samples},
  journal = {Journal of Statistical Software},
  volume = {9},
  number = {8},
  pages = {1-19},
  url = {https://doi.org/10.18637/jss.v009.i08},
}

@Manual{lumley2017b,
  year = {2017},
  author = {Thomas Lumley},
  title = {Two-Phase Designs in Epidemiology},
  url = {https://cran.r-project.org/web/packages/survey/vignettes/epi.pdf},
}

@Article{mark2006,
  author = {Steven D. Mark and Hormuzd A. Katki},
  title = {Specifying and Implementing Nonparametric and Semiparametric Survival Estimators in Two-Stage (Nested) Cohort Studies With Missing Case Data},
  journal = {Journal of the American Statistical Association},
  volume = {101},
  number = {474},
  pages = {460-471},
  year = {2006},
  url = {https://doi.org/10.1198/016214505000000952},
}

@Article{payne2016,
  author = {Rebecca Payne and Matey Neykov and Majken Karoline Jensen and Tianxi Cai},
  title = {Kernel Machine Testing for Risk Prediction with Stratified Case Cohort Studies},
  journal = {Biometrics},
  volume = {72},
  number = {2},
  url = {https://doi.org/10.1111/biom.12452},
  pages = {372--381},
  year = {2016},
}

@Article{prentice1986,
  title = {A Case--Cohort Design for Epidemiologic Cohort Studies and Disease Prevention Trials},
  author = {Ross L Prentice},
  journal = {Biometrika},
  volume = {73},
  number = {1},
  pages = {1--11},
  year = {1986},
  url = {https://doi.org/10.1093/biomet/73.1.1},
}

@TechReport{samuelsen2006,
  title = {Stratified Case--Cohort Analysis of General Cohort Sampling Designs},
  author = {Sven Ove Samuelsen and Hallvard Ånestad and Anders Skrondal},
  institution = {Department of Mathematics, University of Oslo},
  year = {2006},
  url = {https://www.duo.uio.no/handle/10852/10351},
}

@Article{samuelsen2007,
  title = {Stratified Case--Cohort Analysis of General Cohort Sampling Designs},
  author = {Sven Ove Samuelsen and Hallvard Ånestad and Anders Skrondal},
  journal = {Scandinavian Journal of Statistics},
  volume = {34},
  number = {1},
  pages = {103--119},
  year = {2007},
  url = {https://doi.org/10.1111/j.1467-9469.2006.00552.x},
}

@Article{severini2011,
  author = {Thomas A. Severini},
  journal = {Statistica Sinica},
  number = {1},
  pages = {433-447},
  title = {Frequency Properties of Inferences Based on an Integrated Likelihood Function},
  volume = {21},
  year = {2011},
  url = {https://www.jstor.org/stable/24309279},
}

@Article{sharp2014,
  title = {A Review of Published Analyses of Case--Cohort Studies and Recommendations for Future Reporting},
  author = {Stephen J Sharp and Manon Poulaliou and Simon G Thompson and Ian R White and Angela M Wood},
  journal = {PLOS One},
  year = {2014},
  volume = {9},
  number = {6},
  pages = {e101176},
  url = {https://doi.org/10.1371/journal.pone.0101176},
}

@Article{therneau1999,
  title = {Computing the {C}ox Model for Case--Cohort Designs},
  author = {Terry M Therneau and Hongzhe Li},
  journal = {Lifetime Data Analysis},
  volume = {5},
  number = {2},
  pages = {99--112},
  year = {1999},
  url = {https://doi.org/10.1023/A:1009691327335},
}

@Article{yan2017,
  author = {Ying Yan and Haibo Zhou and Jianwen Cai},
  title = {Improving Efficiency of Parameter Estimation in Case-Cohort Studies with Multivariate Failure Time Data},
  journal = {Biometrics},
  volume = {73},
  number = {3},
  url = {https://doi.org/10.1111/biom.12657},
  pages = {1042--1052},
  year = {2017},
}

@Article{zeng2007,
  author = {D. Zeng and D. Y. Lin},
  title = {Maximum Likelihood Estimation in Semiparametric Regression Models with Censored Data},
  journal = {Journal of the Royal Statistical Society B},
  volume = {69},
  number = {4},
  url = {https://doi.org/10.1111/j.1369-7412.2007.00606.x},
  pages = {507--564},
  year = {2007},
}

@Manual{cchsPackage,
  title = {{cchs}: Cox Model for Case--Cohort Data with Stratified Subcohort-Selection},
  author = {E. Jones},
  year = {2017},
  note = {{R} package version 0.4.0},
  url = {https://cran.r-project.org/package=cchs},
}

@Manual{lumley2017a,
  author = {Thomas Lumley},
  year = {2017},
  title = {{survey}: {A}nalysis of Complex Survey Samples},
  note = {{R} package version 3.32-1},
  url = {https://cran.r-project.org/package=survey},
}

@Book{survival-book,
  title = {Modeling Survival Data: Extending the {C}ox Model},
  author = {Terry M Therneau and Patricia M Grambsch},
  year = {2000},
  publisher = {Springer-Verlag},
  address = {New York},
}

@Manual{survival-package,
  title = {{survival}: {A} Package for Survival Analysis in {S}},
  author = {Terry M Therneau},
  year = {2017},
  note = {{R} package version 2.41-3},
  url = {https://cran.r-project.org/package=survival},
}

@Manual{sas,
  author = {{SAS Institute Inc.}},
  title = {{SAS} Software, Version~8},
  year = {1999},
  address = {Cary, NC},
  url = {http://www.sas.com/},
}

@Manual{splus,
  author = {{Tibco Software Inc.}},
  title = {S-{P}lus Software, Version~8},
  year = {2007},
  address = {Palo Alto, CA},
  url = {http://www.tibco.com/},
}

@Book{rubin-book,
  title = {Multiple Imputation for Nonresponse in Surveys},
  author = {Donald B. Rubin},
  year = {1987},
  publisher = {John Wiley \& Sons},
  address = {New York},
  url = {https://doi.org/10.1002/9780470316696},
}

@Article{schafer1999,
  author = {Joseph L. Schafer},
  title = {Multiple Imputation: a Primer},
  journal = {Statistical Methods in Medical Research},
  volume = {8},
  number = {1},
  url = {https://doi.org/10.1177/096228029900800102},
  pages = {3--15},
  year = {1999},
}
