@Article{dabrowska1989uniform,
  title = {Uniform Consistency of the Kernel Conditional Kaplan-Meier Estimate},
  author = {Dorota M Dabrowska},
  journal = {The Annals of Statistics},
  pages = {1157--1167},
  year = {1989},
  publisher = {JSTOR},
  url = {https://doi.org/10.1214/aos/1176347261},
}

@Misc{martin2016manifoldoptim,
  title = {ManifoldOptim: An R Interface to the ROPTLIB Library for Riemannian Manifold Optimization},
  author = {Sean Martin and Andrew M Raim and Wen Huang and Kofi P Adragni},
  year = {2016},
  eprint = {arXiv:1612.03930},
  url = {https://arxiv.org/abs/1612.03930},
}

@Article{edelman1998geometry,
  title = {The Geometry of Algorithms with Orthogonality Constraints},
  author = {Alan Edelman and Tomás A Arias and Steven T Smith},
  journal = {SIAM journal on Matrix Analysis and Applications},
  volume = {20},
  number = {2},
  pages = {303--353},
  year = {1998},
  publisher = {SIAM},
  url = {https://doi.org/10.1137/s0895479895290954},
}

@Misc{zhao2017efficient,
  author = {Ge Zhao and Yanyuan Ma and Wenbin Lu},
  title = {Efficient Estimation for Dimension Reduction with Censored Data},
  year = {2017},
  eprint = {arXiv:1710.05377},
  url = {https://arxiv.org/abs/1710.05377},
}

@Article{wen2013feasible,
  url = {https://doi.org/10.1007/s10107-012-0584-1},
  year = {2012},
  publisher = {Springer-Verlag},
  volume = {142},
  number = {1-2},
  pages = {397--434},
  author = {Zaiwen Wen and Wotao Yin},
  title = {A Feasible Method for Optimization with Orthogonality Constraints},
  journal = {Mathematical Programming},
}

@InCollection{jolliffe1986principal,
  url = {https://doi.org/10.1007/978-1-4757-1904-8_7},
  year = {1986},
  publisher = {Springer-Verlag},
  pages = {115--128},
  author = {I. T. Jolliffe},
  title = {Principal Component Analysis and Factor Analysis},
  booktitle = {Principal Component Analysis},
}

@Article{li1991sliced,
  url = {https://doi.org/10.2307/2290563},
  year = {1991},
  publisher = {{JSTOR}},
  volume = {86},
  number = {414},
  pages = {316--327},
  author = {Ker-Chau Li},
  title = {Sliced Inverse Regression for Dimension Reduction},
  journal = {Journal of the American Statistical Association},
}

@Book{cook2009regression,
  title = {Regression Graphics: Ideas for Studying Regressions through Graphics},
  author = {R Dennis Cook},
  volume = {482},
  year = {2009},
  publisher = {John Wiley \& Sons},
}

@Article{zeng2010integral,
  url = {https://doi.org/10.1016/j.jmva.2009.08.004},
  year = {2010},
  publisher = {Elsevier {BV}},
  volume = {101},
  number = {1},
  pages = {271--290},
  author = {Peng Zeng and Yu Zhu},
  title = {An Integral Transform Method for Estimating the Central Mean and Central Subspaces},
  journal = {Journal of Multivariate Analysis},
}

@Article{cook1991discussion,
  url = {https://doi.org/10.2307/2290564},
  year = {1991},
  publisher = {{JSTOR}},
  volume = {86},
  number = {414},
  pages = {328},
  author = {R. Dennis Cook and Sanford Weisberg},
  title = {Discussion of `Sliced Inverse Regression for Dimension Reduction'},
  journal = {Journal of the American Statistical Association},
}

@Article{cook1999dimension,
  url = {https://doi.org/10.1080/01621459.1999.10473873},
  year = {1999},
  publisher = {Informa {UK} Limited},
  volume = {94},
  number = {448},
  pages = {1187--1200},
  author = {R. Dennis Cook and Hakbae Lee},
  title = {Dimension Reduction in Binary Response Regression},
  journal = {Journal of the American Statistical Association},
}

@Article{cook2010envelope,
  title = {Envelope Models for Parsimonious and Efficient Multivariate Linear Regression},
  author = {R Dennis Cook and Bing Li and Francesca Chiaromonte},
  journal = {Statistica Sinica},
  pages = {927--960},
  year = {2010},
  publisher = {JSTOR},
}

@Article{li2007directional,
  title = {On Directional Regression for Dimension Reduction},
  author = {Bing Li and Shaoli Wang},
  journal = {Journal of the American Statistical Association},
  volume = {102},
  number = {479},
  pages = {997--1008},
  year = {2007},
  publisher = {Taylor \& Francis},
  url = {https://doi.org/10.1198/016214507000000536},
}

@Article{chiaromonte2002sufficient,
  url = {https://doi.org/10.1214/aos/1021379862},
  year = {2002},
  publisher = {Institute of Mathematical Statistics},
  volume = {30},
  number = {2},
  pages = {475--497},
  author = {Francesca Chiaromonte and R. Dennis Cook and Bing Li},
  title = {Sufficient Dimensions Reduction in Regressions with Categorical Predictors},
  journal = {The Annals of Statistics},
}

@Article{xia2002adaptive,
  title = {An Adaptive Estimation of Dimension Reduction Space},
  author = {Yingcun Xia and Howell Tong and WK Li and Li-Xing Zhu},
  journal = {Journal of the Royal Statistical Society B},
  volume = {64},
  number = {3},
  pages = {363--410},
  year = {2002},
  publisher = {John Wiley \& Sons},
}

@Article{xia2007constructive,
  title = {A Constructive Approach to the Estimation of Dimension Reduction Directions},
  author = {Yingcun Xia},
  journal = {The Annals of Statistics},
  pages = {2654--2690},
  year = {2007},
  publisher = {JSTOR},
  url = {https://doi.org/10.1214/009053607000000352},
}

@Article{li2009dimension,
  title = {Dimension Reduction for Nonelliptically Distributed Predictors},
  author = {Bing Li and Yuexiao Dong},
  journal = {The Annals of Statistics},
  pages = {1272--1298},
  year = {2009},
  publisher = {JSTOR},
  url = {https://doi.org/10.1214/08-aos598},
}

@Article{lee2013general,
  title = {A General Theory for Nonlinear Sufficient Dimension Reduction: Formulation and Estimation},
  author = {Kuang-Yao Lee and Bing Li and Francesca Chiaromonte and {others}},
  journal = {The Annals of Statistics},
  volume = {41},
  number = {1},
  pages = {221--249},
  year = {2013},
  publisher = {Institute of Mathematical Statistics},
  url = {https://doi.org/10.1214/12-aos1071},
}

@Article{ma2012semiparametric,
  title = {A Semiparametric Approach to Dimension Reduction},
  author = {Yanyuan Ma and Liping Zhu},
  journal = {Journal of the American Statistical Association},
  volume = {107},
  number = {497},
  pages = {168--179},
  year = {2012},
  publisher = {Taylor \& Francis Group},
  url = {https://doi.org/10.1080/01621459.2011.646925},
}

@Article{ma2012efficiency,
  title = {Efficiency Loss Caused by Linearity Condition in Dimension Reduction},
  author = {Yanyuan Ma and Liping Zhu},
  journal = {Biometrika},
  volume = {99},
  number = {1},
  pages = {1--13},
  year = {2012},
  url = {https://doi.org/10.1093/biomet/ass075},
}

@Article{ma2013efficient,
  title = {Efficient Estimation in Sufficient Dimension Reduction},
  author = {Yanyuan Ma and Liping Zhu},
  journal = {Annals of statistics},
  volume = {41},
  number = {1},
  pages = {250},
  year = {2013},
  publisher = {NIH Public Access},
  url = {https://doi.org/10.1214/12-aos1072},
}

@Article{cook2014fused,
  url = {https://doi.org/10.1080/01621459.2013.866563},
  year = {2014},
  publisher = {Informa {UK} Limited},
  volume = {109},
  number = {506},
  pages = {815--827},
  author = {R. Dennis Cook and Xin Zhang},
  title = {Fused Estimators of the Central Subspace in Sufficient Dimension Reduction},
  journal = {Journal of the American Statistical Association},
}

@Article{li2017parsimonious,
  title = {Parsimonious Tensor Response Regression},
  author = {Lexin Li and Xin Zhang},
  journal = {Journal of the American Statistical Association},
  pages = {1--16},
  year = {2017},
  publisher = {Taylor \& Francis},
  url = {https://doi.org/10.1080/01621459.2016.1193022},
}

@Article{zhu2010dimension,
  title = {Dimension Reduction in Regressions through Cumulative Slicing Estimation},
  author = {Li-Ping Zhu and Li-Xing Zhu and Zheng-Hui Feng},
  journal = {Journal of the American Statistical Association},
  volume = {105},
  number = {492},
  pages = {1455--1466},
  year = {2010},
  publisher = {Taylor \& Francis},
  url = {https://doi.org/10.1198/jasa.2010.tm09666},
}

@Article{zhu2006sliced,
  title = {On Sliced Inverse Regression with High-Dimensional Covariates},
  author = {Lixing Zhu and Baiqi Miao and Heng Peng},
  journal = {Journal of the American Statistical Association},
  volume = {101},
  number = {474},
  pages = {630--643},
  year = {2006},
  publisher = {Taylor \& Francis},
  url = {https://doi.org/10.1198/016214505000001285},
}

@Article{zhu2010sufficient,
  title = {Sufficient Dimension Reduction through Discretization-Expectation Estimation},
  author = {Liping Zhu and Tao Wang and Lixing Zhu and Louis Ferré},
  journal = {Biometrika},
  volume = {97},
  number = {2},
  pages = {295--304},
  year = {2010},
  publisher = {Oxford University Press},
  url = {https://doi.org/10.1093/biomet/asq018},
}

@Article{yin2002dimension,
  title = {Dimension Reduction for the Conditional Kth Moment in Regression},
  author = {Xiangrong Yin and R Dennis Cook},
  journal = {Journal of the Royal Statistical Society B},
  volume = {64},
  number = {2},
  pages = {159--175},
  year = {2002},
  publisher = {John Wiley \& Sons},
  url = {https://doi.org/10.1111/1467-9868.00330},
}

@Article{dong2010dimension,
  title = {Dimension Reduction for Non-Elliptically Distributed Predictors: Second-Order Methods},
  author = {Yuexiao Dong and Bing Li},
  journal = {Biometrika},
  volume = {97},
  number = {2},
  pages = {279--294},
  year = {2010},
  publisher = {Oxford University Press},
  url = {https://doi.org/10.1093/biomet/asq016},
}

@Article{ma2013review,
  title = {A Review on Dimension Reduction},
  author = {Yanyuan Ma and Liping Zhu},
  journal = {International Statistical Review},
  volume = {81},
  number = {1},
  pages = {134--150},
  year = {2013},
  publisher = {John Wiley \& Sons},
  url = {https://doi.org/10.1111/j.1751-5823.2012.00182.x},
}

@Misc{sun2017counting,
  author = {Qiang Sun and Ruoqing Zhu and Tao Wang and Donglin Zeng},
  title = {Counting Process Based Dimension Reduction Methods for Censored Outcomes},
  year = {2017},
  eprint = {arXiv:1704.05046},
  url = {https://arxiv.org/abs/1704.05046},
}

@Article{hansen1982large,
  title = {Large Sample Properties of Generalized Method of Moments Estimators},
  author = {Lars Peter Hansen},
  journal = {Econometrica: Journal of the Econometric Society},
  pages = {1029--1054},
  year = {1982},
  publisher = {JSTOR},
  url = {https://doi.org/10.2307/1912775},
}

@Article{li1999dimension,
  title = {Dimension Reduction for Censored Regression Data},
  author = {Ker-Chau Li and Jane-Ling Wang and Chun-Houh Chen and {others}},
  journal = {The Annals of Statistics},
  volume = {27},
  number = {1},
  pages = {1--23},
  year = {1999},
  publisher = {Institute of Mathematical Statistics},
  url = {https://doi.org/10.1214/aos/1018031098},
}

@Article{xia2010dimension,
  title = {Dimension Reduction and Semiparametric Estimation of Survival Models},
  author = {Yingcun Xia and Dixin Zhang and Jinfeng Xu},
  journal = {Journal of the American Statistical Association},
  volume = {105},
  number = {489},
  pages = {278--290},
  year = {2010},
  publisher = {Taylor \& Francis},
  url = {https://doi.org/10.1198/jasa.2009.tm09372},
}

@Article{lu2011sufficient,
  title = {Sufficient Dimension Reduction for Censored Regressions},
  author = {Wenbin Lu and Lexin Li},
  journal = {Biometrics},
  volume = {67},
  number = {2},
  pages = {513--523},
  year = {2011},
  publisher = {John Wiley \& Sons},
  url = {https://doi.org/10.1111/j.1541-0420.2010.01490.x},
}

@Article{xu2016estimating,
  title = {An Estimating Equation Approach to Dimension Reduction for Longitudinal Data},
  author = {Kelin Xu and Wensheng Guo and Momiao Xiong and Liping Zhu and Li Jin},
  journal = {Biometrika},
  volume = {103},
  number = {1},
  pages = {189--203},
  year = {2016},
  publisher = {Oxford University Press},
  url = {https://doi.org/10.1093/biomet/asv066},
}

@Article{ma2015validated,
  title = {A Validated Information Criterion to Determine the Structural Dimension in Dimension Reduction Models},
  author = {Yanyuan Ma and Xinyu Zhang},
  journal = {Biometrika},
  volume = {102},
  number = {2},
  pages = {409--420},
  year = {2015},
  publisher = {Oxford University Press},
  url = {https://doi.org/10.1093/biomet/asv004},
}

@Article{huang2017effective,
  title = {An Effective Semiparametric Estimation Approach for the Sufficient Dimension Reduction Model},
  author = {Ming-Yueh Huang and Chin-Tsang Chiang},
  journal = {Journal of the American Statistical Association},
  pages = {1--15},
  year = {2017},
  publisher = {Taylor \& Francis},
  url = {https://doi.org/10.1080/01621459.2016.1215987},
}

@Article{li2008sliced,
  title = {Sliced Inverse Regression with Regularizations},
  author = {Lexin Li and Xiangrong Yin},
  journal = {Biometrics},
  volume = {64},
  number = {1},
  pages = {124--131},
  year = {2008},
  publisher = {John Wiley \& Sons},
  url = {https://doi.org/10.1111/j.1541-0420.2007.00836.x},
}

@Article{wen2010alternating,
  title = {Alternating Direction Augmented Lagrangian Methods for Semidefinite Programming},
  author = {Zaiwen Wen and Donald Goldfarb and Wotao Yin},
  journal = {Mathematical Programming Computation},
  volume = {2},
  number = {3-4},
  pages = {203--230},
  year = {2010},
  publisher = {Springer-Verlag},
  url = {https://doi.org/10.1007/s12532-010-0017-1},
}

@Article{eddelbuettel2011Rcpp,
  title = {{Rcpp}: Seamless {R} and {C++} Integration},
  author = {Dirk Eddelbuettel and Romain François},
  journal = {Journal of Statistical Software},
  year = {2011},
  volume = {40},
  number = {8},
  pages = {1--18},
  url = {https://doi.org/10.18637/jss.v040.i08},
}

@Article{eddelbuettel2014RcppArmadillo,
  title = {RcppArmadillo: Accelerating R with High-Performance C++ Linear Algebra},
  author = {Dirk Eddelbuettel and Conrad Sanderson},
  journal = {Computational Statistics \& Data Analysis},
  year = {2014},
  volume = {71},
  pages = {1054--1063},
  url = {http://dx.doi.org/10.1016/j.csda.2013.02.005},
}

@InCollection{silverman2018density,
  url = {https://doi.org/10.1007/978-1-4899-3324-9_6},
  year = {1986},
  publisher = {Springer-Verlag},
  pages = {120--158},
  author = {B. W. Silverman},
  title = {Density Estimation in Action},
  booktitle = {Density Estimation for Statistics and Data Analysis},
}

@Article{huang2016roptlib,
  title = {ROPTLIB: An Object-Oriented C++ Library for Optimization on Riemannian Manifolds},
  url = {https://doi.org/10.1145/3218822},
  year = {2018},
  publisher = {Association for Computing Machinery ({ACM})},
  volume = {44},
  number = {4},
  pages = {1--21},
  author = {Wen Huang and P.-A. Absil and Kyle A. Gallivan and Paul Hand},
  journal = {{ACM} Transactions on Mathematical Software},
}

@Article{yeh1998modeling,
  title = {Modeling of Strength of High-Performance Concrete Using Artificial Neural Networks},
  author = {I-C Yeh},
  journal = {Cement and Concrete research},
  volume = {28},
  number = {12},
  pages = {1797--1808},
  year = {1998},
  publisher = {Elsevier},
  url = {https://doi.org/10.1016/s0008-8846(98)00165-3},
}

@Misc{zhou2018dimension,
  title = {A Dimension Reduction Framework for Personalized Dose Finding},
  author = {Wenzhuo Zhou and Ruoqing Zhu},
  year = {2018},
  eprint = {arXiv:1802.06156},
  url = {https://arxiv.org/abs/1802.06156},
}
