@article{eddelbuettel2011rcpp,
  title={Rcpp: Seamless R and C++ integration},
  author={Eddelbuettel, Dirk and Fran{\c{c}}ois, Romain and Allaire, J and Ushey, Kevin and Kou, Qiang and Russel, N and Chambers, John and Bates, D},
  journal={Journal of Statistical Software},
  volume={40},
  number={8},
  pages={1--18},
  year={2011},
  url={https://doi.org/10.18637/jss.v040.i08}
}

@article{lee2015strong,
  title={Strong rules for nonconvex penalties and their implications for efficient algorithms in high-dimensional regression},
  author={Lee, Sangin and Breheny, Patrick},
  journal={Journal of Computational and Graphical Statistics},
  volume={24},
  number={4},
  pages={1074--1091},
  year={2015},
  url={https://doi.org/10.1080/10618600.2014.975231}
}

@article{wang2009shrinkage,
  title={Shrinkage tuning parameter selection with a diverging number of parameters},
  author={Wang, Hansheng and Li, Bo and Leng, Chenlei},
  journal={Journal of the Royal Statistical Society: Series B (Statistical Methodology)},
  volume={71},
  number={3},
  pages={671--683},
  year={2009},
  url={https://doi.org/10.1111/j.1467-9868.2008.00693.x}
}

@article{fan2013tuning,
  title={Tuning parameter selection in high dimensional penalized likelihood},
  author={Fan, Yingying and Tang, Cheng Yong},
  journal={Journal of the Royal Statistical Society: Series B (Statistical Methodology)},
  volume={75},
  number={3},
  pages={531--552},
  year={2013},
  url={https://doi.org/10.1111/rssb.12001}
}

@article{wang2007tuning,
  title={Tuning parameter selectors for the smoothly clipped absolute deviation method},
  author={Wang, Hansheng and Li, Runze and Tsai, Chih-Ling},
  journal={Biometrika},
  volume={94},
  number={3},
  pages={553--568},
  year={2007},
  url={https://doi.org/10.1093/biomet/asm053}
}

@article{friedman2012fast,
  title={Fast sparse regression and classification},
  author={Friedman, J.},
  journal={International Journal of Forecasting},
  volume={28},
  number={3},
  pages={722--738},
  year={2012},
  url={https://doi.org/10.1016/j.ijforecast.2012.05.001}
}

@article{zhang2012general,
  title={A general theory of concave regularization for high-dimensional sparse estimation problems},
  author={Zhang, C.-H. and Zhang, T.},
  journal={Statistical Science},
  pages={576--593},
  year={2012},
  url={https://doi.org/10.1214/12-STS399}
}

@article{kwon2012large,
  title={Large sample properties of the SCAD-penalized maximum likelihood estimation on high dimensions},
  author={Kwon, S. and Kim, Y.},
  journal={Statistica Sinica},
  pages={629--653},
  year={2012},
  url={https://doi.org/10.5705/ss.2010.027}
}
@article{kim2012global,
  title={Global optimality of nonconvex penalized estimators},
  author={Kim, Y. and Kwon, S.},
  journal={Biometrika},
  volume={99},
  number={2},
  pages={315--325},
  year={2012},
  url={https://doi.org/10.1093/biomet/asr084}
}

@article{yuille:rangarajan:cccp:2003,
  author={Yuille, A. and Rangarajan, A.},
  title={The concave-convex procedure},
  journal={Neural Computation},
  year={2003},
  volume={15},
  number={},
  pages={915-936},
  url={https://doi.org/10.1162/08997660360581958}
}


@article{shen2013constrained,
  title={On constrained and regularized high-dimensional regression},
  author={Shen, Xiaotong and Pan, Wei and Zhu, Yunzhang and Zhou, Hui},
  journal={Annals of the Institute of Statistical Mathematics},
  volume={65},
  number={5},
  pages={807--832},
  year={2013},
  url={https://doi.org/10.1007/s10463-012-0396-3}
}

@article{lee2016modified,
  title={A modified local quadratic approximation algorithm for penalized optimization problems},
  author={Lee, Sangin and Kwon, Sunghoon and Kim, Yongdai},
  journal={Computational Statistics \& Data Analysis},
  volume={94},
  pages={275--286},
  year={2016},
  url={https://doi.org/10.1016/j.csda.2015.08.019}
}

@article{lee2015stand,
  title={A note on standardization in penalized regressions},
  author={Lee, Sangin},
  journal={Journal of the Korean Data and Information Science Society},
  volume={26},
  number={2},
  pages={505--516},
  year={2015},
  url={https://doi.org/10.7465/jkdi.2015.26.2.505}

}


@article{tseng2001convergence,
  title={Convergence of a block coordinate descent method for nondifferentiable minimization},
  author={Tseng, Paul},
  journal={Journal of optimization theory and applications},
  volume={109},
  number={3},
  pages={475--494},
  year={2001},
  url={https://doi.org/10.1023/A:1017501703105}
}

@article{kim2008smoothly,
  title={Smoothly clipped absolute deviation on high dimensions},
  author={Kim, Yongdai and Choi, Hosik and Oh, Hee-Seok},
  journal={Journal of the American Statistical Association},
  volume={103},
  number={484},
  pages={1665--1673},
  year={2008},
  url={https://doi.org/10.1198/016214508000001066}
}

@article{choi2013sparse,
  title={Sparse bridge estimation with a diverging number of parameters},
  author={Kwon, Sunghoon and Kim, Yongdai and Choi, Hosik },
  journal={Statistics and Its Interface},
  volume={6},
  number={2},
  pages={231--242},
  year={2013},
  url={https://doi.org/10.4310/SII.2013.V6.N2.A7}
}

@article{kwon2015moderately,
  title={Moderately clipped LASSO},
  author={Kwon, Sunghoon and Lee, Sangin and Kim, Yongdai},
  journal={Computational Statistics \& Data Analysis},
  volume={92},
  pages={53--67},
  year={2015},
  url={https://doi.org/10.1016/j.csda.2015.07.001}
}


@article{huang2008asymptotic,
  title={Asymptotic properties of bridge estimators in sparse high-dimensional regression models},
  author={Huang, Jian and Horowitz, Joel L and Ma, Shuangge},
  journal={Annals of Statistics},
  volume={},
  pages={587--613},
  year={2008},
  url={https://doi.org/10.1214/009053607000000875}
}

@article{zou2008one,
  title={One-step sparse estimates in nonconcave penalized likelihood models},
  author={Zou, Hui and Li, Runze},
  journal={Annals of Statistics},
  volume={36},
  number={4},
  pages={1509},
  year={2008},
  url={https://doi.org/10.1214/009053607000000802}
}

@article{shen2012likelihood,
  title={Likelihood-based selection and sharp parameter estimation},
  author={Shen, Xiaotong and Pan, Wei and Zhu, Yunzhang},
  journal={Journal of the American Statistical Association},
  volume={107},
  number={497},
  pages={223--232},
  year={2012},
  url={https://doi.org/10.1080/01621459.2011.645783}
}

@article{wang2013calibrating,
  title={Calibrating non-convex penalized regression in ultra-high dimension},
  author={Wang, Lan and Kim, Yongdai and Li, Runze},
  journal={Annals of Statistics},
  volume={41},
  number={5},
  pages={2505},
  year={2013},
  url={https://doi.org/10.1214/13-AOS1159}
}

@article{zou2005regularization,
  title={Regularization and variable selection via the elastic net},
  author={Zou, Hui and Hastie, Trevor},
  journal={Journal of the Royal Statistical Society: Series B (Statistical Methodology)},
  volume={67},
  number={2},
  pages={301--320},
  year={2005},
  url={https://doi.org/10.1111/j.1467-9868.2005.00503.x}
}

@article{huang2013balancing,
  title={The Mnet method for variable selection},
  author={Huang, Jian and Breheny, Patrick and Lee, Sangin and Ma, Shuangge and Zhang, Cun-Hui},
  journal={Statistica Sinica},
  pages={903--923},
  year={2016},
  publisher={JSTOR},
  url={}
}


@article{jiang2014majorization,
  title={Majorization minimization by coordinate descent for concave penalized generalized linear models},
  author={Jiang, Dingfeng and Huang, Jian},
  journal={Statistics and Computing},
  volume={24},
  number={5},
  pages={871--883},
  year={2014},
  publisher={Springer},
  url={https://doi.org/10.1007/s11222-013-9407-3}
}

@article{mazumder2011sparsenet,
  title={Sparsenet: Coordinate descent with nonconvex penalties},
  author={Mazumder, Rahul and Friedman, Jerome H and Hastie, Trevor},
  journal={Journal of the American Statistical Association},
  volume={106},
  number={495},
  pages={1125--1138},
  year={2011},
  publisher={Taylor \& Francis},
  url={https://doi.org/10.1198/jasa.2011.tm09738}
}

@article{huang2016mnet,
  title={The Mnet method for variable selection},
  author={Huang, Jian and Breheny, Patrick and Lee, Sangin and Ma, Shuangge and Zhang, C},
  journal={Statistica Sinica},
  volume={10},
  year={2016},
  url={https://doi.org/10.5705/ss.202014.0011}
}

@article{friedman2007pathwise,
  title={Pathwise coordinate optimization},
  author={Friedman, Jerome and Hastie, Trevor and H{\"o}fling, Holger and Tibshirani, Robert and others},
  journal={Annals of Applied Statistics},
  volume={1},
  number={2},
  pages={302--332},
  year={2007},
  publisher={Institute of Mathematical Statistics},
  url={https://doi.org/10.1214/07-AOAS131}
}

@article{park2007l1,
  title={L1-regularization path algorithm for generalized linear models},
  author={Park, Mee Young and Hastie, Trevor},
  journal={Journal of the Royal Statistical Society: Series B (Statistical Methodology)},
  volume={69},
  number={4},
  pages={659--677},
  year={2007},
  publisher={Wiley Online Library},
  url={https://doi.org/10.1111/j.1467-9868.2007.00607.x}
}

@article{tibshirani1996regression,
  title={Regression shrinkage and selection via the lasso},
  author={Tibshirani, Robert},
  journal={Journal of the Royal Statistical Society. Series B (Statistical Methodology)},
  pages={267--288},
  year={1996},
  publisher={JSTOR},
  url={https://doi.org/10.1111/j.2517-6161.1996.tb02080.x}
}

@article{breheny2011coordinate,
  title={Coordinate descent algorithms for nonconvex penalized regression, with applications to biological feature selection},
  author={Breheny, Patrick and Huang, Jian},
  journal={Annals of Applied Statistics},
  volume={5},
  number={1},
  pages={232},
  year={2011},
  url={https://doi.org/10.1214/10-AOAS388}
}

@article{breheny2014group,
  title={Group descent algorithms for nonconvex penalized linear and logistic regression models with grouped predictors},
  author={Breheny, Patrick and Huang, Jian},
  journal={Statistics and Computing},
  pages={1--15},
  year={2014},
  publisher={Springer}
}

@article{efron2004least,
  title={Least angle regression},
  author={Efron, Bradley and Hastie, Trevor and Johnstone, Iain and Tibshirani, Robert and others},
  journal={Annals of Statistics},
  volume={32},
  number={2},
  pages={407--499},
  year={2004},
  publisher={Institute of Mathematical Statistics},
  url={https://www.jstor.org/stable/3448465}
}

@article{tibshirani2012strong,
  title={Strong rules for discarding predictors in lasso-type problems},
  author={Tibshirani, Robert and Bien, Jacob and Friedman, Jerome and Hastie, Trevor and Simon, Noah and Taylor, Jonathan and Tibshirani, Ryan J},
  journal={Journal of the Royal Statistical Society. Series B (Statistical Methodology)},
  volume={74},
  number={2},
  pages={245--266},
  year={2012},
  publisher={Wiley Online Library}
}

@article{el2011safe,
  author = {El Ghaoui, Laurent and Viallon, Vivian and Rabbani, Tarek},
  title = {Safe feature elimination for the LASSO and sparse supervised learning
    problems},
  journal = {arXiv preprint arXiv:1009.4219},
  year={2011}
}

@article{fan2001variable,
  title={Variable selection via nonconcave penalized likelihood and its oracle properties},
  author={Fan, Jianqing and Li, Runze},
  journal={Journal of the American Statistical Association},
  volume={96},
  number={456},
  pages={1348--1360},
  year={2001},
  publisher={Taylor \& Francis},
  url={https://doi.org/10.1198/016214501753382273}
}



@article{fu1998penalized,
  title={Penalized regressions: the bridge versus the lasso},
  author={Fu, Wenjiang J},
  journal={J. Comput. Graph. Stat.},
  volume={7},
  number={3},
  pages={397--416},
  year={1998},
  publisher={Taylor \& Francis}
}


@article{friedman2010regularization,
  title={Regularization paths for generalized linear models via coordinate descent},
  author={Friedman, Jerome and Hastie, Trevor and Tibshirani, Rob},
  journal={Journal of Statistical Software},
  volume={33},
  number={1},
  pages={1},
  year={2010},
  url={https://doi.org/10.18637/JSS.V033.I01}
}

@article{zou2006adaptive,
  title={The adaptive lasso and its oracle properties},
  author={Zou, Hui},
  journal={Journal of the American Statistical Association},
  volume={101},
  number={476},
  pages={1418--1429},
  year={2006},
  url={https://doi.org/10.1198/016214506000000735}
}



@article{zhang2010nearly,
  author = {Zhang, C.H.},
  title = {Nearly unbiased variable selection under minimax concave penalty},
  journal = {Ann. Stat.},
  year = {2010},
  volume = {38},
  pages = {894--942},
  number = {2},
  url={https://doi.org/10.1214/09-AOS729}
}

@ARTICLE{Fan2008,
  author = {Fan, J. and Lv, J.},
  title = {Sure independence screening for ultrahigh dimensional feature space},
  journal = {J. Roy. Stat. Soc. B},
  year = {2008},
  volume = {70},
  pages = {849--911},
  number = {5},
  file = {:Fan2008.pdf:PDF},
  keywords = {HighDimensional},
  owner = {pbreheny},
  publisher = {Blackwell Publishing},
  timestamp = {2010.02.14}
}

@BOOK{Hastie2009,
  title = {The Elements of Statistical Learning: Data Mining, Inference, and
    Prediction},
  publisher = {Springer},
  year = {2009},
  author = {Hastie, Trevor and Tibshirani, Robert and Friedman, Jerome},
}

@ARTICLE{Shi2011,
  author = {Shi, Gang and Boerwinkle, Eric and Morrison, Alanna C. and Gu, C.
    Charles and Chakravarti, Aravinda and Rao, D.C.},
  title = {Mining gold dust under the genome wide significance level: a two-stage
    approach to analysis of GWAS},
  journal = {Genet. Epidemiol.},
  year = {2011},
  volume = {35},
  pages = {111--118},
  number = {2},
  doi = {10.1002/gepi.20556},
  file = {Shi2011.pdf:Shi2011.pdf:PDF},
  issn = {1098-2272},
  publisher = {Wiley Subscription Services, Inc., A Wiley Company},
  url = {http://dx.doi.org/10.1002/gepi.20556}
}

@ARTICLE{Wu2009,
  author = {Wu, T.T. and Chen, Y.F. and Hastie, T. and Sobel, E. and Lange, K.},
  title = {Genome-wide association analysis by lasso penalized logistic regression},
  journal = {Bioinformatics},
  year = {2009},
  volume = {25},
  pages = {714},
  number = {6},
  file = {:Wu2009.pdf:PDF},
  keywords = {Genetics; Association; PenalizedRegression;},
  owner = {pbreheny},
  publisher = {Oxford Univ Press},
  timestamp = {2010.02.13}
}

@ARTICLE{Wu2008,
  author = {Wu, T.T. and Lange, K.},
  title = {Coordinate descent algorithms for lasso penalized regression},
  journal = {Ann. Appl. Stat.},
  year = {2008},
  volume = {2},
  pages = {224--244},
  number = {1},
  file = {:Wu2008.pdf:PDF},
  keywords = {PenalizedRegression; Optimization},
  owner = {pbreheny},
  timestamp = {2010.02.14}
}

@ARTICLE{Zhao2012a,
  author = {Jingyuan Zhao and Zehua Chen},
  title = {A Two-Stage Penalized Logistic Regression Approach to Case-Control
    Genome-Wide Association Studies},
  journal = {J. Probab. Stat.},
  year = {2012},
  volume = {2012},
  pages = {1--15},
  timestamp = {2014.02.21}
}

@ARTICLE{Zhao2012,
  author = {Zhao, Linlu and Triche, Elizabeth and Walsh, Kyle and Bracken, Michael
    and Saftlas, Audrey and Hoh, Josephine and Dewan, Andrew},
  title = {Genome-wide association study identifies a maternal copy-number deletion
    in {PSG11} enriched among preeclampsia patients},
  journal = {BMC Preg. Childb.},
  year = {2012},
  volume = {12},
  pages = {61},
  number = {1},
  doi = {10.1186/1471-2393-12-61},
  file = {Zhao2012.pdf:Zhao2012.pdf:PDF},
  issn = {1471-2393},
  pubmedid = {22748001},
  timestamp = {2014.02.13},
  url = {http://www.biomedcentral.com/1471-2393/12/61}
}

@ARTICLE{Zhou2010a,
  author = {Zhou, H. and Sehl, M.E. and Sinsheimer, J.S. and Lange, K.},
  title = {Association screening of common and rare genetic variants by penalized
    regression},
  journal = {Bioinformatics},
  year = {2010},
  volume = {26},
  pages = {2375},
  number = {19},
  file = {Zhou2010a.pdf:Zhou2010a.pdf:PDF},
  publisher = {Oxford Univ Press},
}

@ARTICLE{Efron2004a,
  author = {Efron, B. and Hastie, T. and Johnstone, I. and Tibshirani, R.},
  title = {Least angle regression},
  journal = {Ann. Stat.},
  year = {2004},
  volume = {32},
  pages = {407--451},
  publisher = {Institute of Mathematical Statistics},
}

@article{yuan2006model,
  title={Model selection and estimation in regression with grouped variables},
  author={Yuan, Ming and Lin, Yi},
  journal={J. Roy. Stat. Soc. B},
  volume={68},
  number={1},
  pages={49--67},
  year={2006},
  publisher={Wiley Online Library}
}

@Article{Simon2011a,
  Title                    = {Standardization and the Group Lasso Penalty},
  Author                   = {Noah Simon and Robert Tibshirani},
  Journal                  = {Stat. Sinica},
  Year                     = {2011},
  Pages                    = {983-1001},
  Volume                   = {22},
}

@ARTICLE{Friedman2010,
  author = {Jerome H. Friedman and Trevor Hastie and Rob Tibshirani},
  title = {Regularization Paths for Generalized Linear Models via Coordinate
    Descent},
  journal = {J. Stat. Softw.},
  year = {2010},
  volume = {33},
  pages = {1--22},
  number = {1},
  month = {2},
  issn = {1548-7660},
}

@ARTICLE{Zhao2006,
  author = {Zhao, P. and Yu, B.},
  title = {On model selection consistency of Lasso},
  journal = {J. Mach. Learn. Res.},
  year = {2006},
  volume = {7},
  pages = {2541--2563},
}

@ARTICLE{Wang2009g,
  author = {Wang, Hansheng},
  title = {Forward Regression for Ultra-High Dimensional Variable Screening},
  journal = {J Am. Stat. Assoc.},
  year = {2009},
  volume = {104},
  pages = {1512-1524},
  number = {488},
  doi = {10.1198/jasa.2008.tm08516},
  eprint = { http://dx.doi.org/10.1198/jasa.2008.tm08516 },
  url = { http://dx.doi.org/10.1198/jasa.2008.tm08516}
}

@ARTICLE{Bach2008,
  author = {Bach, Francis R},
  title = {Consistency of the group lasso and multiple kernel learning},
  journal = {J. Mach. Learn. Res.},
  year = {2008},
  volume = {9},
  pages = {1179--1225},
}
