@article{rew_davis.1990.ieee-cga_10,
  author = {Russ Rew and Glenn Davis},
  title = {{NetCDF}: An Interface for Scientific Data Access},
  journal = {IEEE Computer Graphics and Applications},
  year = {1990},
  volume = {10},
  pages = {76-82},
  number = {4},
}

@manual{rew_etal.1997.netcdf_3,
  author = {Russ Rew and Glenn Davis and Steve Emmerson and Harvey Davies},
  title = {{NetCDF} User's Guide for {C}, an Interface for Data Access, Version 3},
  year = {1997},
}

@manual{rew_etal.2011.netcdf_413,
  author = {Russ Rew and Glenn Davis and Steve Emmerson and Harvey Davies and Ed Hartnett and Dennis Heimbigner},
  title = {The {NetCDF} Users Guide, Version 4.1.3},
  year = {2011},
  organization = {Unidata Program Center},
}

@manual{rew_etal.2011.netcdf-c_413,
  author = {Russ Rew and Glenn Davis and Steve Emmerson and Harvey Davies and Ed Hartnett},
  title = {The {NetCDF} Users Guide, Version 4.1.3},
  year = {2011},
  organization = {Unidata Program Center},
}

@manual{hartnett.2011.netcdf-tutorial_413,
  author = {Ed Hartnett},
  title = {The {NetCDF} Tutorial, Version 4.1.3},
  year = {2011},
  organization = {Unidata Program Center},
}

@manual{rew_etal.2006.netcdf-c_361,
  author = {Russ Rew and Glenn Davis and Steve Emmerson and Harvey Davies},
  title = {The {NetCDF C} Interface Guide, Version 3.6.1},
  year = {2006},
  organization = {Unidata Program Center},
}

@manual{rew_etal.2006.netcdf_361,
  author = {Russ Rew and Glenn Davis and Steve Emmerson and Harvey Davies and Ed Hartnett},
  title = {The {NetCDF} Users Guide, Version 3.6.1},
  year = {2006},
  organization = {Unidata Program Center},
}

@manual{eaton_etal.2011.cf_16,
  author = {Brian Eaton and Jonathan Gregory and Bob Drach and Karl Taylor and Steve Hankin},
  title = {{NetCDF} {C}limate and {F}orecast ({CF}) Metadata Conventions, Version 1.6},
  year = {2011},
}

@manual{michna.2012.pkg_rnetcdf,
  title = {RNetCDF: R Interface to NetCDF Datasets},
  author = {Pavel Michna},
  year = {2012},
  note = {R Package Version 1.6.1-2},
  url = {http://CRAN.R-project.org/package=RNetCDF},
}

@manual{pierce.2011.pkg_ncdf,
  title = {ncdf: Interface to Unidata netCDF data files},
  author = {David Pierce},
  year = {2011},
  note = {R Package Version 1.6.6},
  url = {http://CRAN.R-project.org/package=ncdf},
}

@manual{pierce.2013.pkg_ncdf4,
  title = {ncdf4: Interface to Unidata netCDF (version 4 or earlier) format data files},
  author = {David Pierce},
  year = {2013},
  note = {R Package Version 1.10},
  url = {http://CRAN.R-project.org/package=ncdf4},
}


