@article{brandt2017computation,
  title={Computation semantics of the functional scientific workflow language Cuneiform},
  author={Brandt, J{\"o}rgen and Reisig, Wolfgang and Leser, Ulf},
  journal={Journal of Functional Programming},
  volume={27},
  year={2017},
  publisher={Cambridge University Press}
}

@book{jones2003haskell,
  title={Haskell 98 language and libraries: the revised report},
  author={Jones, Simon Peyton},
  year={2003},
  publisher={Cambridge University Press}
}

@inproceedings{wadler1990comprehending,
  title={Comprehending monads},
  author={Wadler, Philip},
  booktitle={Proceedings of the 1990 ACM conference on LISP and functional programming},
  pages={61--78},
  year={1990}
}

@Manual{hadley2019,
    title = {evaluate: Parsing and Evaluation Tools that Provide More Details than the Default},
    author = {Hadley Wickham and Yihui Xie},
    year = {2019},
    note = {R package version 0.14},
    url = {https://CRAN.R-project.org/package=evaluate},
}

@article{fisher1936use,
  title={The use of multiple measurements in taxonomic problems},
  author={Fisher, Ronald A},
  journal={Annals of eugenics},
  volume={7},
  number={2},
  pages={179--188},
  year={1936},
  publisher={Wiley Online Library}
}

@article{anderson1936species,
  title={The species problem in Iris},
  author={Anderson, Edgar},
  journal={Annals of the Missouri Botanical Garden},
  volume={23},
  number={3},
  pages={457--509},
  year={1936},
  publisher={JSTOR}
}

@article{knuth1984literate,
  title={Literate programming},
  author={Knuth, Donald Ervin},
  journal={The Computer Journal},
  volume={27},
  number={2},
  pages={97--111},
  year={1984},
  publisher={Oxford University Press}
}

@article{mount2018dot,
  title={Dot-Pipe: an S3 Extensible Pipe for {R} },
  author={Mount, John and Zumel, Nina},
  journal={The R Journal},
  year={2018}
}

@book{stallman2002gnu,
  title={GNU Make: A Program for Directed Compilation},
  author={Stallman, Richard M and McGrath, Roland and Smith, P},
  year={2002},
  publisher={Free software foundation}
}

@Manual{drake,
  title = {drake: Data Frames in {R} for Make},
  author = {William Michael Landau},
  year = {2017},
  note = {R package version 4.4.0},
  url = {https://CRAN.R-project.org/package=drake},
}

@Book{knitr,                                                         
  title = {Dynamic Documents with {R} and knitr},                               
  author = {Yihui Xie},
  publisher = {Chapman and Hall/CRC},
  address = {Boca Raton, Florida},
  year = {2015},                    
  edition = {2nd},                                               
  note = {ISBN 978-1498716963},                                      
  url = {https://yihui.name/knitr/},                                     
}

@Article{igraph,
  title = {The igraph software package for complex network research},
  author = {Gabor Csardi and Tamas Nepusz},
  journal = {InterJournal},
  volume = {Complex Systems},
  pages = {1695},
  year = {2006},
  url = {http://igraph.org},
}

@Manual{assertr2017,
  title = {assertr: Assertive Programming for {R} Analysis Pipelines},
  author = {Tony Fischetti},
  year = {2017},
  note = {R package version 2.0.2.2},
  url = {https://CRAN.R-project.org/package=assertr},
}

@article{gehlenborg2013nozzle,
  title={Nozzle: a report generation toolkit for data analysis pipelines},
  author={Gehlenborg, Nils and Noble, Michael S and Getz, Gad and Chin, Lynda and Park, Peter J},
  journal={Bioinformatics},
  volume={29},
  number={8},
  pages={1089--1091},
  year={2013},
  publisher={Oxford University Press}
}

@inproceedings{wadler1995monads,
  title={Monads for functional programming},
  author={Wadler, Philip},
  booktitle={International School on Advanced Functional Programming},
  pages={24--52},
  year={1995},
  organization={Springer}
}

@article{koster2012snakemake,
  title={Snakemake—a scalable bioinformatics workflow engine},
  author={K{\"o}ster, Johannes and Rahmann, Sven},
  journal={Bioinformatics},
  volume={28},
  number={19},
  pages={2520--2522},
  year={2012},
  publisher={Oxford University Press}
}

@article{arendsee2014coming,
  title={Coming of age: orphan genes in plants},
  author={Arendsee, Zebulun W and Li, Ling and Wurtele, Eve Syrkin},
  journal={Trends in plant science},
  volume={19},
  number={11},
  pages={698--708},
  year={2014},
  publisher={Elsevier}
}


@online{crowdflower2017,
  author = {CrowdFlower},
  title = {Crowdﬂower data science report 2017},
  year = 2017,
  url = {https://visit.crowdflower.com/rs/416-ZBE-142/images/CrowdFlower_DataScienceReport.pdf},
  urldate = {2017-12-23}
}
@Manual{magrittr2014,
  title = {magrittr: A Forward-Pipe Operator for {R}},
  author = {Stefan Milton Bache and Hadley Wickham},
  year = {2014},
  note = {R package version 1.5},
  url = {https://CRAN.R-project.org/package=magrittr},
}
  
@Manual{pipeR2016,
    title = {pipeR: Multi-Paradigm Pipeline Implementation},
    author = {Kun Ren},
    year = {2016},
    note = {R package version 0.6.1.3},
    url = {https://CRAN.R-project.org/package=pipeR},
}

@article{arendsee2019fagin,
  title={fagin: synteny-based phylostratigraphy and finer classification of young genes},
  author={Arendsee, Zebulun and Li, Jing and Singh, Urminder and Bhandary, Priyanka and Seetharam, Arun and Wurtele, Eve Syrkin},
  journal={BMC bioinformatics},
  volume={20},
  number={1},
  pages={1--14},
  year={2019},
  publisher={BioMed Central}
}

@article{becker2019trackr,
  title={trackr: a framework for enhancing discoverability and reproducibility of data visualizations and other artifacts in {R} },
  author={Becker, Gabriel and Moore, Sara E and Lawrence, Michael},
  journal={Journal of Computational and Graphical Statistics},
  volume={28},
  number={3},
  pages={644--658},
  year={2019},
  publisher={Taylor \& Francis}
}

@Article{przemyslaw2017archivist,
    title = {{archivist}: An {R} Package for Managing, Recording and
      Restoring Data Analysis Results},
    author = {Przemyslaw Biecek and Marcin Kosinski},
    journal = {Journal of Statistical Software},
    year = {2017},
    volume = {82},
    number = {11},
  pages = {1--28},
  doi = {10.18637/jss.v082.i11},
}
  
@article{di2017nextflow,
  title={Nextflow enables reproducible computational workflows},
  author={Di Tommaso, Paolo and Chatzou, Maria and Floden, Evan W and Barja, Pablo Prieto and Palumbo, Emilio and Notredame, Cedric},
  journal={Nature biotechnology},
  volume={35},
  number={4},
  pages={316--319},
  year={2017},
  publisher={Nature Publishing Group}
}

@Manual{sevenbridges2020,
    title = {sevenbridges: Seven Bridges Platform API Client and Common Workflow Language
Tool Builder in R},
    author = {Nan Xiao and Tengfei Yin},
    year = {2020},
    note = {https://www.sevenbridges.com,
https://sbg.github.io/sevenbridges-r/,
https://github.com/sbg/sevenbridges-r},
  }
  
@article{Bengtsson2020AUF,
  title={A Unifying Framework for Parallel and Distributed Processing in {R} using Futures},
  author={Henrik Bengtsson},
  journal={ArXiv},
  year={2020},
  volume={abs/2008.00553}
}

@inproceedings{Amstutz2016CommonWL,
  title={Common Workflow Language, v1.0},
  author={P. Amstutz and Michael R. Crusoe and Nebojsa Tijanic and Brad Chapman and J. Chilton and M. Heuer and A. Kartashov and Dan Leehr and Herv{\'e} M{\'e}nager and Maya Nedeljkovich and M. Scales and Stian Soiland-Reyes and Luka Stojanovic},
  year={2016}
}

@Manual{tidycwl2020,
  title = {tidycwl: Tidy Common Workflow Language Tools and Workflows},
  author = {Soner Koc and Nan Xiao and Dennis Dean},
  year = {2020},
  note = {R package version 1.0.5},
  url = {https://CRAN.R-project.org/package=tidycwl},
}
  
@article{Silva2010ProvenanceEnabledDE,
  title={Provenance-Enabled Data Exploration and Visualization with VisTrails},
  author={Cl{\'a}udio T. Silva and J. Freire and Emanuele Santos and E. W. Anderson},
  journal={2010 23RD SIBGRAPI - Conference on Graphics, Patterns and Images Tutorials},
  year={2010},
  pages={1-9}
}

@article{Gentleman2007StatisticalAA,
  title={Statistical Analyses and Reproducible Research},
  author={R. Gentleman and Duncan Temple Lang},
  journal={Journal of Computational and Graphical Statistics},
  year={2007},
  volume={16},
  pages={1 - 23}
}

@article{Gelfond2018ASF,
  title={A System for an Accountable Data Analysis Process in {R} },
  author={J. Gelfond and M. Goros and Brian Hernandez and A. Bokov},
  journal={The R journal},
  year={2018},
  volume={10 1},
  pages={
          6-21
        }
}
