@Book{Tan:2005,
  title = {Introduction to Data Mining, (First Edition)},
  publisher = {Addison-Wesley Longman Publishing Co., Inc.},
  year = {2006},
  author = {Pang-Ning Tan and Michael Steinbach and Vipin Kumar},
  address = {Boston, MA, USA},
  isbn = {0321321367},
}

@InProceedings{arules:Brin+Motwani+Ullman+Tsur:1997,
  author = {Sergey Brin and Rajeev Motwani and Jeffrey D. Ullman and Shalom Tsur},
  title = {Dynamic Itemset Counting and Implication Rules for Market Basket Data},
  booktitle = {SIGMOD 1997, Proceedings ACM SIGMOD International Conference on Management of Data},
  year = {1997},
  pages = {255--264},
  address = {Tucson, Arizona, USA},
  url = {https://doi.org/10.1145/253262.253325},
}

@Article{hahsler:Hahsler2016c,
  author = {Michael Hahsler and Radoslaw Karpienko},
  title = {Visualizing Association Rules in Hierarchical Groups},
  journal = {Journal of Business Economics},
  year = {2016},
  pages = {1--19},
  url = {https://doi.org/10.1007/s11573-016-0822-8},
}

@Manual{arulesViz:Xie:2016,
  title = {DT: A Wrapper of the JavaScript Library 'DataTables'},
  author = {Yihui Xie},
  year = {2016},
  note = {R package version 0.2},
  url = {https://CRAN.R-project.org/package=DT},
}

@Article{arulesViz:Hahsler:2005,
  author = {Michael Hahsler and Bettina Grün and Kurt Hornik},
  title = {Arules -- {A} Computational Environment for Mining Association Rules and Frequent Item Sets},
  journal = {Journal of Statistical Software},
  year = {2005},
  volume = {14},
  number = {15},
  pages = {1--25},
  url = {https://doi.org/10.18637/jss.v014.i15},
}

@InProceedings{arulesViz:Bayardo:1999,
  author = {Roberto J. {Bayardo, Jr.} and Rakesh Agrawal},
  title = {Mining the Most Interesting Rules},
  booktitle = {KDD '99: Proceedings of the Fifth ACM SIGKDD International Conference on Knowledge Discovery and Data Mining},
  year = {1999},
  pages = {145--154},
  publisher = {ACM},
  location = {San Diego, California, United States},
  url = {https://doi.org/10.1145/312129.312219},
}

@InProceedings{arulesViz:Ong:2002,
  author = {Kian-Huat Ong and Kok-Leong Ong and Wee-Keong Ng and Ee-Peng Lim},
  title = {CrystalClear: Active Visualization of Association Rules},
  booktitle = {In ICDM'02 International Workshop on Active Mining AM2002},
  year = {2002},
}

@InProceedings{arulesViz:Rainsford:2000,
  author = {Chris P. Rainsford and John F. Roddick},
  title = {Visualisation of Temporal Interval Association Rules},
  booktitle = {IDEAL~'00: Proceedings of the Second International Conference on Intelligent Data Engineering and Automated Learning, Data Mining, Financial Engineering, and Intelligent Agents},
  year = {2000},
  pages = {91--96},
  publisher = {Springer-Verlag},
}

@InProceedings{arules:Agrawal+Imielinski+Swami:1993,
  author = {Rakesh Agrawal and Tomasz Imielinski and Arun Swami},
  title = {Mining Association Rules between Sets of Items in Large Databases},
  booktitle = {Proceedings of the 1993 ACM SIGMOD International Conference on Management of Data},
  year = {1993},
  pages = {207--216},
  publisher = {ACM Press},
  location = {Washington, D.C., United States},
  url = {https://doi.org/10.1145/170035.170072},
}

@Manual{Vaidyanathan:2017,
  title = {Htmlwidgets: HTML Widgets for R},
  author = {Ramnath Vaidyanathan and Yihui Xie and JJ Allaire and Joe Cheng and Kenton Russell},
  year = {2017},
  note = {R package version 0.9},
  url = {https://CRAN.R-project.org/package=htmlwidgets},
}

@Manual{arules:rmarkdown:2016,
  title = {Rmarkdown: Dynamic Documents for R},
  author = {JJ Allaire and Joe Cheng and Yihui Xie and Jonathan McPherson and Winston Chang and Jeff Allen and Hadley Wickham and Aron Atkins and Rob Hyndman and Ruben Arslan},
  year = {2017},
  note = {R package version 1.6},
  url = {https://CRAN.R-project.org/package=rmarkdown},
}

@Manual{Almende:2017,
  title = {visNetwork: Network Visualization Using 'vis.js' Library},
  author = {{Almende B.V.} and Benoit Thieurmel and Titouan Robert},
  year = {2017},
  note = {R package version 2.0.1},
  url = {https://CRAN.R-project.org/package=visNetwork},
}

@InProceedings{arulesViz:Unwin:2001,
  author = {Antony Unwin and Heike Hofmann and Klaus Bernt},
  title = {The TwoKey Plot for Multiple Association Rules Control},
  booktitle = {PKDD '01: Proceedings of the 5th European Conference on Principles of Data Mining and Knowledge Discovery},
  year = {2001},
  pages = {472--483},
  publisher = {Springer-Verlag},
  url = {https://doi.org/10.1007/3-540-44794-6_39},
}

@InProceedings{arulesViz:Buono:2005,
  author = {Paolo Buono and Maria Francesca Costabile},
  title = {Visualizing Association Rules in a Framework for Visual Data Mining},
  booktitle = {From Integrated Publication and Information Systems to Virtual Information and Knowledge Environments},
  year = {2005},
  pages = {221--231},
  url = {https://doi.org/10.1007/978-3-540-31842-2_22},
}

@Article{hahsler:Hahsler2011d,
  author = {Michael Hahsler and Sudheer Chelluboina and Kurt Hornik and Christian Buchta},
  title = {The Arules {R}-Package Ecosystem: Analyzing Interesting Patterns from Large Transaction Datasets},
  journal = {Journal of Machine Learning Research},
  year = {2011},
  volume = {12},
  pages = {1977--1981},
  url = {http://jmlr.csail.mit.edu/papers/v12/hahsler11a.html},
}

@InProceedings{arulesViz:Ertek:2006,
  author = {Gürdal Ertek and Ayhan Demiriz},
  title = {A Framework for Visualizing Association Mining Results},
  booktitle = {ISCIS},
  year = {2006},
  pages = {593--602},
  url = {https://doi.org/10.1007/11902140_63},
}

@InProceedings{arulesViz:Klemettinen:1994,
  author = {Mika Klemettinen and Heikki Mannila and Pirjo Ronkainen and Hannu Toivonen and A. Inkeri Verkamo},
  title = {Finding Interesting Rules from Large Sets of Discovered Association Rules},
  booktitle = {CIKM},
  year = {1994},
  pages = {401--407},
  url = {https://doi.org/10.1145/191246.191314},
}

@InCollection{arulesViz:Bruzzese:2008,
  author = {Dario Bruzzese and Cristina Davino},
  title = {Visual Mining of Association Rules},
  booktitle = {Visual Data Mining: Theory, Techniques and Tools for Visual Analytics},
  publisher = {Springer-Verlag},
  year = {2008},
  pages = {103--122},
  url = {https://doi.org/10.1007/978-3-540-71080-6_8},
}

@Manual{hahsler:arulesViz:2017,
  title = {arulesViz: Visualizing Association Rules and Frequent Itemsets},
  author = {Michael Hahsler},
  year = {2017},
  note = {R package version 1.3-0},
  url = {http://CRAN.R-project.org/package=arulesViz},
}

@Article{Hartigan:1979,
  author = {J. A. Hartigan and M. A. Wong},
  title = {A k-Means Clustering Algorithm},
  journal = {Applied Statistics},
  year = {1979},
  volume = {28},
  number = {1},
  pages = {100--108},
  url = {https://doi.org/10.2307/2346830},
}

@InProceedings{arules:Bastian:2009,
  author = {Mathieu Bastian and Sebastien Heymann and Mathieu Jacomy},
  title = {Gephi: An Open Source Software for Exploring and Manipulating Networks},
  booktitle = {International AAAI Conference on Weblogs and Social Media},
  year = {2009},
  pages = {361--362},
}

@Manual{arulesViz:shiny:2016,
  title = {Shiny: Web Application Framework for R},
  author = {Winston Chang and Joe Cheng and JJ Allaire and Yihui Xie and Jonathan McPherson},
  year = {2017},
  note = {R package version 1.0.5},
  url = {https://CRAN.R-project.org/package=shiny},
}

@Book{arulesViz:Chen:2008,
  title = {Handbook of Data Visualization},
  publisher = {Springer-Verlag},
  year = {2008},
  editor = {Chun Houh Chen and Antony Unwin and Wolfgang Hardle},
  series = {Springer Handbooks of Computational Statistics},
  url = {https://doi.org/10.1007/978-3-540-33037-0},
}

@Manual{arulesViz:plotly:2016,
  title = {Plotly: Create Interactive Web Graphics via 'plotly.js'},
  author = {Carson Sievert and Chris Parmer and Toby Hocking and Scott Chamberlain and Karthik Ram and Marianne Corvellec and Pedro Despouy},
  year = {2017},
  note = {R package version 4.7.1},
  url = {https://CRAN.R-project.org/package=plotly},
}

@Article{arulesViz:Prangsmal:2009,
  author = {Maaike E Prangsmal and Carla A. M. {van Boxtel} and Gellof Kanselaar and Paul A. Kirschner},
  title = {Concrete and Abstract Visualizations in History Learning Tasks},
  journal = {British Journal of Educational Psychology},
  year = {2009},
  volume = {79},
  pages = {371--387},
  url = {https://doi.org/10.1348/000709908x379341},
}

@Manual{arulesViz:Hahsler:2010,
  title = {Arules: Mining Association Rules and Frequent Itemsets},
  author = {Michael Hahsler and Christian Buchta and Bettina Grün and Kurt Hornik},
  year = {2017},
  note = {R package version 1.5-3.},
  url = {http://CRAN.R-project.org/},
}
