@Manual{R,
  title = {R: A Language and Environment for Statistical Computing},
  author = {{R Core Team}},
  organization = {R Foundation for Statistical Computing},
  address = {Vienna, Austria},
  year = {2016},
  note = {{ISBN} 3-900051-07-0},
  url = {https://www.R-project.org/},
}

@article{ihaka:1996,
  Author = {Ihaka, Ross and Gentleman, Robert},
	Journal = {Journal of Computational and Graphical Statistics},
	Number = 3,
	Pages = {299--314},
	Title = {R: A Language for Data Analysis and Graphics},
	Volume = 5,
	Year = 1996,
        url = {https://doi.org/10.1080/10618600.1996.10474713}
}

@article{Zhaoetal:2020,
  Author = {Jun Zhao and Hea-Jung Kim and Hyoung-Moon Kim},
	Journal = {Computational Statistics and Data Analysis},
	Pages = {waiting},
	Title = {New EM-type Algorithms for the Heckman Selection Model},
	Volume = 146,
	Year = 2020,
        doi = {10.1016/j.csda.2020.106930}
}
@article{Heckman:1974,
  Author = {James Heckman},
	Journal = {Econometrica},
	Number = 4,
	Pages = {679--694},
	Title = {Shadow Prices, Market Wages, and Labor Supply},
	Volume = 42,
	Year = 1974,
        url = {http://www.jstor.org/stable/1913937}
}

@article{Heckman:1979,
  Author = {James Heckman},
	Journal = {Econometrica},
	Number = 1,
	Pages = {153--161},
	Title = {Sample Selection Bias as a Specification Error},
	Volume = 47,
	Year = 1979,
        url = {https://www.jstor.org/stable/1912352}
}

@article{Toomet+Henningsen:2008,
  Author = {Ott Toomet and Arne Henningsen},
	Journal = {Econometrica},
	Number = 7,
	Pages = {1--23},
	Title = {Sample Selection Models in R: Package sampleSelection},
	Volume = 27,
	Year = 2008,
        doi = {10.18637/jss.v027.i07}
}

@Article{Zhelonkin+etal:2016,
	author = {Mikhail Zhelonkin and Marc G. Genton and Elvezio Ronchetti},
	title = {Robust Inference in Sample Selection Models},
	year = {2016},
	journal = {Journal of the Royal Statistical Society, Series B},
	volume = {78},
	pages = { 805-–827},
	doi = {10.1111/rssb.12136},
}


@Book{Little+Rubin:2002,
  Author = {Roderick J. A. Little and Donald B. Rubin},
	Publisher = {Wiley \& Sons, Inc.},
    Address = {New Jersey},
	Title = {Statistical Analysis with Missing Data},
	Year = 2002,
     doi = {10.1002/9781119013563}
}

@Manual{Heningsenetal:2019,
  title = {\pkg{sampleSelection}: Sample Selection Models},
  author = {A. Henningsen and O. Toomet and S. Petersen},
  organization = {R Foundation for Statistical Computing},
  address = {},
  year = {2019},
  note = {},
  url = {https://cran.r-project.org/web/packages/sampleSelection/index.html},
}

@Book{Cameron+Trivedi:2005,
  Author = {A. C. Cameron and P. K. Trivedi},
	Publisher = {Cambridge University Press},
    Address = {New York},
	Title = {Microeconometrics: Methods and Applications},
	Year = 2005,
     doi = {}
}

@Book{Cameron+Trivedi:2009,
  Author = {A. C. Cameron and P. K. Trivedi},
	Publisher = {Stata Press},
    Address = {College Station, Texas},
	Title = {Microeconometrics using Stata},
	Year = 2009,
     doi = {}
}


@Book{McLachlanandKrishnan:2008,
  Author = {G. McLachlan and T. Krishnan},
	Publisher = {Wiley},
    Address = {New Jersey},
	Title = {The EM Algorithm and Extensions, second ed},
	Year = 2008,
     doi = {}
}

@Article{LiuandRubin:1994,
	author = {C. Liu and D. Rubin},
	title = {The ECME algorithm: A simple extension of EM and ECM with faster monotone convergence},
	year = {1994},
	journal = {Biometrika},
	volume = {81},
	pages = {633–-648},
	doi = {10.1093/biomet/81.4.633},
}



@Article{MengandRubin:1993,
	author = {X. Meng and D. Rubin},
	title = {Maximum likelihood estimation via the ECM algorithm: A general framework},
	year = {1993},
	journal = {Biometrika},
	volume = {80},
	pages = {267–-278},
	doi = {10.1093/biomet/80.2.267},
}
