@Book{taylor2007modelling,
  title = {Modelling Financial Time Series (Second Edition)},
  author = {Stephen J Taylor},
  year = {2007},
  publisher = {World Scientific Publishing},
  url = {https://doi.org/10.1142/9789812770851},
}

@Book{gottman1981time,
  title = {Time-Series Analysis: A Comprehensive Introduction for Social Scientists},
  author = {John Mordechai Gottman},
  volume = {400},
  year = {1981},
  publisher = {Cambridge University Press Cambridge},
}

@Book{box76a,
  title = {Time Series Analysis: Forecasting and Control},
  author = {George EP Box and Gwilym M Jenkins and Gregory C Reinsel and Greta M Ljung},
  year = {2015},
  publisher = {John Wiley \& Sons},
}

@Article{billinton1996time,
  title = {Time-Series Models for Reliability Evaluation of Power Systems Including Wind Energy},
  author = {Roy Billinton and Hua Chen and R Ghajar},
  journal = {Microelectronics Reliability},
  volume = {36},
  number = {9},
  pages = {1253--1261},
  year = {1996},
  publisher = {Elsevier},
  url = {https://doi.org/10.1016/0026-2714(95)00154-9},
}

@Article{bar2003continuous,
  title = {Continuous Representations of Time-Series Gene Expression Data},
  author = {Ziv Bar-Joseph and Georg K Gerber and David K Gifford and Tommi S Jaakkola and Itamar Simon},
  journal = {Journal of Computational Biology},
  volume = {10},
  number = {3-4},
  pages = {341--356},
  year = {2003},
  publisher = {Mary Ann Liebert, Inc.},
  url = {https://doi.org/10.1089/10665270360688057},
}

@Article{ghil1991interdecadal,
  title = {Interdecadal Oscillations and the Warming Trend in Global Temperature Time Series},
  author = {M Ghil and R Vautard},
  journal = {Nature},
  number = {350},
  pages = {324--327},
  year = {1991},
  url = {https://doi.org/10.1038/350324a0},
}

@Book{rubin1987multiple,
  title = {Multiple Imputation for Nonresponse in Surveys},
  author = {Donald B Rubin},
  year = {1987},
  publisher = {John Wiley \& Sons},
  url = {https://doi.org/10.1002/9780470316696},
}

@Article{rubin1986multiple,
  title = {Multiple Imputation for Interval Estimation from Simple Random Samples with Ignorable Nonresponse},
  author = {Donald B Rubin and Nathaniel Schenker},
  journal = {Journal of the American Statistical Association},
  volume = {81},
  number = {394},
  pages = {366--374},
  year = {1986},
  publisher = {Taylor \& Francis},
  url = {https://doi.org/10.1080/01621459.1986.10478280},
}

@Article{dempster1977maximum,
  title = {Maximum Likelihood from Incomplete Data via the {EM} Algorithm},
  author = {Arthur P Dempster and Nan M Laird and Donald B Rubin},
  journal = {Journal of the royal statistical society. Series B (methodological)},
  pages = {1--38},
  year = {1977},
  publisher = {JSTOR},
}

@Article{vacek1980examination,
  title = {An Examination of the Nearest Neighbor Rule for Imputing Missing Values},
  author = {PM Vacek and T Ashikaga},
  journal = {Proc. Statist. Computing Sect., Amer. Statist. Ass},
  pages = {326--331},
  year = {1980},
}

@Article{ford1983overview,
  title = {{An Overview of Hot-Deck Procedures}},
  author = {Barry L Ford},
  journal = {Incomplete data in sample surveys},
  volume = {2},
  number = {Part IV},
  pages = {185--207},
  year = {1983},
  publisher = {Academic Press, New York},
}

@Article{kihoro2013imputation,
  title = {Imputation of Incomplete Non-Stationary Seasonal Time Series Data},
  author = {JM Kihoro and KHO Athiany and {others}},
  journal = {Mathematical Theory and Modeling},
  volume = {3},
  number = {12},
  pages = {142--154},
  year = {2013},
}

@Article{58329567,
  author = {Giovanni Petris and Sonia Petrone},
  title = {State Space Models in {R}},
  journal = {Journal of Statistical Software},
  volume = {41},
  number = {4},
  year = {2011},
  masid = {58329567},
  url = {https://doi.org/10.18637/jss.v041.i04},
}

@Article{honaker2010missing,
  title = {What to Do about Missing Values in Time-Series Cross-Section Data},
  author = {James Honaker and Gary King},
  journal = {American Journal of Political Science},
  volume = {54},
  number = {2},
  pages = {561--581},
  year = {2010},
  publisher = {John Wiley \& Sons},
  url = {https://doi.org/10.1111/j.1540-5907.2010.00447.x},
}

@Article{junninen2004methods,
  title = {Methods for Imputation of Missing Values in Air Quality Data Sets},
  author = {Heikki Junninen and Harri Niska and Kari Tuppurainen and Juhani Ruuskanen and Mikko Kolehmainen},
  journal = {Atmospheric Environment},
  volume = {38},
  number = {18},
  pages = {2895--2907},
  year = {2004},
  publisher = {Elsevier},
  url = {https://doi.org/10.1016/j.atmosenv.2004.02.026},
}

@Article{velicer2005comparison,
  title = {A Comparison of Missing-Data Procedures for {ARIMA} Time-Series Analysis},
  author = {Wayne F Velicer and Suzanne M Colby},
  journal = {Educational and Psychological Measurement},
  volume = {65},
  number = {4},
  pages = {596--615},
  year = {2005},
  publisher = {Sage Publications},
  url = {https://doi.org/10.1177/0013164404272502},
}

@Article{cleveland1990stl,
  title = {{STL}: A Seasonal-Trend Decomposition Procedure Based on Loess},
  author = {Robert B Cleveland and William S Cleveland and Jean E McRae and Irma Terpenning},
  journal = {Journal of Official Statistics},
  volume = {6},
  number = {1},
  pages = {3--73},
  year = {1990},
}

@Article{little1988test,
  title = {A Test of Missing Completely at Random for Multivariate Data with Missing Values},
  author = {Roderick JA Little},
  journal = {Journal of the American Statistical Association},
  volume = {83},
  number = {404},
  pages = {1198--1202},
  year = {1988},
  publisher = {Taylor \& Francis},
   url = {https://doi.org/10.2307/2290157},
}

@Article{brown2005statistical,
  title = {Statistical Analysis of a Telephone Call Center: A Queueing-Science Perspective},
  author = {Lawrence Brown and Noah Gans and Avishai Mandelbaum and Anat Sakov and Haipeng Shen and Sergey Zeltyn and Linda Zhao},
  journal = {Journal of the American statistical association},
  volume = {100},
  number = {469},
  pages = {36--50},
  year = {2005},
  publisher = {Taylor \& Francis},
  url = {https://doi.org/10.1198/016214504000001808},
}

@Article{marshall1967multivariate,
  title = {A Multivariate Exponential Distribution},
  author = {Albert W Marshall and Ingram Olkin},
  journal = {Journal of the American Statistical Association},
  volume = {62},
  number = {317},
  pages = {30--44},
  year = {1967},
  publisher = {Taylor \& Francis Group},
  url = {https://doi.org/10.2307/2282907},
}

@Article{zoo,
  title = {{zoo}: {S3} Infrastructure for Regular and Irregular Time Series},
  author = {Achim Zeileis and Gabor Grothendieck},
  journal = {Journal of Statistical Software},
  year = {2005},
  volume = {14},
  number = {6},
  pages = {1--27},
  url = {https://doi.org/10.18637/jss.v014.i06},
}

@Manual{forecast,
  title = {{forecast}: Forecasting Functions for Time Series and Linear Models},
  author = {Rob J Hyndman},
  year = {2017},
  note = {R package version 8.0},
  url = {http://github.com/robjhyndman/forecast},
}

@Article{engels2003imputation,
  title = {Imputation of Missing Longitudinal Data: a Comparison of Methods},
  author = {Jean Mundahl Engels and Paula Diehr},
  journal = {Journal of clinical epidemiology},
  volume = {56},
  number = {10},
  pages = {968--976},
  year = {2003},
  publisher = {Elsevier},
  url = {https://doi.org/10.1016/S0895-4356(03)00170-7},
}

@Article{twisk2002attrition,
  title = {Attrition in Longitudinal Studies: How to Deal with Missing Data},
  author = {Jos Twisk and Wieke {de Vente}},
  journal = {Journal of clinical epidemiology},
  volume = {55},
  number = {4},
  pages = {329--337},
  year = {2002},
  publisher = {Elsevier},
}

@Article{Moritz15a,
  author = {S. Moritz and A. {Sard \'a} and T. Bartz-Beielstein and M. Zaefferer and J. Stork},
  title = {Comparison of Different Methods for Univariate Time Series Imputation in {R}},
  journal = {ArXiv e-prints},
  archiveprefix = {arXiv},
  eprint = {1510.03924},
  primaryclass = {stat.AP},
  year = {2015},
  adsurl = {http://adsabs.harvard.edu/abs/2015arXiv151003924M},
}

@Manual{imputeTSmanual,
  title = {Package imputeTS},
  author = {Steffen Moritz},
  year = {2017},
  note = {R package version 2.3},
  url = {http://cran.r-project.org/web/packages/imputeTS/imputeTS.pdf},
}

@Manual{imputeTS,
  title = {{imputeTS: Time Series Missing Value Imputation}},
  author = {Steffen Moritz},
  year = {2017},
  note = {R package version 2.3},
  url = {http://CRAN.R-project.org/package=imputeTS},
}

@Manual{xts,
  title = {{xts: eXtensible Time Series}},
  author = {Jeffrey A. Ryan and Joshua M. Ulrich},
  year = {2014},
  note = {R package version 0.9-7},
  url = {https://CRAN.R-project.org/package=xts},
}

@Manual{timeSeries,
  title = {{timeSeries: Rmetrics - Financial Time Series Objects}},
  author = {{Rmetrics Core Team} and Diethelm Wuertz and Tobias Setz and Yohan Chalabi},
  year = {2015},
  note = {R package version 3022.101.2},
  url = {https://CRAN.R-project.org/package=timeSeries},
}

@Article{missMDA,
  title = {{missMDA}: A Package for Handling Missing Values in Multivariate Data Analysis},
  author = {Julie Josse and Fran\c{c}ois Husson},
  journal = {Journal of Statistical Software},
  year = {2016},
  volume = {70},
  number = {1},
  pages = {1--31},
  url = {https://doi.org/10.18637/jss.v070.i01},
}

@Article{VIM,
  title = {Imputation with the {R} Package {VIM}},
  author = {Alexander Kowarik and Matthias Templ},
  journal = {Journal of Statistical Software},
  year = {2016},
  volume = {74},
  number = {7},
  pages = {1--16},
  url = {https://doi.org/10.18637/jss.v074.i07},
}

@Article{mice,
  title = {{mice}: Multivariate Imputation by Chained Equations in {R}},
  author = {Stef {van Buuren} and Karin Groothuis-Oudshoorn},
  journal = {Journal of Statistical Software},
  year = {2011},
  volume = {45},
  number = {3},
  pages = {1--67},
  url = {https://doi.org/10.18637/jss.v045.i03},
}

@Article{spacetime,
  title = {{spacetime}: Spatio-Temporal Data in {R}},
  author = {Edzer Pebesma},
  journal = {Journal of Statistical Software},
  year = {2012},
  volume = {51},
  number = {7},
  pages = {1--30},
  url = {https://doi.org/10.18637/jss.v051.i07},
}

@Article{AMELIA,
  title = {{Amelia II}: A Program for Missing Data},
  author = {James Honaker and Gary King and Matthew Blackwell},
  journal = {Journal of Statistical Software},
  year = {2011},
  volume = {45},
  number = {7},
  pages = {1--47},
  url = {https://doi.org/10.18637/jss.v045.i07},
}
