@Manual{leaps,
  title = {\pkg{leaps}: Regression Subset Selection},
  author = {T. Lumley and A. Miller},
  year = {2009},
  note = {\texttt{R}~package version~2.9},
  url = {https://cran.r-project.org/web/packages/leaps/},
}

@Manual{glmulti,
  title = {\pkg{glmulti}: Model Selection and Multimodel Inference Made Easy},
  author = {V Calcagno},
  year = {2013},
  note = {\texttt{R}~package version~1.0.7},
  url = {https://cran.r-project.org/web/packages/glmulti/},
}

@Manual{glmnet,
  title = {\pkg{glmnet}:Lasso and Elastic-Net Regularized Generalized Linear Models},
  author = {J Friedman},
  year = {2008},
  note = {\texttt{R}~package version~2.0-5},
  url = {https://cran.r-project.org/web/packages/glmnet/},
}

@Article{Hawkins,
  author = {DM Hawkins},
  title = {The Feasible Solution Algorithm for Least Trimmed Squares Regression},
  journal = {Computational Statistics \& Data Analysis},
  volume = {17},
  issue = {2},
  pages = {185-196},
  year = {1994},
  url = {https://doi.org/10.1016/0167-9473(92)00070-8},
}

@Article{Janse,
  author = {SA Janse},
  title = {Inference Using Bhattacharyya Distance to Model Interaction Effects When the Number of Predictors Far Exceeds the Sample Size},
  journal = {Theses and Dissertations--University of Kentucky Statistics},
  year = {2017},
  url = {https://doi.org/10.13023/etd.2017.455},
}

@Article{Miller,
  author = {AJ Miller},
  title = {Selection of Subsets of Regression Variables},
  journal = {Journal of the Royal Statistical Society},
  volume = {147},
  issue = {3},
  pages = {389-425},
  year = {1984},
  url = {https://doi.org/10.2307/2981576},
}

@Article{Foster,
  author = {DP Foster and RA Stine},
  title = {Variable Selection in Data Mining: Building a Predictive Model for Bankruptcy.},
  journal = {Journal of the American Statistical Association},
  volume = {99},
  issue = {466},
  pages = {303-313},
  year = {2004},
  url = {https://doi.org/10.1198/016214504000000287},
}

@Article{Lampa,
  author = {E Lampa},
  title = {The Identification of Complex Interactions in Epidemiology and Toxicology: a Simulation Study of Boosted Regression Trees},
  journal = {Environmental Health},
  volume = {13},
  issue = {57},
  year = {2014},
  url = {https://doi.org/10.1186/1476-069x-13-57},
}

@Article{Jiang,
  author = {R Jiang},
  title = {A Random Forest Approach to the Detection of Epistatic Interactions in Case-Control Studies},
  journal = {BMC Bioinformatics},
  volume = {10},
  issue = {1},
  year = {2009},
  url = {https://doi.org/10.1186/1471-2105-10-s1-s65},
}

@Article{ZhangandLiu,
  author = {Y Zhang and J Liu},
  title = {Bayesian Inference of Epistatic Interactions in Case-Control Studies},
  journal = {Nature Genetics},
  volume = {39},
  issue = {9},
  year = {2007},
  url = {https://doi.org/10.1038/ng2110},
}

@Article{Bhattacharyya,
  author = {A. Bhattacharyya},
  title = {On a Measure of Divergence between Two Multinomial Populations},
  journal = {Indian Statistical Institute},
  volume = {7},
  issue = {4},
  year = {1946},
}

@Manual{bestglm,
  title = {Bestglm: Best Subset GLM},
  author = {A. I. McLeod and Changjiang Xu},
  year = {2017},
  note = {R package version 0.36},
  url = {https://CRAN.R-project.org/package=bestglm},
}

@Article{Goudey,
  author = {B. Goudey},
  title = {High Performance Computing Enabling Exhaustive Analysis of Higher Order Single Nucleotide Polymorphism Interaction in Genome Wide Association Studies},
  journal = {Health Information Science and Systems},
  volume = {3},
  issue = {1},
  year = {2015},
  url = {https://doi.org/10.1186/2047-2501-3-s1-s3},
}

@Manual{hashmap,
  title = {Hashmap: The Faster Hash Map},
  author = {N Russell},
  year = {2017},
  note = {R package version 0.2.0},
  url = {https://CRAN.R-project.org/package=hashmap},
}

@Article{Bien,
  author = {J Bien and J Taylor and R Tibshirani},
  title = {A Lasso for Hierarchical Interactions},
  journal = {The Annals of Statistics},
  volume = {41},
  issue = {3},
  year = {2013},
  url = {https://doi.org/10.1214/13-aos1096},
}

@Manual{hierNet,
  title = {hierNet: A Lasso for Hierarchical Interactions},
  author = {J Bien and R Tibshirani},
  year = {2014},
  note = {R package version 1.6},
  url = {https://CRAN.R-project.org/package=hierNet},
}

@Article{geepack1,
  title = {The R Package Geepack for Generalized Estimating Equations},
  author = {S. HÃ¸jsgaard and U. Halekoh and J. Yan},
  year = {2006},
  journal = {Journal of Statistical Software},
  volume = {15/2},
  pages = {1--11},
  url = {https://doi.org/10.18637/jss.v015.i02},
}

@Article{geepack2,
  title = {Estimating Equations for Association Structures},
  author = {Jun Yan and Jason P. Fine},
  year = {2004},
  journal = {Statistics in Medicine},
  volume = {23},
  pages = {859--880},
  url = {https://doi.org/10.1002/sim.1650},
}

@Article{geepack3,
  title = {Geepack: Yet Another Package for Generalized Estimating Equations},
  author = {Jun Yan},
  year = {2002},
  journal = {R-News},
  volume = {2/3},
  pages = {12--14},
}

@Article{Pan,
  author = {W. Pan},
  title = {Akaike's Information Criterion in Generalized Estimating Equations},
  journal = {Biometrics},
  year = {2001},
  volume = {57},
  optnumber = {1},
  pages = {120--125},
  url = {https://doi.org/10.1111/j.0006-341x.2001.00120.x},
}
