@Article{Wickham2010,
  author = {Hadley Wickham},
  journal = {The R Journal},
  pages = {38--40},
  title = {stringr: modern, consistent string processing},
  volume = {2},
  year = {2010},
  url = {https://journal.r-project.org/archive/2010/RJ-2010-012/RJ-2010-012.pdf},
}

@Manual{Wickham2017,
  title = {stringr: Simple, Consistent Wrappers for Common String Operations},
  author = {Hadley Wickham},
  year = {2017},
  note = {R package version 1.2.0},
  url = {https://CRAN.R-project.org/package=stringr},
}

@Manual{Meissner:2016,
  title = {stringb: Convenient Base R String Handling},
  author = {Peter Meissner},
  year = {2016},
  note = {R package version 0.1.13},
  url = {https://CRAN.R-project.org/package=stringb},
}

@Manual{Gagolewski:2017,
  title = {stringi: Character String Processing Facilities},
  author = {Marek Gagolewski and Bartek Tartanus},
  year = {2017},
  note = {R package version 1.1.5},
  url = {https://CRAN.R-project.org/package=stringi},
}

@Manual{Grothendieck:2014,
  title = {gsubfn: Utilities for Strings and Function Arguments},
  author = {G. Grothendieck},
  year = {2014},
  note = {R package version 0.6-6},
  url = {https://CRAN.R-project.org/package=gsubfn},
}

@Manual{Jackman:2015,
  title = {uniqtag: Abbreviate Strings to Short, Unique Identifiers},
  author = {Shaun Jackman},
  year = {2015},
  note = {R package version 1.0},
  url = {https://CRAN.R-project.org/package=uniqtag},
}

@Article{vanDerLoo2014,
  author = {Mark {van der Loo}},
  journal = {The R Journal},
  pages = {111--122},
  title = {The stringdist Package for Approximate String Matching},
  volume = {6},
  year = {2014},
  url = {https://journal.r-project.org/archive/2014-1/loo.pdf},
}

@Manual{vanDerLoo2016,
  title = {stringdist: Approximate String Matching and String Distance Functions},
  author = {Mark {van der Loo}},
  year = {2016},
  note = {R package version 0.9.4.4},
  url = {https://CRAN.R-project.org/package=stringdist},
}

@Article{Gabadinho2011,
  author = {Alexis Gabadinho and Ritschard Gilbert and Mueller Nicolas and Studer Matthias},
  journal = {Journal of Statistical Software},
  pages = {1--37},
  title = {Analyzing and Visualizing State Sequences in {R} with {TraMineR}},
  volume = {40},
  year = {2011},
  doi = {10.18637/jss.v040.i04},
  url = {https://www.jstatsoft.org/article/view/v040i04},
}

@Manual{Gabadinho2017,
  title = {TraMineR: Trajectory Miner: a Toolbox for Exploring and Rendering Sequences},
  author = {Alexis Gabadinho and Ritschard Gilbert and Mueller Nicolas and Studer Matthias},
  year = {2017},
  note = {R package version 2.0.7},
  url = {https://CRAN.R-project.org/package=TraMineR},
}

@Article{Marcum2015,
  author = {Christopher S. Marcum and Carter T. Butts},
  journal = {Journal of Statistical Software},
  pages = {1--36},
  title = {Constructing and Modifying Sequence Statistics for Relevent Using {informR} in {R}},
  volume = {64},
  year = {2015},
  url = {https://www.jstatsoft.org/article/view/v064i05},
}

@Manual{Tang:2017,
  title = {GrpString: Patterns and Statistical Differences Between Two Groups of Strings},
  author = {Hui Tang and Norbert J. Pienta},
  year = {2017},
  note = {R package version 0.3.2},
  url = {https://CRAN.R-project.org/package=GrpString},
}

@Article{Shannon:1948,
  author = {C. E. Shannon},
  journal = {Bell System Technical Journal},
  pages = {623--656},
  title = {A Mathematical Theory of Communication},
  volume = {27},
  year = {1948},
  url = {http://math.harvard.edu/~ctm/home/text/others/shannon/entropy/entropy.pdf},
}

@Manual{Hausser:2014,
  title = {entropy: Estimation of Entropy, Mutual Information and Related Quantities},
  author = {Jean Hausser and Korbinian Strimmer},
  year = {2014},
  note = {R package version 1.2.1},
  url = {https://CRAN.R-project.org/package=entropy},
}

@InProceedings{Tang:2012,
  title = {Permutation Test for Groups of Scanpaths Using Normalized Levenshtein Distances and Application in NMR Questions},
  author = {Hui Tang and Joseph J Topczewski and Anna M Topczewski and Norbert J Pienta},
  booktitle = {Proceedings of the Symposium on Eye Tracking Research and Applications},
  pages = {169--172},
  year = {2012},
  organization = {ACM},
  url = {https://doi.org/10.1145/2168556.2168584},
}

@Article{deLa:2000,
  title = {Topology of Strings: Median String Is NP-Complete},
  author = {Colin {de la Higuera} and Francisco Casacuberta},
  journal = {Theoretical computer science},
  volume = {230},
  number = {1-2},
  pages = {39--48},
  year = {2000},
  publisher = {Elsevier},
  url = {https://doi.org/10.1016/S0304-3975(97)00240-5},
}

@InProceedings{Martinez:2000,
  title = {Use of Median String for Classification},
  author = {Carlos D Mart√≠nez-Hinarejos and Alfons Juan and Francisco Casacuberta},
  booktitle = {Pattern Recognition, 2000. Proceedings. 15th International Conference on},
  volume = {2},
  pages = {903--906},
  year = {2000},
  organization = {IEEE},
  url = {https://doi.org/10.1109/ICPR.2000.906220},
}

@InProceedings{Krejtz:2014,
  title = {Entropy-Based Statistical Analysis of Eye Movement Transitions},
  author = {Krzysztof Krejtz and Tomasz Szmidt and Andrew T Duchowski and Izabela Krejtz},
  booktitle = {Proceedings of the Symposium on Eye Tracking Research and Applications},
  pages = {159--166},
  year = {2014},
  organization = {ACM},
  url = {https://doi.org/10.1145/2578153.2578176},
}
