% Encoding: UTF-8

@Manual{autoimage,
  title  = {autoimage: Multiple Heat Maps for Projected Coordinates},
  author = {Joshua French},
  year   = {2017},
  note   = {R package version 1.3},
  url    = {https://CRAN.R-project.org/package=autoimage},
}

@Manual{cowplot,
  title  = {cowplot: Streamlined Plot Theme and Plot Annotations for 'ggplot2'},
  author = {Claus O. Wilke},
  year   = {2016},
  note   = {R package version 0.7.0},
  url    = {https://CRAN.R-project.org/package=cowplot},
}

@Misc{fields,
  author       = {{Douglas Nychka} and {Reinhard Furrer} and {John Paige} and {Stephan Sain}},
  title        = {fields: Tools for spatial data},
  year         = {2015},
  note         = {R package version 8.10},
  address      = {Boulder, CO, USA},
  organization = {University Corporation for Atmospheric Research},
  url          = {https://doi.org/10.5065/D6W957CT},
}

@Book{2016-95-ggplot2,
  title     = {ggplot2: Elegant Graphics for Data Analysis},
  publisher = {Springer-Verlag},
  year      = {2009},
  author    = {Hadley Wickham},
  isbn      = {978-0-387-98140-6},
  note      = {\url{http://ggplot2.org}},
  url       = {https://doi.org/10.1007/978-0-387-98141-3},
}

@Manual{2016-93-gridextra,
  title = {gridExtra: Miscellaneous Functions for {"}Grid{"} Graphics},
  author = {Baptiste Auguie},
  year = {2016},
  note = {R package version 2.2.1},
  url = {https://CRAN.R-project.org/package=gridExtra},
}

@Article{2016-93-ihaka:1996,
  author  = {Ross Ihaka and Robert Gentleman},
  title   = {R: A Language for Data Analysis and Graphics},
  journal = {Journal of Computational and Graphical Statistics},
  year    = {1996},
  volume  = {5},
  number  = {3},
  pages   = {299--314},
  url     = {https://doi.org/10.1080/10618600.1996.10474713},
}

@Book{2016-93-lattice,
  title     = {Lattice: Multivariate Data Visualization with R},
  publisher = {Springer-Verlag},
  year      = {2008},
  author    = {Deepayan Sarkar},
  address   = {New York},
  note      = {ISBN 978-0-387-75968-5},
  url       = {https://doi.org/10.1007/978-0-387-75969-2},
}

@Manual{2016-93-mapproj,
  title  = {mapproj: Map Projections},
  author = {Doug McIlroy},
  year   = {2015},
  note   = {R package version 1.2-4. Packaged for R by Ray Brownrigg and Thomas P Minka and transition to Plan 9 codebase by Roger Bivand.},
  url    = {https://CRAN.R-project.org/package=mapproj},
}

@Manual{2016-93-maps,
  title  = {maps: {D}raw Geographical Maps},
  author = {Ray Brownrigg and Thomas P Minka and Alex Deckmyn},
  year   = {2016},
  note   = {R package version 3.1.1},
  notes  = {Original S code by Richard A. Becker and Allan R. Wilks.},
  url    = {https://CRAN.R-project.org/package=maps},
}

@Book{matlab,
  title = {Version 9.0 (R2016a)},
  publisher = {The MathWorks Inc.},
  year = {2016},
  author = {{MATLAB}},
  address = {Natick, Massachusetts},
}

@Article{mearns:2012:narccap,
  author    = {Linda O Mearns and Ray Arritt and S{\'e}bastien Biner and Melissa S Bukovsky and Seth McGinnis and Stephan Sain and Daniel Caya and James {Correia Jr} and Dave Flory and William Gutowski and {others}},
  title     = {The {N}orth {A}merican Regional Climate Change Assessment Program: Overview of Phase I Results},
  journal   = {Bulletin of the American Meteorological Society},
  year      = {2012},
  volume    = {93},
  number    = {9},
  pages     = {1337--1362},
  publisher = {American Meteorological Society},
  url       = {https://doi.org/10.1175/BAMS-D-11-00223.1},
}

@Article{mearns:etal:2009:regional,
  author    = {Linda O Mearns and William Gutowski and Richard Jones and Ruby Leung and Seth McGinnis and Ana Nunes and Yun Qian},
  title     = {A Regional Climate Change Assessment Program for {N}orth {A}merica},
  journal   = {{EOS}, Transactions {A}merican {G}eophysical {U}nion},
  year      = {2009},
  volume    = {90},
  number    = {36},
  pages     = {311--311},
  publisher = {John Wiley \& Sons},
  url       = {https://doi.org/10.1029/2009EO360002},
}

@Misc{narccap:data:2016,
  author = {{NARCCAP}},
  title = {Data Tables},
  howpublished = {\url{http://narccap.ucar.edu/data/data-tables.html}},
  year = {2016},
  note = {Accessed January 12, 2016},
}

@Misc{narccap-data,
  author = {L. O. Mearns and {others}},
  title  = {The {N}orth {A}merican {R}egional {C}limate {C}hange {As}sessment {P}rogram Dataset, {N}ational {C}enter for {A}tmospheric {R}esearch {E}arth {S}ystem {G}rid Data Portal},
  year   = {2007, updated 2014},
  note   = {Boulder, CO. Data downloaded 2016-08-12.},
  url    = {https://doi.org/10.5065/D6RN35ST},
}

@Article{sp,
  author = {E. J. Pebesma and R. S. Bivand},
  title = {Classes and Methods for Spatial Data in {R}},
  journal = {R News},
  year = {2005},
  volume = {5},
  number = {2},
  url = {http://cran.r-project.org/doc/Rnews/},
}

@Article{spatstat,
  author  = {Adrian Baddeley and Rolf Turner},
  title   = {spatstat: An {R} Package for Analyzing Spatial Point Patterns},
  journal = {Journal of Statistical Software},
  year    = {2005},
  volume  = {12},
  number  = {6},
  pages   = {1--42},
  url     = {https://doi.org/10.18637/jss.v012.i06},
}

@Manual{akima,
  title  = {akima: Interpolation of Irregularly and Regularly Spaced Data},
  author = {Hiroshi Akima and Albrecht Gebhardt},
  year   = {2016},
  note   = {R package version 0.6-2},
  url    = {https://CRAN.R-project.org/package=akima},
}

@TechReport{usgs,
  author = {D. B. Smith and K. J. Ellefsen},
  title = {Soil Geochemical Data for the {W}yoming Landscape Conservation Initiative Study Area: {D}ata Series 510},
  institution = {U.S. Geological Survey},
  year = {2010},
  note = {\url{http://pubs.usgs.gov/ds/510/}.},
}

@Manual{gear,
  title  = {gear: Geostatistical Analysis in {R}},
  author = {Joshua French},
  year   = {2015},
  note   = {R package version 0.1.1},
  url    = {https://CRAN.R-project.org/package=gear},
}

@Manual{viridisLite,
  title = {viridisLite: Default Color Maps from 'matplotlib' (Lite Version)},
  author = {Simon Garnier},
  year = {2016},
  note = {R package version 0.1.3},
  url = {https://CRAN.R-project.org/package=viridisLite},
}

@TechReport{wrfg,
  author = {William C Skamarock and Joseph B Klemp and Jimy Dudhia and David O Gill and Dale M Barker and Wei Wang and Jordan G Powers},
  title = {A Description of the Advanced Research {WRF} Version 2},
  institution = {National Center for Atmospheric Research},
  year = {2005},
  note = {NCAR Technical Note NCAR/TN-468+STR},
}

@Article{ccsm,
  author    = {Matthew Collins and Ben BB Booth and Glen R Harris and James M Murphy and David MH Sexton and Mark J Webb},
  title     = {Towards Quantifying Uncertainty in Transient Climate Change},
  journal   = {Climate Dynamics},
  year      = {2006},
  volume    = {27},
  number    = {2-3},
  pages     = {127--147},
  publisher = {Springer-Verlag},
  url       = {https://doi.org/10.1007/s00382-006-0121-0},
}

@Article{crcm,
  author  = {Daniel Caya and Rene Laprise},
  title   = {A Semi-Implicit Semi-{L}agrangian Regional Climate Model: {T}he {C}anadian {RCM}},
  journal = {Monthly Weather Review},
  year    = {1999},
  volume  = {127},
  number  = {3},
  pages   = {341--362},
  url     = {https://doi.org/10.1175/1520-0493(1999)127<0341:ASISLR>2.0.CO;2},
}

@Book{asdar,
  title     = {Applied spatial data analysis with {R}, {S}econd edition},
  publisher = {Springer, NY},
  year      = {2015},
  author    = {Roger S. Bivand and Edzer Pebesma and V. G{\'o}mez-Rubio},
  note      = {\url{asdar-book.org}},
  url       = {https://doi.org/10.1007/978-1-4614-7618-4},
}

@Comment{jabref-meta: databaseType:bibtex;}
