@Manual{basulto2016fourierin,
    title = {fourierin: Computes Numeric Fourier Integrals},
    author = {Guillermo Basulto-Elias},
    year = {2017},
    note = {R package version 0.2.2},
    url = {https://CRAN.R-project.org/package=fourierin},
  }

@Article{eddelbuettel2016rcpparmadillo,
    title = {RcppArmadillo: Accelerating {R} with high-performance {C}++ linear algebra},
    author = {Dirk Eddelbuettel and Conrad Sanderson},
    journal = {Computational	Statistics and Data Analysis},
    year = {2014},
    volume = {71},
    month = {March},
    pages = {1054--1063},
    url = {http://dx.doi.org/10.1016/j.csda.2013.02.005},
  }


@Manual{R-2016-121,
    title = {R: A Language and Environment for Statistical Computing},
    author = {{R Core Team}},
    organization = {R Foundation for Statistical Computing},
    address = {Vienna, Austria},
    year = {2015},
    url = {http://www.R-project.org/},
  }

@inproceedings{comte2013anisotropic,
  title={Anisotropic adaptive kernel deconvolution},
  author={Comte, Fabienne and Lacour, Claire and others},
  booktitle={Annales de l'Institut Henri Poincar{\'e},
                  Probabilit{\'e}s et Statistiques},
  volume={49},
  pages={569--609},
  year={2013},
  organization={Institut Henri Poincar{\'e}}
}

@article{stirnemann2012density,
  title={Density estimation of a biomedical variable subject to
                  measurement error using an auxiliary set of
                  replicate observations},
  author={Stirnemann, Julien J and Comte, Fabienne and Samson, Adeline},
  journal={Statistics in medicine},
  volume={31},
  number={30},
  pages={4154--4163},
  year={2012},
  publisher={Wiley Online Library}
}

@Article{xiao2011deconvolution,
    title = {Deconvolution Estimation in Measurement Error Models: The {R} Package {decon}},
    author = {Xiao-Feng Wang and Bin Wang},
    journal = {Journal of Statistical Software},
    year = {2011},
    volume = {39},
    number = {10},
    pages = {1--24},
    url = {http://www.jstatsoft.org/v39/i10/},
  }

@article{comte2011data,
  title={Data-driven density estimation in the presence of additive
                  noise with unknown distribution},
  author={Comte, Fabienne and Lacour, Claire},
  journal={Journal of the Royal Statistical Society: Series B
                  (Statistical Methodology)},
  volume={73},
  number={4},
  pages={601--627},
  year={2011},
  publisher={Wiley Online Library}
}

@article{comte2010pointwise,
  title={Pointwise deconvolution with unknown error distribution},
  author={Comte, Fabienne and Lacour, Claire},
  journal={Comptes Rendus Mathematique},
  volume={348},
  number={5},
  pages={323--326},
  year={2010},
  publisher={Elsevier}
}

@article{johannes2009deconvolution,
  title={Deconvolution with unknown error distribution},
  author={Johannes, Jan},
  journal={The Annals of Statistics},
  volume={37},
  number={5A},
  pages={2301--2323},
  year={2009},
  publisher={Institute of Mathematical Statistics}
}

@book{meister2009deconvolution,
  title={Deconvolution problems in nonparametric statistics},
  author={Meister, Alexander},
  volume={193},
  year={2009},
  publisher={Springer}
}

@article{delaigle2008deconvolution,
  title={On deconvolution with repeated measurements},
  author={Delaigle, Aurore and Hall, Peter and Meister, Alexander},
  journal={The Annals of Statistics},
  pages={665--685},
  year={2008},
  publisher={JSTOR}
}


@article{delaigle2008density,
  title={Density estimation with heteroscedastic error},
  author={Delaigle, Aurore and Meister, Alexander},
  journal={Bernoulli},
  volume={14},
  number={2},
  pages={562--579},
  year={2008},
  publisher={Bernoulli Society for Mathematical Statistics and
                  Probability}
}

@article{youndje2008optimal,
  title={Optimal bandwidth selection for multivariate kernel
                  deconvolution density estimation},
  author={Youndj{\'e}, {\'E}lie and Wells, Martin T},
  journal={Test},
  volume={17},
  number={1},
  pages={138--162},
  year={2008},
  publisher={Springer}
}

@article{duong2007ks,
  title={{ks}: Kernel density estimation and kernel discriminant analysis for multivariate data in R},
  author={Duong, Tarn and others},
  journal={Journal of Statistical Software},
  volume={21},
  number={7},
  pages={1--16},
  year={2007}
}

@book{athreya2006measure,
  title={Measure theory and probability theory},
  author={Athreya, Krishna B and Lahiri, Soumendra N},
  year={2006},
  publisher={Springer Science \& Business Media}
}

@article{hahn2005cuba,
  title={Cuba-a library for multidimensional numerical integration},
  author={Hahn, Thomas},
  journal={Computer Physics Communications},
  volume={168},
  number={2},
  pages={78--95},
  year={2005},
  publisher={Elsevier}
}

@article{delaigle2004bootstrap,
  title={Bootstrap bandwidth selection in kernel density estimation from a contaminated sample},
  author={Delaigle, A and Gijbels, Ir{\`e}ne},
  journal={Annals of the Institute of Statistical Mathematics},
  volume={56},
  number={1},
  pages={19--47},
  year={2004},
  publisher={Springer}
}

@article{delaigle2004practical,
  title={Practical bandwidth selection in deconvolution kernel density estimation},
  author={Delaigle, Aurore and Gijbels, Ir{\`e}ne},
  journal={Computational statistics \& data analysis},
  volume={45},
  number={2},
  pages={249--267},
  year={2004},
  publisher={Elsevier}
}

@article{politis2003adaptive,
  title={Adaptive bandwidth choice},
  author={Politis, Dimitris N},
  journal={Journal of Nonparametric Statistics},
  volume={15},
  number={4-5},
  pages={517--533},
  year={2003},
  publisher={Taylor \& Francis}
}

@article{inverarity2002fast,
  title={Fast computation of multidimensional {F}ourier integrals},
  author={Inverarity, GW},
  journal={SIAM Journal on Scientific Computing},
  volume={24},
  number={2},
  pages={645--651},
  year={2002},
  publisher={SIAM}
}

@article{politis1999multivariate,
  title={Multivariate density estimation with general flat-top kernels of infinite order},
  author={Politis, Dimitris N and Romano, Joseph P},
  journal={Journal of Multivariate Analysis},
  volume={68},
  number={1},
  pages={1--25},
  year={1999},
  publisher={Elsevier}
}

@article{neumann1997effect,
  title={On the effect of estimating the error density in nonparametric deconvolution},
  author={Neumann, Michael H and H{\"o}ssjer, O},
  journal={Journal of Nonparametric Statistics},
  volume={7},
  number={4},
  pages={307--330},
  year={1997},
  publisher={Taylor \& Francis}
}

@article{politis1995bias,
  title={Bias-corrected nonparametric spectral estimation},
  author={Politis, Dimitris N and Romano, Joseph P},
  journal={Journal of time series analysis},
  volume={16},
  number={1},
  pages={67--103},
  year={1995},
  publisher={Wiley Online Library}
}

@book{wand1995,
  title={Kernel smoothing},
  author={Wand, Matt P and Jones, M Chris},
  volume={60},
  year={1995},
  publisher={Chapman \& Hall/CRC}
}

@article{bailey1994fast,
  title={A fast method for the numerical evaluation of continuous {F}ourier and {L}aplace transforms},
  author={Bailey, David H and Swarztrauber, Paul N},
  journal={SIAM Journal on Scientific Computing},
  volume={15},
  number={5},
  pages={1105--1110},
  year={1994},
  publisher={SIAM}
}

@article{diggle1993fourier,
  title={A {F}ourier approach to nonparametric deconvolution of a density estimate},
  author={Diggle, Peter J and Hall, Peter},
  journal={Journal of the Royal Statistical Society. Series B (Methodological)},
  pages={523--531},
  year={1993},
  publisher={JSTOR}
}

@article{masry1993strong,
  title={Strong consistency and rates for deconvolution of multivariate densities of stationary processes},
  author={Masry, Elias},
  journal={Stochastic processes and their applications},
  volume={47},
  number={1},
  pages={53--74},
  year={1993},
  publisher={Elsevier}
}

@article{masry1993asymptotic,
  title={Asymptotic normality for deconvolution estimators of multivariate densities of stationary processes},
  author={Masry, Elias},
  journal={Journal of multivariate analysis},
  volume={44},
  number={1},
  pages={47--68},
  year={1993},
  publisher={Elsevier}
}


@book{rudin1991,
  title={Functional analysis. International series in pure and applied mathematics},
  author={Rudin, Walter},
  year={1991},
  publisher={McGraw-Hill, Inc., New York}
}

@article{fan1991optimal,
  title={On the optimal rates of convergence for nonparametric deconvolution problems},
  author={Fan, Jianqing},
  journal={The Annals of Statistics},
  pages={1257--1272},
  year={1991},
  publisher={JSTOR}
}

@article{masry1991multivariate,
  title={Multivariate probability density deconvolution for stationary random processes},
  author={Masry, Elias},
  journal={Information Theory, IEEE Transactions on},
  volume={37},
  number={4},
  pages={1105--1115},
  year={1991},
  publisher={IEEE}
}

@article{devroye1989consistent,
  title={Consistent deconvolution in density estimation},
  author={Devroye, Luc},
  journal={Canadian Journal of Statistics},
  volume={17},
  number={2},
  pages={235--239},
  year={1989},
  publisher={Wiley Online Library}
}

@article{cooley1970fast,
  title={The fast Fourier transform algorithm: Programming considerations in the calculation of sine, cosine and {L}aplace transforms},
  author={Cooley, James W and Lewis, PAW and Welch, PD},
  journal={Journal of Sound and Vibration},
  volume={12},
  number={3},
  pages={315--337},
  year={1970},
  publisher={Elsevier}
}
@book{deamer2012,
author = {J.~{Stirnemann, A.~Samson, and F.~C.~C. from Claire~Lacour}},
title = {{deamer: Deconvolution density estimation with adaptive methods for a variable prone to measurement error, }},
publisher = {R package version 1.0},
year = {2012},
url = {https://CRAN.R-project.org/package=deamer}
}
