@article{rivest2007applications,
  title={Applications and extensions of {C}hao's moment estimator for the size of a closed population},
  author={Rivest, Louis-Paul and Baillargeon, Sophie},
  journal={Biometrics},
  volume={63},
  pages={999--1006},
  year={2007},
  publisher={Wiley Online Library},
  doi={10.1111/j.1541-0420.2007.00779.x}
}
@article{cormack1992interval,
  title={Interval estimation for mark-recapture studies of closed populations},
  author={Cormack, R. M.},
  journal={Biometrics},
  volume={48},
  pages={567--576},
  year={1992},
  publisher={JSTOR},
  doi={10.2307/2532310}
}
@article{Alho1990,
  title={Logistic regression in capture-recapture models},
  author={Alho, Juha M.},
  journal={Biometrics},
  volume={46},
  pages={623--635},
  year={1990},
  publisher={JSTOR},
  doi={10.2307/2532083}
}
@article{Bart2006,
  title={A class of latent marginal models for capture--recapture data with continuous covariates},
  author={Bartolucci, Francesco and Forcina, Antonio},
  journal={Journal of the American Statistical Association},
  volume={101},
  pages={786--794},
  year={2006},
  publisher={Taylor \& Francis},
  doi={10.1198/073500105000000243}
}
@book{BohningBook,
  title={Capture-Recapture Methods for the Social and Medical Sciences},
  author={B{\"o}hning, Dankmar and Bunge, John and van der Heijden, Peter G. M.},
  year={2018},
  publisher={Chapman and Hall},
  doi={10.4324/9781315151939}
}
@article{FegaTa2016,
  title={Flexible behavioural capture-recapture modelling},
  author={Alunni Fegatelli, Danilo and Tardella, Luca},
  journal={Biometrics},
  volume={72},
  pages={125--135},
  year={2016},
  publisher={Wiley},
  doi={10.1111/biom.12417}
}
@article{PGRossi2009,
  title={Incidence of bacterial meningitis (2001--2005) in {L}azio, {I}taly: the results of an integrated surveillance system},
  author={Rossi, Paolo Giorgi and Mantovani, Jessica and Ferroni, Eliana and Forcina, Antonio and Stanghellini, Elena and Curtale, Filippo and Borgia, Piero},
  journal={BMC Infectious Diseases},
  volume={9},
  pages={1--10},
  year={2009},
  publisher={BioMed Central},
  doi={10.1186/1471-2334-9-13}
}
@article{Liu2017,
  title={Maximum empirical likelihood estimation for abundance in a closed population from capture-recapture data},
  author={Liu, Yukun and Li, Pengfei and Qin, Jing},
  journal={Biometrika},
  volume={104},
  pages={527--543},
  year={2017},
  publisher={Oxford University Press},
  doi={10.1093/biomet/asx038}
}
@article{demp:lair:rubi:77,
  title={Maximum likelihood from incomplete data via the {EM} algorithm (with discussion)},
  author={Dempster, A. P. and Laird, N. M. and Rubin, D. B.},
  journal={Journal of the Royal Statistical Society: Series B},
  volume={39},
  pages={1--38},
  year={1977},
  doi={10.1111/j.2517-6161.1977.tb01600.x}
}
@article{schw:78,
  title={Estimating the dimension of a model},
  author={Schwarz, Gideon},
  journal={The Annals of Statistics},
  volume={6},
  pages={461--464},
  year={1978},
  publisher={Institute of Mathematical Statistics},
  doi={10.1214/aos/1176344136}
}
@article{otis1978statistical,
  title={Statistical inference from capture data on closed animal populations},
  author={Otis, David L. and Burnham, Kenneth P. and White, Gary C. and Anderson, David R.},
  journal={Wildlife Monographs},
  volume={64},
  pages={3--135},
  year={1978},
  publisher={JSTOR},
  doi={10.2307/3830650}
}
@book{owen2001empirical,
  title={Empirical Likelihood},
  author={Owen, Art B.},
  year={2001},
  publisher={Chapman and Hall/CRC},
  doi={10.1201/9781420036152}
}
@article{Sanathanan,
  title={Estimating the size of a multinomial population},
  author={Sanathanan, Lalitha},
  journal={Annals of Mathematical Statistics},
  volume={43},
  pages={142--152},
  year={1972},
  doi={10.1214/aoms/1177692709}
}
@inproceedings{aka:73,
  title={Information theory as an extension of the maximum likelihood principle},
  author={Akaike, H.},
  booktitle={Second International Symposium on Information Theory},
  editor={Petrov, B. N. and Csaki, F.},
  pages={267--281},
  year={1973},
  address={Budapest},
  publisher={Akademiai Kiado}
}
@incollection{bartolucci2018latent,
  title={Latent class: {R}asch models and marginal extensions},
  author={Bartolucci, Francesco and Forcina, Antonio},
  booktitle={Capture-Recapture Methods for the Social and Medical Sciences},
  editor={B{\"o}hning, Dankmar and van der Heijden, Peter G. M. and Bunge, John},
  pages={291--304},
  year={2018},
  publisher={Chapman and Hall/CRC},
  doi={10.4324/9781315151939-20}
}
@manual{bart:pkg:2021,
  title={{LCCR}: Latent Class Capture-Recapture Models},
  author={Bartolucci, Francesco and Forcina, Antonio},
  year={2025},
  note={{R} package version 2.0.1},
  url={https://cran.r-project.org/web/packages/LCCR/index.html}
}
@article{baillargeon2007rcapture,
  title={{R}capture: loglinear models for capture-recapture in {R}},
  author={Baillargeon, Sophie and Rivest, Louis-Paul},
  journal={Journal of Statistical Software},
  volume={19},
  pages={1--31},
  year={2007},
  doi={10.18637/jss.v019.i05}
}
@article{bartolucci2024estimating,
  title={Estimating the size of a closed population by modeling latent and observed heterogeneity},
  author={Bartolucci, Francesco and Forcina, Antonio},
  journal={Biometrics},
  volume={80},
  number={2},
  pages={ujae017},
  year={2024},
  publisher={Oxford University Press},
  doi={10.1093/biomtc/ujae017}
}
@article{bartolucci2007class,
  title={A class of latent {M}arkov models for capture--recapture data allowing for time, heterogeneity, and behavior effects},
  author={Bartolucci, Francesco and Pennoni, Fulvia},
  journal={Biometrics},
  volume={63},
  pages={568--578},
  year={2007},
  publisher={Oxford University Press},
  doi={10.1111/j.1541-0420.2006.00702.x}
}
@article{manrique2016bayesian,
  title={{B}ayesian population size estimation using {D}irichlet process mixtures},
  author={Manrique-Vallier, Daniel},
  journal={Biometrics},
  volume={72},
  pages={1246--1254},
  year={2016},
  publisher={Oxford University Press},
  doi={10.1111/biom.12502}
}
@manual{manrique-vallier2023,
  title={{LCMCR}: {B}ayesian Non-Parametric Latent-Class Capture-Recapture},
  author={Manrique-Vallier, Daniel},
  year={2023},
  note={{R} package version 0.4.14},
  url={https://cran.r-project.org/web/packages/LCMCR/index.html}
}
@article{aleshin2024central,
  title={The central role of the identifying assumption in population size estimation},
  author={Aleshin-Guendel, Serge and Sadinle, Mauricio and Wakefield, Jon},
  journal={Biometrics},
  volume={80},
  number={1},
  pages={ujad028},
  year={2024},
  publisher={Oxford University Press},
  doi={10.1093/biomtc/ujad028}
}
@article{silverman2020multiple,
  title={Multiple-systems analysis for the quantification of modern slavery: classical and {B}ayesian approaches},
  author={Silverman, Bernard W.},
  journal={Journal of the Royal Statistical Society, Series A},
  volume={183},
  pages={691--736},
  year={2020},
  publisher={Oxford University Press},
  doi={10.1111/rssa.12505}
}
@techreport{silverman2014,
  title={Modern slavery: an application of multiple systems estimation},
  author={Silverman, B. W.},
  year={2014},
  institution={Home Office},
  address={London},
  url={https://www.gov.uk/government/publications/modern-slavery-an-application-of-multiple-systems-estimation}
}
