
@article{acion2006probabilistic,
  title={Probabilistic index: an intuitive non-parametric approach to measuring the size of treatment effects},
  author={Acion, Laura and Peterson, John J and Temple, Scott and Arndt, Stephan},
  journal={Statistics in medicine},
  volume={25},
  number={4},
  pages={591--602},
  year={2006},
  publisher={Wiley Online Library}
}

@article{akritas1994fully,
  title={Fully nonparametric hypotheses for factorial designs I: Multivariate repeated measures designs},
  author={Akritas, Michael G and Arnold, Steven F},
  journal={Journal of the American Statistical Association},
  volume={89},
  number={425},
  pages={336--343},
  year={1994},
  publisher={Taylor \& Francis Group}
}
@article{akritas1997nonparametric,
  title={Nonparametric hypotheses and rank statistics for unbalanced factorial designs},
  author={Akritas, Michael G and Arnold, Steven F and Brunner, Edgar},
  journal={Journal of the American Statistical Association},
  volume={92},
  number={437},
  pages={258--265},
  year={1997},
  publisher={Taylor \& Francis}
}

@article{birnbaum1957bounds,
  title={Bounds for the variance of the Mann-Whitney statistic},
  author={Birnbaum, Zygmund William and Klose, Orval M},
  journal={The Annals of Mathematical Statistics},
  volume={28},
  number={4},
  pages={933--945},
  year={1957},
  publisher={Institute of Mathematical Statistics}
}

@article{bretz2001numerical,
  title={On the numerical availability of multiple comparison procedures},
  author={Bretz, Frank and Genz, Alan and Hothorn, Ludwig},
  journal={Biometrical Journal: Journal of Mathematical Methods in Biosciences},
  volume={43},
  number={5},
  pages={645--656},
  year={2001},
  publisher={Wiley Online Library}
}
@article{brunner1997box,
  title={Box-type approximations in nonparametric factorial designs},
  author={Brunner, Edgar and Dette, Holger and Munk, Axel},
  journal={Journal of the American Statistical Association},
  volume={92},
  number={440},
  pages={1494--1502},
  year={1997},
  publisher={Taylor \& Francis}
}
@article{brunner2000nonparametric,
  title={The nonparametric Behrens-Fisher problem: asymptotic theory and a small-sample approximation},
  author={Brunner, Edgar and Munzel, Ullrich},
  journal={Biometrical Journal: Journal of Mathematical Methods in Biosciences},
  volume={42},
  number={1},
  pages={17--25},
  year={2000},
  publisher={Wiley Online Library}
}

@article{brunner199619,
  title={Nonparametric methods in design and analysis of experiments},
  author={Brunner, Edgar and Puri, Madan L},
  journal={Handbook of Statistics},
  volume={13},
  pages={631--703},
  year={1996},
  publisher={Elsevier}
}


@book{brunner2019rank,
  title={Rank and Pseudo-Rank Procedures for Independent Observations in Factorial Designs},
  author={Brunner, Edgar and Bathke, Arne C and Konietschke, Frank},
  year={2019},
  publisher={Springer}
}



@article{brunner2020ranks,
  title={{Ranks and Pseudo-ranks -- Surprising Results of Certain Rank Tests in Unbalanced Designs}},
  author={Brunner, Edgar and Konietschke, Frank and Bathke, Arne C and Pauly, Markus},
  journal={International Statistical Review},
  year={2020},
  publisher={Wiley Online Library}
}

@article{brunner2017rank,
  title={Rank-based procedures in factorial designs: hypotheses about non-parametric treatment effects},
  author={Brunner, Edgar and Konietschke, Frank and Pauly, Markus and Puri, Madan L},
	  journal={Journal of the Royal Statistical Society-Series B},
		volume={79},
		number={5},
		pages={1463--1485},
  year={2017}
}

@article{burchett2017nonparametric,
  title={Nonparametric inference for multivariate data: the R package npmv},
  author={Burchett, Woodrow W and Ellis, Amanda R and Harrar, Solomon W and Bathke, Arne C},
  journal={Journal of Statistical Software},
  volume={76},
  pages={1--18},
  year={2017}
}

@Book{Chambers+Hastie:1992,
  editor = {John M. Chambers and Trevor J. Hastie},
  title = {Statistical Models in S},
  publisher = {Chapman \& Hall},
  year = {1992},
  address = {London},
}

@article{chung2016asymptotically,
  title={Asymptotically valid and exact permutation tests based on two-sample U-statistics},
  author={Chung, EunYi and Romano, Joseph P},
  journal={Journal of Statistical Planning and Inference},
  volume={168},
  pages={97--105},
  year={2016},
  publisher={Elsevier}
}

@article{conover1981rank,
  title={Rank transformations as a bridge between parametric and nonparametric statistics},
  author={Conover, William J and Iman, Ronald L},
  journal={The American Statistician},
  volume={35},
  number={3},
  pages={124--129},
  year={1981},
  publisher={Taylor \& Francis}
}
@misc{d2006mann,
  title={The Mann--Whitney statistic: continuous use and discovery: Special Papers for the 25th Anniversary of Statistics in Medicine},
  author={D'Agostino, Ralph B and Campbell, Michael and Greenhouse, Joel},
  year={2006},
  publisher={Wiley Online Library}
}

@article{dunnett1955multiple,
  title={A multiple comparison procedure for comparing several treatments with a control},
  author={Dunnett, Charles W},
  journal={Journal of the American Statistical Association},
  volume={50},
  number={272},
  pages={1096--1121},
  year={1955},
  publisher={Taylor \& Francis Group}
}

@article{fligner1981robust,
  title={Robust rank procedures for the Behrens-Fisher problem},
  author={Fligner, Michael A and Policello, George E},
  journal={Journal of the American Statistical Association},
  volume={76},
  number={373},
  pages={162--168},
  year={1981},
  publisher={Taylor \& Francis}
}

@article{friedrich2017gfd,
  title={GFD: an R package for the analysis of general factorial designs},
  author={Friedrich, Sarah and Konietschke, Frank and Pauly, Markus},
  journal={Journal of Statistical Software},
  volume={79},
  pages={1--18},
  year={2017}
}

@article{friedrich2019resampling,
  title={Resampling-based analysis of multivariate data and repeated measures designs with the R package MANOVA. RM.},
  author={Friedrich, Sarah and Konietschke, Frank and Pauly, Markus},
  journal={R Journal},
  volume={11},
  number={2},
  pages={380},
  year={2019}
}
@article{genz2021package,
  title={Package ‘mvtnorm’},
  author={Genz, Alan and Bretz, Frank and Miwa, Tetsuhisa and Mi, Xuefei and Leisch, Friedrich and Scheipl, Fabian and Bornkamp, Bjoern and Maechler, Martin and Hothorn, Torsten},
  journal={Journal of Computational and Graphical Statistics},
  volume={11},
  pages={950--971},
  year={2021}
}
@article{happ2020pseudo,
  title={{Pseudo-ranks: How to calculate them efficiently in R}},
  author={Happ, Martin and Zimmermann, Georg and Brunner, Edgar and Bathke, Arne C},
  journal={Journal of Statistical Software, Code Snippets},
  volume={95},
  number={1},
  pages={1--22},
  year={2020}
}

@article{happ2019optimal,
  title={Optimal sample size planning for the Wilcoxon-Mann-Whitney test},
  author={Happ, Martin and Bathke, Arne C and Brunner, Edgar},
  journal={Statistics in medicine},
  volume={38},
  number={3},
  pages={363--375},
  year={2019},
  publisher={Wiley Online Library}
}

@article{hettmansperger1987tests,
  title={Tests for patterned alternatives in k-sample problems},
  author={Hettmansperger, Thomas P and Norton, Robert M},
  journal={Journal of the American Statistical Association},
  volume={82},
  number={397},
  pages={292--299},
  year={1987},
  publisher={Taylor \& Francis}
}

@article{hothorn2009multcomp,
  title={The multcomp package},
  author={Hothorn, Torsten and Bretz, Frank and Hothorn, Maintainer Torsten},
  journal={The R Project for Statistical Computing},
  year={2009}
}
@article{hothorn2016package,
  title={Package `multcomp'},
  author={Hothorn, Torsten and Bretz, Frank and Westfall, Peter and Heiberger, Richard M and Schuetzenmeister, Andre and Scheibe, Susan and Hothorn, Maintainer Torsten},
  journal={Simultaneous inference in general parametric models. Project for Statistical Computing, Vienna, Austria},
  year={2016}
}

@article{hothorn2008simultaneous,
  title={Simultaneous inference in general parametric models},
  author={Hothorn, Torsten and Bretz, Frank and Westfall, Peter},
  journal={Biometrical Journal: Journal of Mathematical Methods in Biosciences},
  volume={50},
  number={3},
  pages={346--363},
  year={2008},
  publisher={Wiley Online Library}
}

@article{janssen1997studentized,
  title={Studentized permutation tests for non-iid hypotheses and the generalized Behrens-Fisher problem},
  author={Janssen, Arnold},
  journal={Statistics \& Probability Letters},
  volume={36},
  number={1},
  pages={9--21},
  year={1997},
  publisher={Elsevier}
}

@article{janssen1999nonparametric,
  title={Nonparametric symmetry tests for statistical functionals},
  author={Janssen, Arnold},
  journal={Mathematical Methods of Statistics},
  volume={8},
  number={3},
  pages={320--343},
  year={1999},
  publisher={Citeseer}
}

@article{kahler2008parametric,
  title={A parametric analysis of ordinal quality-of-life data can lead to erroneous results},
  author={Kahler, Elke and Rogausch, Anja and Brunner, Edgar and Himmel, Wolfgang},
  journal={Journal of Clinical Epidemiology},
  volume={61},
  number={5},
  pages={475--480},
  year={2008},
  publisher={Elsevier}
}

@article{kiefel2022package,
  title={Package ‘nparMD’},
  author={Kiefel, Maximilian and Bathke, Arne C and Kiefel, Maintainer Maximilian},
  year={2022}
}

@article{konietschke2015nparcomp,
  title={nparcomp: an R software package for nonparametric multiple comparisons and simultaneous confidence intervals},
  author={Konietschke, Frank and Placzek, Marius and Schaarschmidt, Frank and Hothorn, Ludwig A},
  journal={Journal of statistical software},
  volume={64},
  number={1},
  pages={1--17},
  year={2015}
}
@article{konietschke2012rank,
  title={Rank-based multiple test procedures and simultaneous confidence intervals},
  author={Konietschke, Frank and Hothorn, Ludwig A and Brunner, Edgar},
  journal={Electronic Journal of Statistics},
  volume={6},
  pages={738--759},
  year={2012},
  publisher={The Institute of Mathematical Statistics and the Bernoulli Society}
}

@article{konietschke2020small,
  title={Small sample sizes: A big data problem in high-dimensional data analysis},
  author={Konietschke, Frank and Schwab, Karima and Pauly, Markus},
  journal={Statistical Methods in Medical Research},
  volume={30},
  number={3},
  pages={687--701},
  year={2021},
  publisher={SAGE Publications Sage UK: London, England}
}

@article{kruskal1952nonparametric,
  title={A nonparametric test for the several sample problem},
  author={Kruskal, William H},
  journal={The Annals of Mathematical Statistics},
  pages={525--540},
  year={1952},
  publisher={JSTOR}
}

@article{kruskal1952use,
  title={Use of ranks in one-criterion variance analysis},
  author={Kruskal, William H and Wallis, W Allen},
  journal={Journal of the American statistical Association},
  volume={47},
  number={260},
  pages={583--621},
  year={1952},
  publisher={Taylor \& Francis}
}
@article{mann1947test,
  title={On a test of whether one of two random variables is stochastically larger than the other},
  author={Mann, Henry B and Whitney, Donald R},
  journal={The Annals of Mathematical Statistics},
  volume={18},
  number={1},
  pages={50--60},
  year={1947},
  publisher={JSTOR}
}

@article{mehta1988importance,
  title={Importance sampling for estimating exact probabilities in permutational inference},
  author={Mehta, Cyrus R and Patel, Nitin R and Senchaudhuri, Pralay},
  journal={Journal of the American Statistical Association},
  volume={83},
  number={404},
  pages={999--1005},
  year={1988},
  publisher={Taylor \& Francis Group}
}

@article{noguchi2012nparld,
  title={nparLD: an R software package for the nonparametric analysis of longitudinal data in factorial experiments},
  author={Noguchi, Kimihiro and Gel, Yulia R and Brunner, Edgar and Konietschke, Frank},
  journal={Journal of Statistical software},
  volume={50},
  pages={1--23},
  year={2012}
}



@article{umlauft2019wild,
  title={Wild bootstrapping rank-based procedures: Multiple testing in nonparametric factorial repeated measures designs},
  author={Umlauft, Maria and Placzek, Marius and Konietschke, Frank and Pauly, Markus},
  journal={Journal of Multivariate Analysis},
  volume={171},
  pages={176--192},
  year={2019},
  publisher={Elsevier}
}

@article{janssen1999testing,
  title={Testing nonparametric statistical functionals with applications to rank tests},
  author={Janssen, Arnold},
  journal={Journal of Statistical Planning and Inference},
  volume={81},
  number={1},
  pages={71--93},
  year={1999},
  publisher={Elsevier}
}

@article{pauly2016permutation,
  title={Permutation-based inference for the AUC: a unified approach for continuous and discontinuous data},
  author={Pauly, Markus and Asendorf, Thomas and Konietschke, Frank},
  journal={Biometrical Journal},
  volume={58},
  number={6},
  pages={1319--1337},
  year={2016},
  publisher={Wiley Online Library}
}

@article{neubert2007studentized,
  title={{A studentized permutation test for the non-parametric Behrens--Fisher problem}},
  author={Neubert, Karin and Brunner, Edgar},
  journal={Computational Statistics \& Data Analysis},
  volume={51},
  number={10},
  pages={5192--5204},
  year={2007},
  publisher={Elsevier}
}


@article{pauly2015asymptotic,
  title={Asymptotic permutation tests in general factorial designs},
  author={Pauly, Markus and Brunner, Edgar and Konietschke, Frank},
  journal={Journal of the Royal Statistical Society: Series B: Statistical Methodology},
  volume={77},
  number={2},
  pages={461--473},
  year={2015},
  publisher={JSTOR}
}

@article{putter1955treatment,
  title={The treatment of ties in some nonparametric tests},
  author={Putter, Joseph},
  journal={The Annals of Mathematical Statistics},
  volume={26},
  number={3},
  pages={368--386},
  year={1955},
  publisher={JSTOR}
}

@incollection{ruymgaart1980unified,
  title={A unified approach to the asymptotic distribution theory of certain midrank statistics},
  author={Ruymgaart, Frederik H},
  booktitle={Statistique non Parametrique Asymptotique},
  pages={1--18},
  year={1980},
  publisher={Springer}
}

@article{shirley1977non,
  title={{A non-parametric equivalent of Williams' test for contrasting increasing dose levels of a treatment}},
  author={Shirley, Eryl},
  journal={Biometrics},
  volume={33},
  number={2},
  pages={386--389},
  year={1977},
  publisher={JSTOR}
}

@article{smaga2015wald,
  title={Wald-type statistics using $\{$2$\}$-inverses for hypothesis testing in general factorial designs},
  author={Smaga, {\L}ukasz},
  journal={Statistics \& Probability Letters},
  volume={107},
  pages={215--220},
  year={2015},
  publisher={Elsevier}
}

@article{streitberg1986exact,
  title={Exact distributions for permutation and rank tests: an introduction to some recently published algorithms},
  author={Streitberg, Bernd and R{\"o}hmel, Joachim},
  journal={Statistical Software Newsletter},
  volume={12},
  number={1},
  pages={10--17},
  year={1986}
}
@article{thas2012probabilistic,
  title={Probabilistic index models},
  author={Thas, Olivier and Neve, Jan De and Clement, Lieven and Ottoy, Jean-Pierre},
  journal={Journal of the Royal Statistical Society: Series B (Statistical Methodology)},
  volume={74},
  number={4},
  pages={623--671},
  year={2012},
  publisher={Wiley Online Library}
}

@article{zeileis2008implementing,
  title={Implementing a class of permutation tests: the \pkg{coin} package},
  author={Zeileis, Achim and Wiel, Mark A and Hornik, Kurt and Hothorn, Torsten},
  journal={Journal of Statistical Software},
  volume={28},
  number={8},
  pages={1--23},
  year={2008},
  publisher={American Statistical Association}
}


@article{dobler2019nonparametric,
  title={Nonparametric MANOVA in meaningful effects},
  author={Dobler, Dennis and Friedrich, Sarah and Pauly, Markus},
  journal={Annals of the Institute of Statistical Mathematics},
  pages={1--26},
  year={2019},
  publisher={Springer}
}

@Manual{MANOVARM,
    title = {\pkg{MANOVA.RM}: Resampling-Based Analysis of Multivariate Data and Repeated Measures Designs},
    author = {Sarah Friedrich and Frank Konietschke and Markus Pauly},
    year = {2021},
    note = {R package version 0.4.3}
    }
  
  @Article{friedrich2019manovarm,
  author  = {Sarah Friedrich and Frank Konietschke and Markus Pauly},
  journal = {{The R Journal}},
  title   = {{Resampling-Based Analysis of Multivariate Data and Repeated Measures Designs with the R Package MANOVA.RM}},
  year    = {2019},
  number  = {11},
  pages   = {380--400},
  volume  = {2},
  doi     = {10.32614/RJ-2019-051}
}

@Article{bathke2018testing,
  author    = {Bathke, Arne C and Friedrich, Sarah and Pauly, Markus and Konietschke, Frank and Staffen, Wolfgang and Strobl, Nicolas and H{\"o}ller, Yvonne},
  journal   = {Multivariate Behavioral Research},
  title     = {{Testing mean differences among groups: Multivariate and repeated measures analysis with minimal assumptions}},
  year      = {2018},
  number    = {3},
  pages     = {348--359},
  volume    = {53},
  publisher = {Taylor \& Francis},
}


@article{jiang2017wilcoxon,
  title={Wilcoxon rank-based tests for clustered data with r package clusrank},
  author={Jiang, Yujing and He, Xin and Lee, Mei-Ling Ting and Rosner, Bernard and Yan, Jun},
  journal={Journal of Statistical Software},
  year={2020},
	 volume    = {96},
	 pages     = {1 -- 26},
}

@article{zimmermann2022pseudo,
  title={Pseudo-ranks: The better way of ranking?},
  author={Zimmermann, Georg and Brunner, Edgar and Brannath, Werner and Happ, Martin and Bathke, Arne C},
  journal={The American Statistician},
  volume={76},
  number={2},
  pages={124--130},
  year={2022},
  publisher={Taylor \& Francis}
}