% 
@book{maier1983theory,
	author    = {David Maier},
	title     = {The Theory of Relational Databases},
	publisher = {Computer Science Press},
	year      = {1983},
	isbn      = {0-914894-42-0},
	timestamp = {Sun, 05 Nov 2017 14:40:12 +0100},
	biburl    = {https://dblp.org/rec/books/cs/Maier83.bib},
	bibsource = {dblp computer science bibliography, https://dblp.org}
}
% 
@book{ganter2016conceptual,
author    = {Bernhard Ganter and
Sergei A. Obiedkov},
title     = {Conceptual Exploration},
publisher = {Springer},
year      = {2016},
url       = {https://doi.org/10.1007/978-3-662-49291-8},
isbn      = {978-3-662-49290-1},
timestamp = {Tue, 16 May 2017 14:01:44 +0200},
biburl    = {https://dblp.org/rec/books/sp/GanterO16.bib},
bibsource = {dblp computer science bibliography, https://dblp.org}
}
% 
@article{belohlavek2016automated,
	author    = {Radim Belohl{\'{a}}vek and
	Pablo Cordero and
	Manuel Enciso and
	Angel Mora and
	Vil{\'{e}}m Vychodil},
	title     = {Automated prover for attribute dependencies in data with grades},
	journal   = {International Journal of Approximate Reasoning},
	volume    = {70},
	pages     = {51--67},
	year      = {2016},
	url       = {https://doi.org/10.1016/j.ijar.2015.12.007},
	timestamp = {Tue, 16 Feb 2021 08:54:34 +0100},
	biburl    = {https://dblp.org/rec/journals/ijar/BelohlavekCEMV16.bib},
	bibsource = {dblp computer science bibliography, https://dblp.org}
}
% 
@book{birkhoff1940lattice,
	title={Lattice Theory},
	author={Birkhoff, Garrett},
	volume={25},
	year={1940},
	publisher={American Mathematical Soc.}
}
% 
@article{wang2016schizconnect,
	author    = {Lei Wang and
	Kathryn I. Alpert and
	Vince D. Calhoun and
	Derin J. Cobia and
	David B. Keator and
	Margaret D. King and
	Alexander Kogan and
	Drew Landis and
	Marcelo Tallis and
	Matthew D. Turner and
	Steven G. Potkin and
	Jessica A. Turner and
	Jos{\'{e}} Luis Ambite},
	title     = {SchizConnect: Mediating neuroimaging databases on schizophrenia and
	related disorders for large-scale integration},
	journal   = {NeuroImage},
	volume    = {124},
	pages     = {1155--1167},
	year      = {2016},
	url       = {https://doi.org/10.1016/j.neuroimage.2015.06.065},
	timestamp = {Sat, 19 Oct 2019 19:16:14 +0200},
	biburl    = {https://dblp.org/rec/journals/neuroimage/0032ACCKKKLTTPT16.bib},
	bibsource = {dblp computer science bibliography, https://dblp.org}
}
% 
@article{aine2017multimodal,
	author    = {C. J. Aine and
	H. Jeremy Bockholt and
	Juan R. Bustillo and
	Jos{\'{e}} M. Ca{\~{n}}ive and
	Arvind Caprihan and
	Charles Gasparovic and
	Faith M. Hanlon and
	Jon M. Houck and
	Rex E. Jung and
	John Lauriello and
	Jingyu Liu and
	Andy R. Mayer and
	Nora I. Perrone{-}Bizzozero and
	Stefan Posse and
	Julia M. Stephen and
	Jessica A. Turner and
	Vincent P. Clark and
	Vince D. Calhoun},
	title     = {Multimodal Neuroimaging in Schizophrenia: Description and Dissemination},
	journal   = {Neuroinformatics},
	volume    = {15},
	number    = {4},
	pages     = {343--364},
	year      = {2017},
	url       = {https://doi.org/10.1007/s12021-017-9338-9},
	timestamp = {Mon, 07 Jun 2021 16:46:34 +0200},
	biburl    = {https://dblp.org/rec/journals/ni/AineBBCCGHHJLLM17.bib},
	bibsource = {dblp computer science bibliography, https://dblp.org}
}
% 
@article{addington1990depression,
	title={A Depression Rating Scale for Schizophrenics},
	author={Addington, Donald and Addington, Jean and Schissel, Bernard},
	journal={Schizophrenia research},
	volume={3},
	number={4},
	pages={247--251},
	year={1990},
	publisher={Elsevier}
}
% 
@article{simpson1970rating,
	title={A Rating Scale for Extrapyramidal Side Effects},
	author={Simpson, GM and Angus, JWS},
	journal={Acta Psychiatrica Scandinavica},
	volume={45},
	number={S212},
	pages={11--19},
	year={1970},
	publisher={Wiley Online Library}
}
% 
@book{first1997user,
	title={User's Guide for the Structured Clinical Interview for DSM-IV Axis I Disorders SCID-I: Clinician Version},
	author={First, Michael B and Spitzer, Robert L and Gibbon, Miriam and Williams, Janet BW},
	year={1997},
	publisher={American Psychiatric Pub}
}
% 
@article{guigues1986familles,
	title={Familles Minimales d'Implications Informatives R{\'e}sultant d'un Tableau de Donn{\'e}es Binaires},
	author={Guigues, Jean-Louis and Duquenne, Vincent},
	journal={Math{\'e}matiques et Sciences humaines},
	volume={95},
	pages={5--18},
	year={1986}
}

@incollection{wille1982restructuring,
	title={Restructuring Lattice Theory: An Approach Based on Hierarchies of Concepts},
	author={Wille, Rudolf},
	booktitle={Ordered Sets},
	pages={445--470},
	year={1982},
	publisher={Springer}
}
% 
@article{frbs,
	title = {frbs: Fuzzy Rule-Based Systems for Classification and
	Regression in {R}},
	author = {Lala Septem Riza and Christoph Bergmeir and Francisco
	Herrera and Jos{\'e} Manuel Ben{\'i}tez},
	journal = {Journal of Statistical Software},
	year = {2015},
	volume = {65},
	number = {6},
	url = {https://doi.org/10.18637/jss.v065.i06},
	pages = {1--30},
}
% 
@article{rkeel,
	title = {{RKEEL:} Using {KEEL} in {R} Code},
	author = {Jose M. Moyano and Luciano {Sanchez Ramos}},
	year = {2016},
	journal = {{FUZZ-IEEE} 2016},
	pages = {257--264},
	url = {http://dx.doi.org/10.1109/FUZZ-IEEE.2016.7737695},
	month = {July},
}
% 
@Book{rmarkdown,
	title = {R Markdown: The Definitive Guide},
	author = {Yihui Xie and J.J. Allaire and Garrett Grolemund},
	publisher = {Chapman and Hall/CRC},
	address = {Boca Raton, Florida},
	year = {2018},
	note = {ISBN 9781138359338},
}
% 
@Article{rcpp,
	title = {{Rcpp}: Seamless {R} and {C++} Integration},
	author = {Dirk Eddelbuettel and Romain Fran\c{c}ois},
	journal = {Journal of Statistical Software},
	year = {2011},
	volume = {40},
	number = {8},
	pages = {1--18},
	url = {https://doi.org/10.18637/jss.v040.i08}
}
% 
@Manual{reticulate,
	title = {{reticulate}: Interface to Python},
	author = {Kevin Ushey and JJ Allaire and Yuan Tang},
	year = {2020},
	note = {R package version 1.18},
	url = {https://CRAN.R-project.org/package=reticulate},
}
% 
@Article{tidyverse,
	title = {Welcome to the {tidyverse}},
	author = {Hadley Wickham and Mara Averick and Jennifer Bryan and Winston Chang and Lucy D'Agostino McGowan and Romain François and Garrett Grolemund and Alex Hayes and Lionel Henry and Jim Hester and Max Kuhn and Thomas Lin Pedersen and Evan Miller and Stephan Milton Bache and Kirill Müller and Jeroen Ooms and David Robinson and Dana Paige Seidel and Vitalie Spinu and Kohske Takahashi and Davis Vaughan and Claus Wilke and Kara Woo and Hiroaki Yutani},
	year = {2019},
	journal = {Journal of Open Source Software},
	volume = {4},
	number = {43},
	pages = {1686},
	url = {https://doi.org/10.21105/joss.01686}
}
% 
@article{CORDERO2020113449,
	title = "A Conversational Recommender System for Diagnosis using Fuzzy Rules",
	journal = "Expert Systems with Applications",
	volume = "154",
	pages = "113449",
	year = "2020",
	issn = "0957-4174",
	author = "P. Cordero and M. Enciso and D. López and A. Mora",
	keywords = "Recommendation, Diagnosis, Fuzzy logic, Critiquing, Formal concept analysis",
	url={https://doi.org/10.1016/j.eswa.2020.113449}
}
% 
@book{Ganter1999,
	author    = {Bernhard Ganter and
	Rudolf Wille},
	title     = {Formal Concept Analysis - Mathematical Foundations},
	publisher = {Springer},
	year      = {1999},
	url       = {https://doi.org/10.1007/978-3-642-59830-2},
	isbn      = {978-3-540-62771-5},
	timestamp = {Mon, 29 Jul 2019 15:58:38 +0200},
	biburl    = {https://dblp.org/rec/books/daglib/0095956.bib},
	bibsource = {dblp computer science bibliography, https://dblp.org}
}
% 
@inproceedings{Armstrong1974,
	author = {Armstrong, William Ward},
	booktitle = {IFIP Congress},
	pages = {580--583},
	title = {{Dependency Structures of Data Base Relationships}},
	year = {1974}
}
% 
@inproceedings{Kuznetsov04,
	author    = {Sergei O. Kuznetsov},
	title     = {Machine Learning and Formal Concept Analysis},
	booktitle = {{ICFCA} 2004},
	series    = {LNCS},
	volume    = {2961},
	pages     = {287--312},
	publisher = {Springer},
	year      = {2004},
	url       = {https://doi.org/10.1007/978-3-540-24651-0_25},
	timestamp = {Tue, 14 May 2019 10:00:45 +0200},
	biburl    = {https://dblp.org/rec/conf/icfca/Kuznetsov04.bib},
	bibsource = {dblp computer science bibliography, https://dblp.org}
}
% 
@inproceedings{Trabelsi17,
author    = {Marwa Trabelsi and
Nida Meddouri and
Mondher Maddouri},
title     = {A New Feature Selection Method for Nominal Classifier based on Formal
Concept Analysis},
booktitle = {KES 2017},
series    = {Procedia Computer Science},
volume    = {112},
pages     = {186--194},
publisher = {Elsevier},
year      = {2017},
url       = {https://doi.org/10.1016/j.procs.2017.08.227},
timestamp = {Fri, 30 Nov 2018 13:31:53 +0100},
biburl    = {https://dblp.org/rec/conf/kes/TrabelsiMM17.bib},
bibsource = {dblp computer science bibliography, https://dblp.org}
}
% 
@article{Ignatov2015,
	author    = {Dmitry I. Ignatov},
	title     = {Introduction to Formal Concept Analysis and Its Applications in Information
	Retrieval and Related Fields},
	journal   = {CoRR},
	volume    = {abs/1703.02819},
	year      = {2017}
}
% 
@inproceedings{Cordero2002,
	author    = {Pablo Cordero and
	Manuel Enciso and
	Angel Mora and
	Inman {P. de Guzm{\'{a}}n}},
	title     = {{SL\({}_{\mbox{FD}}\)} Logic: Elimination of Data Redundancy in Knowledge
	Representation},
	booktitle = {{IBERAMIA}},
	series    = {LNCS},
	volume    = {2527},
	pages     = {141--150},
	publisher = {Springer},
	year      = {2002},
	url       = {https://doi.org/10.1007/3-540-36131-6_15},
	timestamp = {Tue, 14 May 2019 10:00:40 +0200},
	biburl    = {https://dblp.org/rec/conf/iberamia/CorderoEMG02.bib},
	bibsource = {dblp computer science bibliography, https://dblp.org}
}

@article{JEZKOVA2017,
	author    = {L. Jezkov{\'{a}} and
	Pablo Cordero and
	Manuel Enciso},
	title     = {Fuzzy functional dependencies: {A} comparative survey},
	journal   = {Fuzzy Sets and Systems},
	volume    = {317},
	pages     = {88--120},
	year      = {2017},
	url       = {https://doi.org/10.1016/j.fss.2016.06.019},
	timestamp = {Wed, 19 Feb 2020 20:48:55 +0100},
	biburl    = {https://dblp.org/rec/journals/fss/JezkovaCE17.bib},
	bibsource = {dblp computer science bibliography, https://dblp.org}
}
% 
@inproceedings{mora_efficient_2004,
	author    = {Angel Mora and
	Manuel Enciso and
	Pablo Cordero and
	Inmaculada Perez de Guzm{\'{a}}n},
	title     = {An Efficient Preprocessing Transformation for Functional Dependencies
	Sets Based on the Substitution Paradigm},
	booktitle = {{CAEPIA} 2003},
	series    = {LNCS},
	volume    = {3040},
	pages     = {136--146},
	publisher = {Springer},
	year      = {2003},
	url       = {https://doi.org/10.1007/978-3-540-25945-9_14},
	timestamp = {Tue, 14 May 2019 10:00:50 +0200},
	biburl    = {https://dblp.org/rec/conf/caepia/MoraECG03.bib},
	bibsource = {dblp computer science bibliography, https://dblp.org}
}
% 
@inproceedings{cla2014,
	author    = {Estrella {Rodr{\'{\i}}guez Lorenzo} and
	Karell Bertet and
	Pablo Cordero and
	Manuel Enciso and
	Angel Mora},
	title     = {The Direct-optimal Basis via Reductions},
	booktitle = {CLA 2014},
	series    = {{CEUR} W.Proc.},
	volume    = {1252},
	pages     = {145--156},
	publisher = {CEUR-WS.org},
	year      = {2014},
	url       = {http://ceur-ws.org/Vol-1252/cla2014_submission_18.pdf},
	timestamp = {Wed, 12 Feb 2020 16:45:13 +0100},
	biburl    = {https://dblp.org/rec/conf/cla/LorenzoBCEM14.bib},
	bibsource = {dblp computer science bibliography, https://dblp.org}}
% 
% 
@article{Mora2012,
	author    = {Angel Mora and
	Pablo Cordero and
	Manuel Enciso and
	Inmaculada Fortes and
	Gabriel Aguilera},
	title     = {Closure via functional dependence simplification},
	journal   = {International Journal of Computer Mathematics},
	volume    = {89},
	number    = {4},
	pages     = {510--526},
	year      = {2012},
	url       = {https://doi.org/10.1080/00207160.2011.644275},
	timestamp = {Fri, 15 Sep 2017 07:42:20 +0200},
	biburl    = {https://dblp.org/rec/journals/ijcm/MoraCEFA12.bib},
	bibsource = {dblp computer science bibliography, https://dblp.org}
}
% 
@inproceedings{Lorenzo2015,
author    = {Estrella {Rodr{\'{\i}}guez Lorenzo} and
Kira V. Adaricheva and
Pablo Cordero and
Manuel Enciso and
Angel Mora},
title     = {From an Implicational System to its Corresponding D-basis},
booktitle = {CLA 2015},
series    = {{CEUR} W.Proc.},
volume    = {1466},
pages     = {217--228},
publisher = {CEUR-WS.org},
year      = {2015},
url       = {http://ceur-ws.org/Vol-1466/paper18.pdf},
timestamp = {Wed, 04 Mar 2020 13:45:27 +0100},
biburl    = {https://dblp.org/rec/conf/cla/LorenzoACEM15.bib},
bibsource = {dblp computer science bibliography, https://dblp.org}
}
% 
@inproceedings{Cordero2012,
	author    = {Pablo Cordero and
	Manuel Enciso and
	Angel Mora and
	Manuel Ojeda{-}Aciego},
	title     = {Computing Minimal Generators from Implications: a Logic-guided Approach},
	booktitle = {CLA 2012},
	series    = {{CEUR} W.Proc.},
	volume    = {972},
	pages     = {187--198},
	publisher = {CEUR-WS.org},
	year      = {2012},
	url       = {http://ceur-ws.org/Vol-972/paper16.pdf},
	timestamp = {Wed, 12 Feb 2020 16:45:13 +0100},
	biburl    = {https://dblp.org/rec/conf/cla/CorderoEMO12.bib},
	bibsource = {dblp computer science bibliography, https://dblp.org}
}
% 
@article{BeVyAddgI,
	author    = {Radim Belohl{\'{a}}vek and
	Vil{\'{e}}m Vychodil},
	title     = {Attribute dependencies for data with grades {I}},
	journal   = {International Journal of General Systems},
	volume    = {45},
	number    = {7-8},
	pages     = {864--888},
	year      = {2016},
	url       = {https://doi.org/10.1080/03081079.2016.1205711},
	timestamp = {Thu, 20 Aug 2020 22:49:12 +0200},
	biburl    = {https://dblp.org/rec/journals/ijgs/BelohlavekV16.bib},
	bibsource = {dblp computer science bibliography, https://dblp.org}
}
% 
@article{BeVyAddgII,
	author    = {Radim Belohl{\'{a}}vek and
	Vil{\'{e}}m Vychodil},
	title     = {Attribute dependencies for data with grades {II}},
	journal   = {International Journal of General Systems},
	volume    = {46},
	number    = {1},
	pages     = {66--92},
	year      = {2017},
	url       = {https://doi.org/10.1080/03081079.2016.1205712},
	doi       = {10.1080/03081079.2016.1205712},
	timestamp = {Thu, 20 Aug 2020 22:49:00 +0200},
	biburl    = {https://dblp.org/rec/journals/ijgs/BelohlavekV17.bib},
	bibsource = {dblp computer science bibliography, https://dblp.org}}

% 
@article{Hashler,
	author    = {M. Hahsler and B. Grun and K. Hornik},
	title     = {arules - a Computational Environment for Mining Association Rules
	and Frequent Item Sets},
	journal   = {Journal of Statistical Software},
	volume    = {14},
	pages     = {1--25},
	year      = {2005},
	url={http://dx.doi.org/10.18637/jss.v014.i15}
}
% 
@incollection{Becker_2005,
	url = {https://doi.org/10.1007/11528784_17},
	year = 2005,
	publisher = {Springer Berlin Heidelberg},
	pages = {324--348},
	author = {Peter Becker and Joachim Hereth Correia},
	title = {The {ToscanaJ} Suite for Implementing Conceptual Information Systems},
	booktitle = {Formal Concept Analysis}
}
% 
@inproceedings{valtchev2003galicia,
	title={{Galicia}: an Open Platform for Lattices},
	author={Valtchev, Petko and Grosser, David and Roume, Cyril and Hacene, M Rouane},
	booktitle={ICCS’03},
	pages={241--254},
	year={2003},
	organization={Citeseer}
}
% 
@inproceedings{yevtushenko2000system,
	title={System of Data Analysis {Concept Explorer}},
	author={Yevtushenko, Serhiy A},
	booktitle={Proc. 7th National Conference on Artificial Intelligence (KII'00)},
	pages={127--134},
	year={2000}
}

% 
@article{hanika2019conexp,
	title={{Conexp-Clj} - A Research Tool for FCA},
	author={Hanika, Tom and Hirth, Johannes},
	journal={ICFCA (Supplements)},
	volume={2378},
	pages={70--75},
	year={2019}
}
% 
@article{demko2020galactic,
	title={{GALACTIC}: Galois Lattices, Concept Theory, Implicational Systems and Closures. A Set of python3 Packages for Studying Formal Concept Analysis},
	author={Demko, Christophe and Bertet, Karell},
	journal={Theoretical Computer Science},
	volume={845},
	pages={1--20},
	year={2020}
}
% 

@Manual{registry,
	title = {registry: Infrastructure for R Package Registries},
	author = {David Meyer},
	year = {2019},
	note = {R package version 0.5-1},
	url = {https://CRAN.R-project.org/package=registry},
}

% 
@Manual{R6,
	title = {R6: Encapsulated Classes with Reference Semantics},
	author = {Winston Chang},
	year = {2020},
	note = {R package version 2.5.0},
	url = {https://CRAN.R-project.org/package=R6},
}

@Manual{Matrix,
	title = {Matrix: Sparse and Dense Matrix Classes and Methods},
	author = {Douglas Bates and Martin Maechler},
	year = {2021},
	note = {R package version 1.3-3},
	url = {https://CRAN.R-project.org/package=Matrix},
}