@book{Agresti2007,
author = {A.~{Agresti}},
title = {{An Introduction to Categorical Data Analysis}},
publisher = {Wiley Hoboken USA second edition},
year = {2007}
}
@book{Lange2010,
author = {K.~{Lange}},
title = {{Numerical Analysis for Statisticians}},
publisher = {Springer New York USA second edition},
year = {2010}
}
@book{Marschner2010,
author = {I.~C. {Marschner}},
title = {{Stable computation of maximum likelihood estimates in identity link Poisson regression}},
publisher = {Journal of Computational and Graphical Statistics 19(3):},
pages = {666--683},
year = {2010}
}
@book{Marschner2011,
author = {I.~C. {Marschner}},
title = {{glm2: Fitting generalized linear models}},
publisher = {R package version 1.0},
year = {2011},
url = {http://CRAN.R-project.org/package=glm2}
}


