%% This BibTeX bibliography file was created using BibDesk.
%% http://bibdesk.sourceforge.net/


%% Created for Davy Paindaveine at 2014-08-28 21:43:32 +0200 


%% Saved with string encoding Unicode (UTF-8)

@article{Chaetal14a,
  Author =	 {Charlier, Isabelle and Paindaveine, Davy and
                  Saracco, J\'er\^ome},
  Journal =	 {Journal Statistical Planning and Inference},
  Volume =	 156,
  Pages =	 {14--30},
  Title =	 {Conditional quantile estimation through optimal
                  quantization},
  Year =	 2015
}

@article{Chaetal14b,
  Author =	 {Charlier, Isabelle and Paindaveine, Davy and
                  Saracco, J\'er\^ome},
  journal =	 {Computational Statistics \& Data Analysis},
  Volume =	 91,
  Pages =	 {20--39},
  Title =	 {Conditional quantile estimation based on optimal
                  quantization: from theory to practice},
  Year =	 2015
}

@article{Pages_al2004a,
  Author =	 {Pag{\`e}s, Gilles and Pham, Huy{\^e}n and Printems,
                  Jacques},
  journal =	 {Stochastics and Dynamics},
  Pages =	 {501--545},
  Title =	 {An optimal {M}arkovian quantization algorithm for
                  multi-dimensional stochastic control problems},
  Url =
                  {http://cyber.bu.u-bordeaux1.fr:2496/10.1142/S0219493704001231},
  Volume =	 4,
  Year =	 2004,
}

@incollection{Pages_al2004b,
  Address =	 {Boston, MA},
  Author =	 {Pag{\`e}s, Gilles and Pham, Huy{\^e}n and Printems,
                  Jacques},
  Booktitle =	 {Handbook of Computational and Numerical Methods in
                  Finance},
  Pages =	 {253--297},
  Publisher =	 {Birkh\"auser Boston},
  Title =	 {Optimal quantization methods and applications to
                  numerical problems in finance},
  Year =	 2004
}

@article{Pages03,
  Author =	 {Pag{\`e}s, Gilles and Printems, Jacques},
  Journal =	 {Monte Carlo Methods and Applications},
  Pages =	 {135--165},
  Title =	 {Optimal quadratic quantization for numerics: The
                  {G}aussian case},
  Volume =	 9,
  number =	 2,
  Year =	 2003
}

@article{Pages98,
  Author =	 {Pag{\`e}s, Gilles},
  journal =	 {Journal of Computational and Applied Mathematics},
  Number =	 1,
  Pages =	 {1--38},
  Title =	 {A space quantization method for numerical
                  integration},
  Volume =	 89,
  Year =	 1998
}

@PhdThesis{Zador,
  Author =	 {Zador, Paul Laszlo},
  school =	 {Stanford University},
  Title =	 {Development and Evaluation of Procedures for
                  Quantizing Multivariate Distributions},
  Year =	 1964,
}

@book{Graf_Lusch,
  Address =	 {Berlin},
  Author =	 {Graf, Siegfried and Luschgy, Harald},
  Publisher =	 {Springer-Verlag},
  Series =	 {Lecture Notes in Mathematics},
  Title =	 {Foundations of Quantization for Probability
                  Distributions},
  Volume =	 1730,
  Year =	 2000
}

@article{Bally_al,
  Author =	 {Bally, Vlad and Pag{\`e}s, Gilles and Printems,
                  Jacques},
  journal =	 {Mathematical Finance},
  Number =	 1,
  Pages =	 {119--168},
  Title =	 {A quantization tree method for pricing and hedging
                  multidimensional {A}merican options},
  Volume =	 15,
  Year =	 2005,
}

@article{Azais_al,
  Author =	 {Aza{\"{\i}}s, Romain and G{\'e}gout-Petit, Anne and
                  Saracco, J{\'e}r{\^o}me},
  Journal =	 {Journal Statistical Planning and Inference},
  Number =	 2,
  Pages =	 {481--492},
  Title =	 {Optimal quantization applied to sliced inverse
                  regression},
  Volume =	 142,
  Year =	 2012,
}

@article{BhattachGango,
  Author =	 {Bhattacharya, P. K. and Gangopadhyay, Ashis K.},
  journal =	 {The Annals of Statistics},
  Number =	 3,
  Pages =	 {1400--1415},
  Title =	 {Kernel and nearest-neighbor estimation of a
                  conditional quantile},
  Volume =	 18,
  Year =	 1990
}

@article{MR1885356,
  Author =	 {Cai, Zongwu},
  journal =	 {Econometric Theory},
  Number =	 1,
  Pages =	 {169--192},
  Title =	 {Regression quantiles for time series},
  Volume =	 18,
  Year =	 2002,
}

@article{MR1105843,
  Author =	 {Chaudhuri, Probal},
  journal =	 {The Annals of Statistics},
  Number =	 2,
  Pages =	 {760--777},
  Title =	 {Nonparametric estimates of regression quantiles and
                  their local {B}ahadur representation},
  Volume =	 19,
  Year =	 1991,
}

@article{MR1147121,
  Author =	 {Chaudhuri, Probal},
  journal =	 {Journal of Multivariate Analysis},
  Number =	 2,
  Pages =	 {246--269},
  Title =	 {Global nonparametric estimation of conditional
                  quantile functions and their derivatives},
  Volume =	 39,
  Year =	 1991,
}

@article{MR1209561,
  Author =	 {Fan, Jianqing},
  journal =	 {Journal of the American Statistical Association},
  Number =	 420,
  Pages =	 {998--1004},
  Title =	 {Design-adaptive nonparametric regression},
  Volume =	 87,
  Year =	 1992,
}

@article{Fan_et_al,
  Author =	 {Fan, Jianqing and Hu, T.-C. and Truong, Y.},
  journal =	 {Scandinavian Journal of Statistics},
  Number =	 4,
  Pages =	 {433--446},
  Title =	 {Robust nonparametric function estimation},
  Volume =	 21,
  Year =	 1994
}

@article{MR1399164,
  Author =	 {Fan, Jianqing and Yao, Qiwei and Tong, Howell},
  journal =	 {Biometrika},
  Number =	 1,
  Pages =	 {189--206},
  Title =	 {Estimation of conditional densities and sensitivity
                  measures in nonlinear dynamical systems},
  Volume =	 83,
  Year =	 1996,
}

@article{Gannoun_Saracco,
  Author =	 {Gannoun, Ali and Girard, St{\'e}phane and Guinot,
                  Christiane and Saracco, J{\'e}r{\^o}me},
  journal =	 {Statistics in Medicine},
  Number =	 4,
  Pages =	 {3119--3135},
  Title =	 {Reference curves based on non-parametric quantile
                  regression},
  Volume =	 21,
  Year =	 2002
}

@article{MR2232341,
  Author =	 {Gannoun, Ali and Saracco, J{\'e}r{\^o}me and Yuan,
                  Ao and Bonney, George E.},
  journal =	 {Scandinavian Journal of Statistics},
  Number =	 4,
  Pages =	 {527--550},
  Title =	 {Non-parametric quantile regression with censored
                  data},
  Volume =	 32,
  Year =	 2005,
}

@article{MR2056827,
  Author =	 {Gannoun, Ali and Girard, St{\'e}phane and Guinot,
                  Christiane and Saracco, J{\'e}r{\^o}me},
  journal =	 {Computational Statistics \& Data Analysis},
  Number =	 1,
  Pages =	 {103--122},
  Title =	 {Sliced inverse regression in reference curves
                  estimation},
  Volume =	 46,
  Year =	 2004,
}

@article{MR1689221,
  Author =	 {Hall, Peter and Wolff, Rodney C. L. and Yao, Qiwei},
  journal =	 {Journal of the American Statistical Association},
  Number =	 445,
  Pages =	 {154--163},
  Title =	 {Methods for estimating a conditional distribution
                  function},
  Volume =	 94,
  Year =	 1999,
}

@article{MR1625950,
  Author =	 {He, Xuming and Ng, Pin and Portnoy, Stephen},
  journal =	 {Journal of the Royal Statistical Society, Series B
                  (Statistical Methodology)},
  Number =	 3,
  Pages =	 {537--550},
  Title =	 {Bivariate quantile smoothing splines},
  Volume =	 60,
  Year =	 1998,
}

@article{HeagertyPepe,
  Author =	 {Heagerty, Patrick and Pepe, M.},
  journal =	 {Journal of The Royal Statistical Society, Series C
                  (Applied Statistics)},
  Number =	 4,
  Pages =	 {533--551},
  Title =	 {Semiparametric estimation of regression quantiles
                  with application to standardizing weight for height
                  and age in {US} children},
  Volume =	 48,
  Year =	 1999
}

@article{MR1069903,
  Author =	 {Jones, M. C. and Hall, Peter},
  journal =	 {Statistics \& Probability Letters},
  Number =	 4,
  Pages =	 {283--289},
  Title =	 {Mean squared error properties of kernel estimates of
                  regression quantiles},
  Volume =	 10,
  Year =	 1990,
}

@article{MR1752335,
  Author =	 {Koenker, Roger},
  journal =	 {Journal of Econometrics},
  Number =	 2,
  Pages =	 {347--374},
  Title =	 {Galton, {E}dgeworth, {F}risch, and prospects for
                  quantile regression in econometrics},
  Volume =	 95,
  Year =	 2000,
}

@article{KoenkerBassett,
  Author =	 {Koenker, Roger and Bassett, Jr., Gilbert},
  Journal =	 {Econometrica},
  Number =	 1,
  Pages =	 {33--50},
  Title =	 {Regression quantiles},
  Volume =	 46,
  Year =	 1978
}

@article{KoenkerHallock,
  Author =	 {Koenker, Roger and Hallock, K.},
  Journal =	 {Journal of Economic Perspective},
  Number =	 4,
  Pages =	 {143--156},
  Title =	 {Quantiles regression},
  Volume =	 15,
  Year =	 2001
}

@article{MR943904,
  Author =	 {Lejeune, Michel G. and Sarda, Pascal},
  journal =	 {Computational Statistics \& Data Analysis},
  Number =	 3,
  Pages =	 {229--239},
  Title =	 {Quantile regression: A nonparametric approach},
  Url =
                  {http://cyber.bu.u-bordeaux1.fr:2496/10.1016/0167-9473(88)90003-5},
  Volume =	 6,
  Year =	 1988,
}

@article{MR2459343,
  Author =	 {Li, Qi and Racine, Jeffrey S.},
  journal =	 {Journal of Business \& Economic Statistics},
  Number =	 4,
  Pages =	 {423--434},
  Title =	 {Nonparametric estimation of conditional {CDF} and
                  quantile functions with mixed categorical and
                  continuous data},
  Volume =	 26,
  Year =	 2008,
}

@article{MR1711639,
  Author =	 {Yu, Keming},
  Journal =	 {Statistica Sinica},
  Number =	 3,
  Pages =	 {759--774},
  Title =	 {Smoothing regression quantile by combining
                  {$k$}-{NN} estimation with local linear kernel
                  fitting},
  Volume =	 9,
  Year =	 1999
}

@article{MR1924011,
  Author =	 {Yu, Keming},
  journal =	 {Computational Statistics \& Data Analysis},
  Number =	 2,
  Pages =	 {303--315},
  Title =	 {Quantile regression using {RJMCMC} algorithm},
  Volume =	 40,
  Year =	 2002,
}

@article{Yu_Jones,
  Author =	 {Yu, Keming and Jones, M. C.},
  journal =	 {Computational Statistics \& Data Analysis},
  Pages =	 {159--166},
  Title =	 {A comparison of local constant and local linear
                  regression quantile estimators},
  Volume =	 25,
  Year =	 1997
}

@article{YuJones2,
  Author =	 {Yu, Keming and Jones, M. C.},
  journal =	 {Journal of the American Statistical Association},
  Number =	 441,
  Pages =	 {228--237},
  Title =	 {Local linear quantile regression},
  Volume =	 93,
  Year =	 1998
}

@article{Yu_al,
  Author =	 {Yu, Keming and Lu, Z. and Stander, J.},
  journal =	 {Journal of the Royal Statistical Society, Series D
                  (The Statistician)},
  Number =	 3,
  Pages =	 {331--350},
  Title =	 {Quantile regression: Applications and current
                  research areas},
  Volume =	 52,
  Year =	 2003
}

@article{KoenkerMizera,
  Author =	 {Koenker, Roger and Mizera, Ivan},
  journal =	 {Journal of the Royal Statistical Society, Series
                  B (Statistical Methodology)},
  Number =	 1,
  Pages =	 {145--163},
  Title =	 {Penalized triograms: Total variation regularization
                  for bivariate smoothing},
  Volume =	 66,
  Year =	 2004
}

@article{Koenker94,
  Author =	 {Koenker, Roger and Ng, Pin and Portnoy, Stephen},
  Journal =	 {Biometrika},
  Number =	 4,
  Pages =	 {673--680},
  Title =	 {Quantile smoothing splines},
  Volume =	 81,
  Year =	 1994,
}

@article{Muggeo,
  year =	 2013,
  journal =	 {Environmental and Ecological Statistics},
  volume =	 20,
  number =	 4,
  title =	 {Estimating growth charts via nonparametric quantile
                  regression: A practical framework with application
                  in ecology},
  author =	 {Muggeo, Vito M. R. and Sciandra, Mariangela and
                  Tomasello, Agostino and Calvo, Sebastiano},
  pages =	 {519--531},
}

@Manual{rgl,
  title =	 {rgl: 3D Visualization Device System (OpenGL)},
  author =	 {Daniel Adler and Duncan Murdoch and {others}},
  year =	 {2015},
  note =	 {R package version 0.95.1367},
  url =		 {https://CRAN.R-project.org/package=rgl},
}

@Manual{QuantifQuantile,
  title =	 {QuantifQuantile: Estimation of Conditional Quantiles
                  using Optimal Quantization},
  author =	 {Isabelle Charlier and Davy Paindaveine and Jerome
                  Saracco},
  year =	 2015,
  note =	 {R package version 2.0},
  url =		 {https://CRAN.R-project.org/package=QuantifQuantile},
}

@Manual{quantreg,
  title =	 {quantreg: Quantile Regression},
  author =	 {Roger Koenker},
  year =	 {2015},
  note =	 {R package version 5.19},
  url =		 {https://CRAN.R-project.org/package=quantreg},
}

@Manual{quantregGrowth,
  title =	 {quantregGrowth: Growth Charts via Regression
                  Quantiles},
  author =	 {V. M. R. Muggeo},
  year =	 2015,
  note =	 {R package version 0.3-1},
  url =		 {https://CRAN.R-project.org/package=quantregGrowth},
}









