@Article{Akaike:1974,
  author = {H. Akaike},
  journal = {IEEE Transactions an Automatic Control},
  number = {6},
  pages = {716--723},
  title = {A New Look at Model Identification},
  volume = {19},
  year = {1974},
}

@Article{Calcagno:2010,
  author = {V. Calcagno and C. {de Mazancourt}},
  journal = {Journal of Statistical Software},
  number = {12},
  title = {Glmulti: An {R} Package for Easy Automated Model Selection with (Generalized) Linear Models},
  volume = {34},
  year = {2010},
}

@Article{Cox:1972,
  author = {D. R. Cox},
  journal = {Journal of the Royal Statistical Society B},
  number = {2},
  pages = {187--220},
  title = {Regression Models and Life Tables (with Discussion)},
  volume = {34},
  year = {1972},
}

@Article{Cox:1975,
  author = {D. R. Cox},
  journal = {Biometrika},
  number = {2},
  pages = {269--276},
  title = {Partial Likelihood},
  volume = {62},
  year = {1975},
}

@Article{Fan:2002,
  author = {J. Fan and R. Li},
  journal = {The Annals of Statistics},
  number = {1},
  pages = {74--99},
  title = {Variable Selection for Cox's Proportional Hazards Model and Frailty Model},
  volume = {30},
  year = {2002},
}

@Article{Friedman:2010,
  author = {J. H. Friedman and T. Hastie and R. Tibshirani},
  journal = {Journal of Statistical Software},
  number = {1},
  title = {Regularization Paths for Generalized Linear Models via Coordinate Descent},
  volume = {33},
  year = {2010},
}

@Article{Leeb:2005,
  author = {H. Leeb and B. M. P\"{o}tscher},
  journal = {Econometric Theory},
  number = {1},
  pages = {21--59},
  title = {Model Selection and Inference: Facts and Fiction},
  volume = {21},
  year = {2005},
}

@Article{2016-81-Mullen:2014,
  author = {K. M. Mullen},
  journal = {Journal of Statistical Software},
  number = {6},
  title = {Continuous Global Optimization in {R}},
  volume = {60},
  url = {https://www.jstatsoft.org/article/view/v060i06/v60i06.pdf},
  year = {2014},
}

@Article{Saldana:2016,
  author = {D. F. Saldana and Y. Feng},
  title = {{SIS}: An {R} Package for Sure Independence Screening in Ultrahigh-Dimensional Statistical Models},
  year = {2016},
  note = {In press},
  journal = {Journal of Statistical Software},
  url = {http://www.stat.columbia.edu/~diego/PapersandDraft/SIS.pdf},
}

@Article{Schwarz:1978,
  author = {G. Schwarz},
  journal = {The Annals of Statistics},
  number = {2},
  pages = {461--464},
  title = {Estimating the Dimension of a Model},
  volume = {6},
  year = {1978},
}

@Article{Su:2015,
  author = {X. Su},
  journal = {Journal of Computational and Graphical Statistics},
  number = {4},
  pages = {1092--1113},
  title = {Variable Selection via Subtle Uprooting},
  volume = {24},
  year = {2015},
}

@Article{Su:2016,
  author = {X. Su and C. S. Wijayasinghe and J. Fan and Y. Zhang},
  journal = {Biometrics},
  title = {Sparse Estimation of Cox Proportional Hazards Models via Approximated Information Criteria},
  volume = {72},
  pages = {751--759},
  year = {2016},
}

@Article{Therneau:2000,
  author = {T. Therneau and P. Grambsch},
  journal = {Springer-Verlag},
  title = {Modeling Survival Data: Extending the Cox Model},
  isbn = {0-387-98784-3},
  year = {2000},
}

@Article{Tibshirani:1997,
  author = {R. Tibshirani},
  journal = {Statistics in Medicine},
  number = {4},
  pages = {385--395},
  title = {The {LASSO} Method for Variable Selection in the {Cox} Model},
  volume = {16},
  year = {1997},
}

@Article{Vollinsky:2000,
  author = {C. T. Vollinsk and A. E. Raftery},
  journal = {Biometrics},
  number = {1},
  pages = {256--262},
  title = {Bayesian Information Criterion for Censored Survival Models},
  volume = {56},
  year = {2000},
}

@Article{Zhang:2007,
  author = {H. Zhang and W. Lu},
  journal = {Biometrika},
  number = {3},
  pages = {691--703},
  title = {Adaptive Lasso for {Cox}'s Proportional Hazards Model},
  volume = {94},
  year = {2007},
}

@Article{Fan2010,
  author = {J. Fan and Y. Feng and Y. Wu},
  journal = {The Institute of Mathematical Statistics},
  pages = {70--86},
  title = {High-Dimensional Variable Selection for Cox's Proportional Hazards Model},
  volume = {6},
  year = {2010},
}
