@Article{gleditsch2006conflicts,
  title = {Conflicts over Shared Rivers: Resource Scarcity or Fuzzy Boundaries?},
  author = {Nils Petter Gleditsch and Kathryn Furlong and H\aavard Hegre and Bethany Lacina and Taylor Owen},
  journal = {Political Geography},
  volume = {25},
  number = {4},
  pages = {361--382},
  year = {2006},
  publisher = {Elsevier},
}

@Article{alghamdi2002,
  author = {Ali Al-Ghamdi},
  title = {Using Logistic Regression to Estimate the Influence of  Accident Factors on Accident Severity},
  journal = {Accident Analysis and Prevention},
  year = {2002},
  volume = {34},
  number = {6},
  pages = {729--741},
}

@Article{bailey2016,
  title = {Grades and Incentives: Assessing Competing Grade Point  Average Measures and Postgraduate Outcomes},
  author = {Michael A Bailey and Jeffrey S Rosenthal and Albert H Yoon},
  journal = {Studies in Higher Education},
  volume = {41},
  number = {9},
  pages = {1548--1562},
  year = {2016},
  publisher = {Routledge},
}

@Book{baltagi2001,
  author = {Badi Baltagi},
  title = {Econometric Analysis of Panel Data},
  publisher = {John Wiley \& Sons},
  address = {Chichester, UK},
  year = {2001},
}

@Article{BeckKatzTucker1998,
  author = {Nathaniel Beck and Jonathan Katz and Richard Tucker},
  title = {Taking Time Seriously: Time-Series-Cross-Section Analysis  with a Binary Dependent Variable},
  journal = {American Journal of Political Science},
  year = {1998},
  volume = {42},
  number = {4},
  pages = {1260-1288},
  file = {:C\:\\Users\\larwilli\\Documents\\Research\\Articles\\Conflict\\Methodology\\Beck,
          Katz and Tucker 1998.pdf:PDF},
}

@Article{CarterSignorino2010,
  author = {David B. Carter and Curtis S. Signorino},
  title = {Back to the Future: Modeling Time Dependence in Binary  Data},
  journal = {Political Analysis},
  year = {2010},
  volume = {18},
  pages = {271-292},
}

@Manual{CiteR,
  title = {{{R}: A Language and Environment for Statistical  Computing}},
  author = {{R Core Team}},
  organization = {R Foundation for Statistical Computing},
  address = {Vienna, Austria},
  year = {2017},
  url = {https://www.R-project.org/},
  note = {Version 3.4.0},
}

@Manual{citeStata,
  author = {{StataCorp}},
  title = {Stata Statistical Software: Release 11},
  year = {2009},
  publisher = {StataCorp LP},
  address = {College Station},
  url = {http://www.stata.com/},
}

@Book{collier2003,
  title = {Breaking the Conflict Trap},
  author = {Paul Collier and V. L. Elliot and Havard Hegre and Anke Hoeffler and Marta Reynal-Querol and Nicholas Sambanis},
  year = {2003},
  publisher = {Oxford University Press},
  address = {New York},
}

@Article{deBoefKeele2008,
  title = {Taking Time Seriously},
  author = {Suzanna {De Boef} and Luke Keele},
  journal = {American Journal of Political Science},
  volume = {52},
  number = {1},
  pages = {184--200},
  year = {2008},
}

@Article{GandrudWilliamsWhitten2016,
  author = {Christopher Gandrud and Laron K Williams and Guy D Whitten},
  title = {Visualize Dynamic Simulations of Autoregressive  Relationships in R},
  journal = {The Political Methodologist},
  year = {2016},
  volume = {23},
  number = {2},
  pages = {6-10},
}

@Article{gelman2004,
  title = {Direct Data Manipulation for Local Decision Analysis as  Applied to the Problem of Arsenic in Drinking Water from  Tube Wells in Bangladesh},
  author = {Andrew Gelman and Matilde Trevisani and Hao Lu and Alexander {Van Geen}},
  journal = {Risk Analysis},
  volume = {24},
  number = {6},
  pages = {1597--1612},
  year = {2004},
  publisher = {John Wiley \& Sons},
}

@Book{grunfeld1958,
  author = {Yehuda Grunfeld},
  title = {The Determinants of Corporate Investment},
  publisher = {PhD thesis University of Chicago},
  year = {1958},
}


@Article{keating2004,
  title = {Use and Interpretation of Logistic Regression in  Habitat-Selection Studies},
  author = {Kim A Keating and Steve Cherry},
  journal = {Journal of Wildlife Management},
  volume = {68},
  number = {4},
  pages = {774--789},
  year = {2004},
  publisher = {BioOne},
}

@Article{king2000,
  author = {Gary King and Michael Tomz and Jason Wittenberg},
  title = {{Making the Most of Statistical Analyses: Improving  Interpretation and Presentation}},
  journal = {American Journal of Political Science},
  year = {2000},
  volume = {44},
  number = {2},
  pages = {347--361},
}

@Article{maddala1982,
  title = {On Measuring Discrimination in Loan Markets},
  author = {George S Maddala and Robert P Trost},
  journal = {Housing Finance Review},
  volume = {1},
  number = {3},
  pages = {245--268},
  year = {1982},
}

@Article{mroz1987,
  title = {The Sensitivity of an Empirical Model of Married Women's  Hours of Work to Economic and Statistical Assumptions},
  author = {Thomas A Mroz},
  journal = {Econometrica: Journal of the Econometric Society},
  pages = {765--799},
  year = {1987},
  volume = {55},
  number = {4},
  publisher = {JSTOR},
}

@Manual{r-damisc,
  title = {{\pkg{DAMisc}: Dave Armstrong's Miscellaneous Functions}},
  author = {Dave Armstrong},
  year = {2016},
  note = {R package version 1.4-3},
  url = {https://CRAN.R-project.org/package=DAMisc},
}

@Manual{r-dynsim,
  title = {{\pkg{dynsim}: Dynamic Simulations of Autoregressive  Relationships}},
  author = {Christopher Gandrud and Laron K. Williams and Guy D. Whitten},
  year = {2015},
  note = {R package version 1.2.1},
  url = {https://CRAN.R-project.org/package=dynsim},
}

@Manual{r-ggplot2,
  title = {{\pkg{ggplot2}: Create Elegant Data Visualisations Using  the Grammar of Graphics}},
  author = {Hadley Wickham and Winston Chang},
  year = {2016},
  note = {R package version 2.2.1},
  url = {https://CRAN.R-project.org/package=ggplot2},
}

@Manual{r-knitr,
  title = {{\pkg{knitr}: A General-Purpose Package for Dynamic Report  Generation in R}},
  author = {Yihui Xie},
  year = {2016},
  note = {R package version 1.15.1},
  url = {https://CRAN.R-project.org/package=knitr},
}

@Manual{r-pltesim,
  title = {{\pkg{pltesim}: Simulate Probabilistic Long-Term Effects  in Models with Temporal Dependence}},
  author = {Christopher Gandrud and Laron K. Williams},
  year = {2017},
  note = {R package version 1.0},
  url = {https://CRAN.R-project.org/package=pltesim},
}

@Manual{r-repmis,
  title = {{\pkg{repmis}: Miscellaneous Tools for Reproducible  Research}},
  author = {Christopher Gandrud},
  year = {2016},
  note = {R package version 0.5},
  url = {https://CRAN.R-project.org/package=repmis},
}

@Manual{R-Zelig,
  title = {{\pkg{Zelig}: Everyone's Statistical Software}},
  author = {Christine Choirat and Christopher Gandrud and James Honaker and Kosuke Imai and Gary King and Olivia Lau},
  year = {2017},
  note = {R package version 5.0-18},
  url = {https://cran.r-project.org/package=Zelig},
}

@Manual{rcore,
  title = {R: A Language and Environment for Statistical Computing},
  author = {{R Core Team}},
  organization = {R Foundation for Statistical Computing},
  address = {Vienna, Austria},
  year = {2013},
  url = {http://www.R-project.org/},
}

@Article{simph_jss,
  author = {Christopher Gandrud},
  title = {{simPH: An R Package for Illustrating Estimates from Cox  Proportional Hazard Models Including for Interactive and  Nonlinear Effects}},
  journal = {Journal of Statistical Software},
  year = {2015},
  volume = {65},
  issue = {3},
  pages = {1--20},
}

@Article{Williams2016,
  author = {Laron K Williams},
  title = {Long-Term Effects in Models with Temporal Dependence},
  journal = {Political Analysis},
  year = {2016},
  volume = {24},
  pages = {243-262},
}

@Article{WilliamsWhitten2011,
  author = {Laron K Williams and Guy D Whitten},
  title = {{Dynamic Simulations of Autoregressive Relationships}},
  journal = {The Stata Journal},
  year = {2011},
  volume = {11},
  number = {4},
  pages = {577--588},
}

@Article{WilliamsWhitten2012,
  author = {Laron K Williams and Guy D Whitten},
  title = {{But Wait, There's More! Maximizing Substantive Inferences  from TSCS Models}},
  journal = {Journal of Politics},
  year = {2012},
  volume = {74},
  number = {03},
  pages = {685--693},
}
