@book{Ascher95,
author = {U.~{Ascher, R.~Mattheij, and R.~Russell}},
title = {{Numerical Solution of Boundary Value Problems for Ordinary Differential Equations}},
publisher = {Philadelphia PA},
year = {1995}
}
@book{Ascher98,
author = {U.~M. {Ascher and L.~R. Petzold}},
title = {{Computer Methods for Ordinary Differential Equations and Differential-Algebraic Equations}},
publisher = {SIAM Philadelphia},
year = {1998}
}
@book{Bader,
author = {G.~{Bader and U.~Ascher}},
title = {{A new basis implementation for a mixed order boundary value ODE solver}},
publisher = {SIAM J Scient Stat Comput. 8:},
pages = {483--500},
year = {1987}
}
@book{Matrix,
author = {D.~{Bates and M.~Maechler}},
title = {{pkgMatrix: A Matrix Package for R, }},
publisher = {R package version 0.999375-9},
year = {2008}
}
@book{Bogacki1989,
author = {P.~{Bogacki and L.~Shampine}},
title = {{A 3(2) pair of Runge-Kutta formulas}},
publisher = {Appl Math Lett. 2:},
pages = {1--9},
year = {1989}
}
@book{Brenan96,
author = {K.~E. {Brenan, S.~L. Campbell, and L.~R. Petzold}},
title = {{Numerical Solution of Initial-Value Problems in Differential-Algebraic Equations}},
publisher = {SIAM Classics in Applied Mathematics},
year = {1996}
}
@book{Brown89,
author = {P.~N. {Brown, G.~D. Byrne, and A.~C. Hindmarsh}},
title = {{pkgVODE, a variable-coefficient ode solver}},
publisher = {SIAM J Sci Stat Comput. 10:},
pages = {1038--1051},
year = {1989}
}
@book{Butcher1987,
author = {J.~C. {Butcher}},
title = {{The Numerical Analysis of Ordinary Differential Equations, Runge-Kutta and General Linear Methods}},
publisher = {Wiley Chichester New York},
year = {1987}
}
@book{Cashweb,
author = {J.~R. {Cash}},
title = {{35 Test Problems for Two Way Point Boundary Value Problems, }},
publisher = {~jcash/BVP_software/PROBLEMS.PDF},
year = {2009},
url = {http://www.ma.ic.ac.uk/}
}
@book{Cash1990,
author = {J.~R. {Cash and A.~H. Karp}},
title = {{A variable order Runge-Kutta method for initial value problems with rapidly varying right-hand sides}},
publisher = {ACM Transactions on Mathematical Software 16:},
pages = {201--222},
year = {1990}
}
@book{CashMazz,
author = {J.~R. {Cash and F.~Mazzia}},
title = {{A new mesh selection algorithm, based on conditioning, for two-point boundary value codes}},
publisher = {J Comput Appl Math. 184:},
pages = {362--381},
year = {2005}
}
@book{PBSddesolve,
author = {A.~{Couture-Beil, J.~T. Schnute, and R.~Haigh}},
title = {{pkgPBSddesolve: Solver for Delay Differential Equations, }},
publisher = {R package version 1.08.11},
year = {2010}
}
@book{Dormand1980,
author = {J.~R. {Dormand and P.~J. Prince}},
title = {{A family of embedded Runge-Kutta formulae}},
publisher = {J Comput Appl Math. 6:},
pages = {19--26},
year = {1980}
}
@book{Hairer2,
author = {E.~{Hairer and G.~Wanner}},
title = {{Solving Ordinary Differential Equations II: Stiff and Differential-Algebraic Problems. Second Revised Edition}},
publisher = {Springer-Verlag Heidelberg},
year = {2010}
}
@book{Hairer1,
author = {E.~{Hairer, S.~P. No{\o}rsett, and G.~Wanner}},
title = {{Solving Ordinary Differential Equations I: Nonstiff Problems. Second Revised Edition}},
publisher = {Springer-Verlag Heidelberg},
year = {2009}
}
@book{Hamdi2007,
author = {S.~{Hamdi, W.~E. Schiesser, and G.~W. Griffiths}},
title = {{Method of lines}},
publisher = {Scholarpedia 2 (7): 2859},
year = {2007}
}
@book{Hindmarsh1983,
author = {A.~C. {Hindmarsh}},
title = {{pkgODEPACK, a systematized collection of ODE solvers}},
publisher = {In R.~Stepleman editor Scientific Computing Vol 1 of IMACSTransactions on Scientific Computation pages  IMACS / North-Holland,Amsterdam},
pages = {55--64},
year = {1983}
}
@book{Hundsdorfer,
author = {W.~{Hundsdorfer and J.~Verwer}},
title = {{Numerical Solution of Time-Dependent Advection-Diffusion-Reaction Equations. Springer Series in Computational Mathematics}},
publisher = {Springer-Verlag Berlin},
year = {2003}
}
@book{sde,
author = {S.~M. {Iacus}},
title = {{pkgsde: Simulation and Inference for Stochastic Differential Equations, }},
publisher = {proglangR package version 2.0.3},
year = {2008}
}
@book{IEEE754,
author = {{IEEE {Standard 754}}},
title = {{}},
publisher = {Ieee standard for floating-point arithmetic Aug},
year = {2008}
}
@book{pomp,
author = {A.~A. {King, E.~L. Ionides, and C.~M. Breto}},
title = {{pkgpomp: Statistical Inference for Partially Observed Markov Processes, }},
publisher = {proglangR package version 0.21-3},
year = {2008}
}
@book{LeVeque2007,
author = {R.~J. {LeVeque}},
title = {{Finite Difference Methods for Ordinary and Partial Differential Equations, Steady State and Time Dependent Problems}},
publisher = {SIAM},
year = {2007}
}
@book{testset,
author = {F.~{Mazzia and C.~Magherini}},
title = {{Test Set for Initial Value Problem Solvers, release 2.4}},
publisher = {Department of Mathematics University of Bari Italy   ~testset Report 4/},
year = {2008},
url = {http://pitagora.dm.uniba.it/}
}
@book{Petzold1983,
author = {L.~R. {Petzold}},
title = {{Automatic selection of methods for solving stiff and nonstiff systems of ordinary differential equations}},
publisher = {SIAM J Sci Stat Comput. 4:},
pages = {136--148},
year = {1983}
}
@book{Petzoldt03,
author = {T.~{Petzoldt}},
title = {{R as a simulation platform in ecological modelling}},
publisher = {R News 3 (3):},
pages = {8--16},
year = {2003}
}
@book{Press2007,
author = {W.~H. {Press, S.~A. Teukolsky, W.~T. Vetterling, and B.~P. Flannery}},
title = {{Numerical Recipes: The Art of Scientific Computing}},
publisher = {Cambridge University Press 3rd edition},
year = {2007}
}
@book{Prince1981,
author = {P.~J. {Prince and J.~R. Dormand}},
title = {{High order embedded Runge-Kutta formulae}},
publisher = {J Comput Appl Math. 7:},
pages = {67--75},
year = {1981}
}
@book{R2009,
author = {{R {Development Core Team}}},
title = {{R: A Language and Environment for Statistical Computing}},
publisher = {R Foundation for Statistical Computing Vienna Austria},
year = {2009},
url = {http://www.R-project.org},
isbn = {3-900051-07-0}
}
@book{Radivoyevitch2009,
author = {T.~{Radivoyevitch}},
title = {{Equilibrium model selection: dTTP induced R1 dimerization}},
publisher = {BMC Systems Biology 2: 15},
year = {2008}
}
@book{Robertson1966,
author = {H.~H. {Robertson}},
title = {{The solution of a set of reaction rate equations}},
publisher = {In J.~Walsh editor Numerical Analysis: An Introduction,pages  Academic Press London},
pages = {178--182},
year = {1966}
}
@book{Schiesser91,
author = {W.~E. {Schiesser}},
title = {{The Numerical Method of Lines: Integration of Partial Differential Equations}},
publisher = {Academic Press San Diego},
year = {1991}
}
@book{odesolve,
author = {R.~W. {Setzer}},
title = {{The pkgodesolve Package: Solvers for Ordinary Differential Equations, }},
publisher = {proglangR package version 0.1-1},
year = {2001}
}
@book{rootSolve,
author = {K.~{Soetaert}},
title = {{pkgrootSolve: Nonlinear Root Finding, Equilibrium and Steady-State Analysis of Ordinary Differential Equations, }},
publisher = {R package version 1.6},
year = {2009}
}
@book{Soetaert08,
author = {K.~{Soetaert and P.~M.~J. Herman}},
title = {{A Practical Guide to Ecological Modelling. Using R as a Simulation Platform}},
publisher = {Springer},
year = {2009},
isbn = {978-1-4020-8623-6}
}
@book{ReacTran,
author = {K.~{Soetaert and F.~Meysman}},
title = {{pkgReacTran: Reactive Transport Modelling in 1D, 2D and 3D, }},
publisher = {R package version 1.2},
year = {2010}
}
@book{FME,
author = {K.~{Soetaert and T.~Petzoldt}},
title = {{Inverse modelling, sensitivity and Monte Carlo analysis in proglangR using package pkgFME}},
publisher = {Journal of Statistical Software 33 (3):},
pages = {1--28},
year = {2010},
url = {http://www.jstatsoft.org/v33/i03/}
}
@book{bvpSolve,
author = {K.~{Soetaert, J.~R. Cash, and F.~Mazzia}},
title = {{pkgbvpSolve: Solvers for Boundary Value Problems of Ordinary Differential Equations, natexlaba}},
publisher = {R package version 1.2},
year = {2010}
}
@book{Soetaert2010,
author = {K.~{Soetaert, T.~Petzoldt, and R.~W. Setzer}},
title = {{Solving differential equations in proglangR: Package pkgdeSolve}},
publisher = {Journal of Statistical Software 33 (9): natexlabb ISSN 1548-7660},
pages = {1--25},
year = {2010},
url = {http://www.jstatsoft.org/v33/i09}
}
@book{compiledCode,
author = {K.~{Soetaert, T.~Petzoldt, and R.~W. Setzer}},
title = {{proglangR Package pkgdeSolve: Writing Code in Compiled Languages, natexlabc}},
publisher = {pkgdeSolve vignette - proglangR package version 1.8},
year = {2010}
}
@book{deSolveVignette,
author = {K.~{Soetaert, T.~Petzoldt, and R.~W. Setzer}},
title = {{R Package pkgdeSolve: Solving Initial Value Differential Equations, natexlabd}},
publisher = {pkgdeSolve vignette - proglangR package version 1.8},
year = {2010}
}
@book{Stevens09,
author = {M.~H.~H. {Stevens}},
title = {{A Primer of Ecology with R}},
publisher = {Use R Series Springer  :},
year = {2009},
isbn = {978-0-387-89881-0}
}
@book{Strang1973,
author = {G.~{Strang and G.~Fix}},
title = {{An Analysis of The Finite Element Method}},
publisher = {Prentice Hall},
year = {1973}
}
@book{Tornoe2004,
author = {C.~W. {Tornøe, H.~Agersø, E.~N. Jonsson, H.~Madsen, and H.~A. Nielsen}},
title = {{Non-linear mixed-effects pharmacokinetic/pharmacodynamic modelling in nlme using differential equations}},
publisher = {Computer Methods and Programs in Biomedicine 76:},
pages = {31--40},
year = {2004}
}
@book{vanderPol1927,
author = {B.~{van der {Pol} and J.~{van der Mark}}},
title = {{Frequency demultiplication}},
publisher = {Nature 120:},
pages = {363--364},
year = {1927}
}

