@book{sp2,
  title={Applied Spatial Data: Analysis with {R}},
  author={Bivand, Roger S. and Pebesma, Edzer J. and Rubio, Virgilio G{\'o}mez},
  year={2008},
  publisher={Springer},
  address={New York},
  url={http://www.asdar-book.org/}
}

@Manual{rjson,
  title = {rjson: JSON for {R}},
  author = {Alex Couture-Beil},
  year = {2013},
  note = {R package version 0.2.12},
  url = {http://CRAN.R-project.org/package=rjson}
}

@Manual{geocode,
  title = {The Google Geocoding API},
  author = {Google, Inc.},
  year = {2012},
  url = {http://code.google.com/apis/maps/documentation/geocoding/}
}

@Manual{distance,
  title = {The Google Distance Matrix API},
  author = {Google, Inc.},
  year = {2012},
  url = {http://code.google.com/apis/maps/documentation/distancematrix/}
}

@Manual{directions,
  title = {The Google Directions Matrix API},
  author = {Google, Inc.},
  year = {2012},
  url = {http://developers.google.com/maps/documentation/directions/}
}

@Manual{RgoogleMaps,
  title = {RgoogleMaps: Overlays on Google Map Tiles in {R}},
  author = {Markus Loecher and {Berlin School of Economics and Law}},
  year = {2013},
  note = {R package version 1.2.0.3},
  url = {http://CRAN.R-project.org/package=RgoogleMaps},
}

@article{sp1,
  title={Classes and methods for spatial data in {R}},
  author={Pebesma, E. J. and Bivand, R. S.},
  journal={{R} News},
  volume={5},
  number={2},
  year={2006},
  url={http://cran.r-project.org/doc/Rnews/}
}

@Article{osmar,
  title = {osmar: OpenStreetMap and {R}},
  author = {Eugster, M. J. A. and Schlesinger, T.},
  journal = {The R Journal},
  year = {2013},
  volume={5},
  number={1},
}

@Manual{census,
  title = {Census 2000: Census Tract Cartographic Boundary Files},
  author = {{U.S. Census Bureau, Geography Division, Cartographic Products Management Branch}},
  year = {2001},
  url = {http://www.census.gov/geo/www/cob/tr2000.html}
}

@Book{ggplot2,
  author = {Hadley Wickham},
  title = {ggplot2: Elegant Graphics for Data Analysis},
  publisher = {Springer},
  address={New York},
  year = {2009},
  url = {http://had.co.nz/ggplot2/book},
}

@article{layeredgrammar,
  title={A layered grammar of graphics},
  author={Wickham, H.},
  journal={Journal of Computational and Graphical Statistics},
  volume={19},
  number={1},
  pages={3--28},
  year={2010},
  publisher={Taylor \& Francis}
}

@article{plyr,
  title={The split-apply-combine strategy for data analysis},
  author={Wickham, H.},
  journal={Journal of Statistical Software},
  volume={40},
  number={1},
  pages={1--29},
  year={2011},
  publisher={Citeseer},
  url={http://www.jstatsoft.org/v40/i01/}
}


@book{grammar,
  title={The Grammar of Graphics},
  author={Wilkinson, L.},
  year={2005},
  ed={2},
  publisher={Springer},
  address={New York}
}

@Manual{maps,
  title = {maps: Draw Geographical Maps},
  author = {Becker, R. A. and Wilks, A. R. and Brownrigg, R. and Minka, T. P.},
  year = {2013},
  note = {R package version 2.3-2},
  url = {http://CRAN.R-project.org/package=maps}
}

@Manual{maptools,
  title = {maptools: Tools for Reading and Handling Spatial Objects},
  author = {Bivand, R. and Lewin-Koh, N.},
  year = {2013},
  note = {R package version 0.8-23},
  url = {http://CRAN.R-project.org/package=maptools}
}


@Manual{deducersp,
  title = {DeducerSpatial: A Deducer Plug-in for Spatial Data Analysis},
  author = {Fellows, I. and Rickett, A. and Fultz, N.},
  year = {2013},
  note = {R package version 0.6},
  url = {http://CRAN.R-project.org/package=DeducerSpatial}
}

@Article{Wickham:2011,
  title =	 {The Split-Apply-Combine Strategy for Data Analysis},
  author =	 {Hadley Wickham},
  journal =	 {Journal of Statistical Software},
  year =	 {2011},
  volume =	 {40},
  number =	 {1},
  pages =	 {1--29},
  url =		 {http://www.jstatsoft.org/v40/i01/},
}
@book{osmar2,
author = {M.~J.~A. {Eugster and T.~Schlesinger}},
title = {{osmar: Openstreetmap and R}},
publisher = {The R Journal 5 (1)},
year = {2013}
}
@book{RgoogleMaps2,
author = {M.~{Loecher and {Berlin School of Economics and Law}}},
title = {{RgoogleMaps: Overlays on Google Map Tiles in R, }},
publisher = {R package version 1.2.0.3},
year = {2013},
url = {http://CRAN.R-project.org/package=RgoogleMaps}
}
@book{ggplot2-book,
author = {H.~{Wickham}},
title = {{ggplot2: Elegant Graphics for Data Analysis}},
publisher = {Springer New York},
year = {2009},
url = {http://had.co.nz/ggplot2/book}
}

