
@ARTICLE{beh97,
author={E. J. Beh},
title={Simple Correspondence Analysis of Ordinal Cross-Classifications Using Orthogonal Polynomials},
journal={Biometrical Journal},
volume={39},
year={1997},
pages={589 -- 613},
url={ https://doi.org/10.1002/bimj.4710390507}
}

@ARTICLE{beh98,
author={E. J. Beh},
title={A Comparative Study of Scores for Correspondence Analysis with Ordered Categories},
journal={Biometrical Journal},
volume={40},
year={1998},
pages={413 -- 429},
url={https://doi.org/10.1002/(SICI)1521-4036(199808)40:4<413::AID-BIMJ413>3.0.CO;2-V}
}

@ARTICLE{beh10,
	author={E. J. Beh},
	title={Elliptical Confidence Regions for Simple Correspondence Analysis},
	journal={Journal of Statistical Planning and Inference},
	volume={140},
	year={2010},
	pages={2582 -- 2588},
url={http://dx.doi.org/10.1016/j.jspi.2010.03.018}
}

@BOOK{beh98phd,
author={E. J. Beh},
title={Correspondence Analysis using Orthogonal Polynomials},
publisher={Unpublished PhD Thesis},
address={University of Wollongong, Australia},
year={1998}
}

@article{behdav98,
author={E. J. Beh and P. J. Davy},
title={Partitioning {P}earson's Chi-Squared Statistic for a Completely
Ordered Three-way Contingency Table},
journal={The Australian and New Zealand Journal of Statistics},
volume={40},
year={1998},
pages={465 -- 477},
url={https://doi.org/10.1111/1467-842X.00050}
}


@article{beh07,
author={E. J. Beh and B. Simonetti and L. D'Ambra},
title={Partitioning a Non-Symmetric Measure of Association for Three-Way Contingency Tables},
journal={Journal of Multivariate Analysis},
volume={98},
year={2007},
pages={1391 -- 1411},
url={https://doi.org/10.1016/j.jmva.2007.01.011}
}

@article{behlom21a,
	author={E. J. Beh and R. Lombardo},
	title={Features of the Polynomial Biplot for Ordered Contingency Tables},
	journal={Journal of Computational and Graphical Statistics},
	volume={31},
	year={2021},
	pages={403 -- 412},
url={https://doi.org/10.1080/10618600.2021.1990773}
}

@BOOK{behlom14,
author={E. J. Beh and R. Lombardo},
title={Correspondence Analysis, Theory, Practice and New Strategies},
publisher={John Wiley \& Sons},
address={Chichester, UK},
year={2014}
}

@BOOK{behlom21b,
author={E. J. Beh and R. Lombardo},
title={An Introduction to Correspondence Analysis},
publisher={John Wiley \& Sons},
address={Chichester, UK},
year={2021}
}

@article{behlom15,
	author={E. J. Beh and R. Lombardo},
	title={Confidence Regions and Approximate P-values for Classical and Non Symmetric Correspondence Analysis},
	journal={Communications in Statistics - Theory and Methods},
	volume={44},
	year={2015},
	pages={95 -- 114},
url={https://doi.org/10.1080/03610926.2013.768665}
}

@article{behlom16,
	author={R. Lombardo and E. J. Beh},
	title={Variants of Simple Correspondence Analysis},
	journal={The R Journal},
	volume={8/2},
	year={2016},
	pages={167 -- 184}
}

@article{behlom23,
	author={E. J. Beh and R. Lombardo},
	title={Correspondence Analysis Using the Cressieâ€“Read Family of Divergence
Statistics},
	journal={International Statistical Review},
	volume={},
	year={2023},
	pages={},
url={https://doi.org/10.1111/insr.12541.}
}


@article{bro2020,
	author  = {Rasmus Bro},
	title   = {The {N}-{W}ay {T}oolbox},
	year    = {2020},
	address = {MATLAB Central File Exchange},
	url     = {https://www.mathworks.com/matlabcentral/fileexchange/1088-the-n-way-toolbox}
}



@article{carkro96,
author={A. Carlier and P. M. Kroonenberg},
title={Decompositions and Biplots in Three-way Correspondence Analysis},
journal={Psychometrika},
volume={61},
year={1996},
pages={355 -- 373},
url={https://doi.org/10.1007/BF02294344}
}



@incollection{carkro98,
	author = {A. Carlier and P. M. Kroonenberg},
	title = {The Case of the {F}rench Cantons: An Application of Three-Way Correspondence Analysis},
	editor = {J. Blasius and M. Greenacre},
	booktitle = {Visualization of Categorical Data},
	publisher = {Academic Press},
	address = {San Diego},
	pages = {253 -- 275},
	year = {1998}
}


@article{ceukie06,
author={E. Ceulemans and H. A. L. Kiers },
title={Selecting Among Three-Mode Principal Component Models of Different Types and Complexities: A Numerical Convex Hull Based Method},
journal={British Journal of Mathematical \& Statistical Psychology},
volume={59},
year={2006},
pages={133 -- 150},
url={https://doi.org/10.1348/000711005X64817}
}


@article{clog82,
author={C. C. Clogg},
title={Some Models for the Analysis of Association in Multiway Cross-Classifications Having Ordered Categories},
journal={Journal American Statistical Association},
volume={77},
year={1982},
pages={803 -- 815},
url={https://doi.org/10.2307/2287311}
}

@article{cre84,
	author = {N. A. C. Cressie and T. R. C. Read},
	title = {Multinomial goodness-of-fit tests},
	journal = {Journal of the Royal Statistical Society, Series B},
	volume = {46},
	year = {1984},
	pages = {440 -- 464},
url={http://www.jstor.org/stable/2345686}
}


@misc{dav77,
author={J. A. Davis},
title={Codebook for the 1977 {G}eneral {S}ocial {S}urvey},
note={National Opinion Research Centre, Chicago},
year={1977}
}

@INCOLLECTION{dam89,
author={L. D'Ambra and N. C. Lauro},
title={Non-Symmetrical Correspondence Analysis for Three-Way Contingency Table},
booktitle={Multiway Data Analysis},
editor={R. Coppi and S. Bolasco},
publisher={Elsevier},
address={Amsterdam},
year=1989,
pages={301 -- 315}
}


@online{eil19,
author = {P. H. C. Eilers},
title = {\pkg{multiway}: Analysis of multi-way arrays},
year = {2019},
url= {https://CRAN.R-project.org/package=multiway. R package version 1.0-6},
urldate = {2019-03-13}
}


@article{eme68,
author={P.L. Emerson},
title={Numerical Construction of Orthogonal Polynomials from a General Recurrence Formula},
journal={Biometrics},
volume={24},
year={1968},
pages={696 -- 701},
url={https://doi.org/10.2307/2528328}
}


@article{gio14,
author={P. Giordano and H. A. Kiers and M. A. Del Ferraro},
title={Three-Way Component Analysis Using the {R}
Package ThreeWay},
journal={Journal of Statistical Software},
volume={57},
year={2014},
pages={1 -- 23},
url={10.18637/jss.v057.i07}
}


@article{goo54,
author={L. A. Goodman and W. H. Kruskal},
title={Measures of Association for Cross Classifications},
journal={Journal of the American Statistical Association},
volume={49},
year={1954},
pages={732 -- 764},
url={https://doi.org/10.2307/2281536}
}

@article{goweretal2010,
	author = {J. C. Gower and P. J. F. Groenen and M. van de Velden},
	title = {Area Biplots},
	journal = {Journal of Computational and Graphical Statistics},
	pages = {46 -- 61},
	volume = {19},
	year = {2010},
url={https://www.jstor.org/stable/25651299}
}

@article{gow14,
	author = {J. C. Gower and P. J. F. Groenen and M. van de Velden and K. Vines},
	title = {Better perceptual maps: Introducing explanatory icons to facilitate interpretation},
	journal = {Food Quality and Preference},
	pages = {61 -- 69},
	volume = {36},
	year = {2014},
url={https://doi.org/10.1016/j.foodqual.2014.01.004}
}


@book{gow11,
	author = {J. C. Gower and S. Lubbe and N. le Roux},
	title = {Understanding Biplots},
	year = {2011},
	publisher={Wiley},
	address={Chichester}
}


@book{gre10,
author={M. Greenacre},
title={Biplots in {P}ractice},
publisher={Fundaci\'{o}n BBVA},
address={Barcelona},
year={2010}
}

@online{hof17,
author = {M. J. Hoffman},
title = {\pkg{irlba}: Fast truncated singular value decomposition and principal components analysis for large dense and sparse matrices},
year = 2017,
url= {https://CRAN.R-project.org/package=irlba. R package version 2.3.5.1},
urldate = {2022-10-03}
}

@book{kah83,
author={L. R. Kahle},
title={Social Values and Social Change: Adaptation to Life in America},
publisher={Praeger},
address={New York},
year={1983}
}

@article{kie00,
author={H. A. L. Kiers},
title={Towards a Standardized Notation and Terminology in Multiway Analysis},
journal={Journal of Chemometrics},
volume={14},
year={2000},
pages={105 -- 122},
url={https://doi.org/10.1002/1099-128X(200005/06)14:3<105::AID-CEM582>3.0.CO;2-I}
}

@ARTICLE{kie92,
author={H. A. L. Kiers and P. M. Kroonenberg and J. M. F. Ten Berge},
title={An Efficient Algorithm for {TUCKALS}3 on Data with Large Numbers of Observation Units},
journal={Psychometrika},
volume={57},
year={1992},
pages={415 -- 422},
url={https://doi.org/10.1007/BF02295429}
}
@ARTICLE{krodel80,
author={P. M. Kroonenberg and J. De Leeuw},
title={Principal Component Analysis of Three Mode Data by Means of Alternating Least Squares Algorithms},
journal={Psychometrika},
volume={45},
year={1980},
pages={69 -- 97},
url={https://doi.org/10.1007/BF02293599}
}

@BOOK{kro83,
author={P. M. Kroonenberg},
title={Three Mode Principal Component Analysis},
publisher={ DSWO Press},
address={Leiden },
year={1983}
}

@INCOLLECTION{kro89,
	author = {P. M. Kroonenberg},
	title= {Singular Value Decompositions of Interactions in Three-Way Contigency Tables},
	booktitle = {Multiway Data Analysis},
	editor = {R. Coppi and S. Bolasco},
	publisher = {Elsevier},
	address = {Amsterdam},
	year = {1989},
	pages = {169 -- 184}
}

@ARTICLE{kro94,
author={P. M. Kroonenberg},
title={The {TUCKALS} line: A Suite of Programs for Three-Way Data Analysis},
journal={Computational Statistics and Data Analysis},
volume={18},
year={1994},
pages={73 -- 96},
url={https://doi.org/10.1016/0167-9473(94)90133-3}
}

@article{kro99,
author={P.M. Kroonenberg and R. Lombardo},
title={Nonsymmetric Correspondence Analysis: A Tool for Analysing Contingency Tables with a Dependence Structure},
journal={Multivariate Behavioral Research Journal},
volume={34},
year={1999},
pages={367 -- 397},
url={https://doi.org/10.1207/S15327906MBR3403_4}
}

@book{kro08,
author={P. M. Kroonenberg},
title={Applied Multiway Data Analysis},
publisher={John Wiley \& Sons},
address={Hoboken, NJ},
year={2008}
}


@article{krooor03,
author={P.M. Kroonenberg and F. J. Oort},
title={Three-Mode Analysis of Multi-Mode Covariance Matrices},
journal={British Journal of Mathematical and Statistical Psychology},
volume={56},
year={2003},
pages={305 -- 336},
url={ https://doi.org/10.1348/000711003770480066}
}


@article{lan51,
author={H. O. Lancaster},
title={Complex Contingency Tables Treated by the Partition of the Chi-square},
journal={Journal of Royal Statistical Society, Series B},
volume={13},
year={1951},
pages={242 -- 249},
url={https://www.jstor.org/stable/2984066}
}


@INCOLLECTION{lau84,
author={N. C. Lauro and L. D'Ambra},
title={L'Analyse Non Sym\'{e}trique des Correspondances},
booktitle={Data Analysis and Informatics III},
editor={Diday, E and  et al},
publisher={Elsevier},
address={Amsterdam},
year=1984,
pages={433 -- 446}
}

@article{lei10,
author = {D. Leibovici},
title = {Spatio-Temporal Multiway Data Decomposition Using Principal Tensor Analysis on k-Modes: The R Package \pkg{PTAk}},
journal = {Journal of Statistical Software},
volume = {34},
number = {10},
year = {2010},
pages = {34 pages},
url={10.18637/jss.v034.i10}
}
	
@article{li18,
author = {J. Li and J. Bien and M. T. Wells},
title = {\pkg{r{T}ensor}: An {R} Package for Multidimensional Array
(Tensor) Unfolding, Multiplication, and Decomposition},
journal = {Journal of Statistical Software},
volume = {87},
number = {10},
year = {2018},
pages = {31 pages},
url={DOI: 10.18637/jss.v087.i10}
}

@article{lig71,
author={R. J. Light  and H. B. Margolin},
title={An Analysis of Variance for Categorical Data},
journal={Journal of the American Statistical Association},
volume={66},
year={1971},
pages={534 -- 544},
url={https://doi.org/10.2307/2283520}
}

@article{loi16,
author={S. Loisel and Y. Takane},
title={Partitions of {P}earson's Chi-square Statistic for Frequency Tables:
A Comprehensive Account},
journal={Computational Statistics},
volume={31},
year={2016},
pages={1429 -- 1452},
url={https://doi.org/10.1007/s00180-015-0619-1}
}

@INCOLLECTION{lombeh22,
author={R. Lombardo and E. J. Beh},
title={Partitioning the {C}ressie-{R}ead divergence statistic for three-way contingency tables: a study on environmental sustainability data},
booktitle={IES 2022 Innovation \& Society 5.0: Statistical and Economic Methodologies for Quality Assessment. Book of Short Papers},
editor={R. Lombardo and I. Camminatiello and Violetta Simonacci},
publisher={PKE Press},
address={},
year={2022},
pages={491--497}
}


@article{lom11,
author={R. Lombardo},
title={Three-way Association Measure Decompositions: the Delta Index},
journal={Journal of Statistical Planning and Inference},
volume={141},
year={2011},
pages={1789 -- 1799},
url={https://doi.org/10.1016/j.jspi.2010.11.029}
}


@article{lom96,
author={R. Lombardo and A. Carlier and L. D'Ambra},
title={Nonsymmetric Correspondence Analysis for Three-Way Contingency Tables},
journal={Methodologica},
volume={4},
year={1996},
pages={59 -- 80}
}

@online{lomtakbeh17,
author = {R. Lombardo and Y. Takane and E.J. Beh},
title = {\pkg{Chi2x3way} package},
year = 2017,
url= {https://cran.r-project.org/web/packages/chi2x3way/index.html},
urldate = {2017-01-23}
}

@ARTICLE{lombehgue19,
author={R. Lombardo and E. J. Beh and L. Guerrero},
title={Analysis of Three-way Non-Symmetrical Association of Food Concepts in Cross-Cultural Marketing},
journal={Quality \& Quality},
volume={53},
year={2019},
pages={2323 -- 2337},
url={https://doi.org/10.1007/s11135-018-0733-6}
}

@ARTICLE{lomtakbeh20,
author={R. Lombardo  and Y. Takane and E. J. Beh},
title={Familywise decompositions of {P}earsonâ€™s chi-square statistic in the analysis of Contingency Tables},
journal={Advances in Data Analysis and Classification},
volume={14 (3)},
year={2020},
pages={629 -- 649},
url={https://doi.org/10.1007/s11634-019-00374-7}
}

@article{lombehkro21,
author = {R. Lombardo and E. J. Beh  and P. M. Kroonenberg},
title = {Symmetrical and Non-Symmetrical Variants of Three-Way Correspondence Analysis for Ordered Variables},
journal = {Statistical Science},
volume={36 (4)},
year = {2021},
pages = {542 -- 561},
url={https://doi.org/10.1214/20-STS814}
}

@INCOLLECTION{lombeh17,
author={R. Lombardo and E. J. Beh},
title={Threeâ€“way Correspondence Analysis for Ordinalâ€“Nominal Variables},
booktitle={SIS 2017 Statistics and Data Science: New Challenges, New Generations, 28â€“30 June 2017, Florence (Italy) Proceedings of the Conference of the Italian Statistical Society},
editor={A. Petrucci and R. Verde},
publisher={Firenze Press},
address={},
year={2017},
pages={613 -- 620}
}

@ARTICLE{lombehkro16,
author={R. Lombardo and E. J. Beh and P. M. Kroonenberg},
title={Modelling Trends in Ordered Correspondence Analysis using Orthogonal Polynomials},
journal={Psychometrika},
volume={81},
year={2016},
pages={325 -- 349},
url={https://doi.org/10.1007/s11336-015-9448-y}
}

@INCOLLECTION{lomkrobeh16,
author={R.  Lombardo and P. Kroonenberg and E. J. Beh},
title={Modelling Trends in Ordered Three-Way Non-Symmetrical Correspondence Analysis},
booktitle={Proceedings of the 48th Scientific Meeting of the Italian Statistical Society, June 8-10, 2016},
editor={M. Pratesi and C. Perna},
publisher={Springer},
address={},
year={2016},
pages={14 pages}
}

@misc{mar84a,
author={M. Marcotorchino},
title={Utilisation des Comparaisons par Paires en Statistique des Contingencies: Partie I},
howpublished={Etude du Centre Scientifique, IBM, France, No F 069},
year={1984}
}

@misc{mar84b,
author={M. Marcotorchino},
title={Utilisation des Comparaisons par Paires en Statistique des Contingencies: Partie II},
howpublished={Etude du Centre Scientifique, IBM, France, No F 071},
year={1984}
}

@misc{mar85,
author={M. Marcotorchino},
title={Utilisation des Comparaisons par Paires en Statistique des Contingencies: Partie III},
howpublished={Etude du Centre Scientifique, IBM, France, No F 081},
year={1985}
}

@article{murkro03,
author={T. Murakami and P. M. Kroonenberg},
title={Three-Mode Models and Individual Differences in Semantic Differential Data},
journal={Multivariate Behavioral Research},
volume={38},
year={2003},
pages={247 -- 283},
url={https://doi.org/10.1207/S15327906MBR3802_5}
}
@article{par96,
	author = {M. C. Pardo},
	title = {An empirical investigation of Cressie and Read tests for the hypothesis of independence in three-way contingency tables},
	journal = {Kybernetika},
	year = {1996},
	volume = {32},
	pages = {175 -- 183},
url={http://hdl.handle.net/10338.dmlcz/124180}
}

@article{par03,
	author = {L. Pardo and M. C. Pardo},
	title = {Minimum power-divergence estimator in three-way contingency tables},
	journal = {Journal of Statistical Computation and Simulation},
	year = {2003},
	volume = {73},
	pages = {819 -- 831},
url={https://doi.org/10.1080/0094965031000097782}
}


@article{raybeh09,
	author={J. C. W. Rayner and E. J. Beh},
	title={Towards a Better Understanding of Correlation},
	journal={Statistica Neerlandica},
	volume={63},
	year={2009},
	pages={324 -- 333},
url={https://doi.org/10.1111/j.1467-9574.2009.00425.x}
}

@online{rev18,
author={W. Revelle},
title={\pkg{psych}: Procedures for Psychological, Psychometric, and Personality Research},
year = 2018,
url= {https://CRAN.R-project.org/package=psych},
urldate = {2022-09-29}
}


@article{rin96,
	author={T. J. Ringrose},
	title={Alternative Confidence Regions for Canonical Variate Analysis},
	journal={Biometrika},
	volume={83},
	year={1996},
	pages={575 -- 587},
url={https://doi.org/10.1093/biomet/83.3.575}
}

@article{rin12,
	author={T. J. Ringrose},
	title={Bootstrap Confidence Regions for Correspondence Analysis},
	journal={Journal of Statistical Computation and Simulation},
	volume={82},
	year={2012},
	pages={1397 -- 1413},
url={https://doi.org/10.1080/00949655.2011.579968}
}



@online{sta18,
author={A. Statnikov},
title={ \pkg{tensor{A}}: Algebra for Tensors},
year = 2018,
url= {https://CRAN.R-project.org/package=tensorA.  R package version 0.36.2},
urldate = {2020-11-19}
}


@article{tak08,
author={Y. Takane and S. Jung},
title={Regularized Partial and/or Constrained Redundancy Analysis},
journal={Psychometrika},
volume={73},
year={2008},
pages={671 -- 690},
url={https://doi.org/10.1007/s11336-008-9067-y}
}


@article{timkie00,
author={M. Timmerman and  H. A. L. Kiers},
title={Three-Mode Principal Component Analysis: Choosing the Numbers of Components and Sensitivity to Local Optima},
journal={British Journal of Mathematical and Statistical Psychology},
volume={53},
year={2000},
pages={1 -- 16},
url={https://doi.org/10.1348/000711000159132}
}


@INCOLLECTION{tuc63,
	author={L. R. Tucker},
	title={Implications of Factor Analysis of Three-Way Matrices for Measurement of Change},
	booktitle={Problems in Measuring Change},
	editor={C. W. Harris},
	publisher={University of Wisconsin Press},
	year= {1963},
	pages={122 -- 137}
}



@article{vel07,
author={H. van Herk and M. van de Velden},
title={Insight into the Relative Merits of Rating and Ranking in a Cross-National Context using Three-Way Correspondence Analysis},
journal={Food Quality and Preference},
volume={18},
year={2007},
pages={1096 -- 1105},
url={https://doi.org/10.1016/j.foodqual.2007.05.006}
}

@article{vel17,
author={M. van de Velden and A. Iodice D'Enza and F. Palumbo},
title={Cluster Correspondence Analysis},
journal={Psychometrika},
volume={82},
year={2017},
pages={158 -- 185},
url={https://doi.org/10.1007/s11336-016-9514-0}
}

@online{zho19,
author = {X. Zhou},
title = {\pkg{mvoutlier}: Multivariate Outlier Detection},
year = 2019,
url= {https://CRAN.R-project.org/package=mvoutlier. R package version 2.1.1},
urldate = {2021-07-30}
}
