@book{doParallel,
author = {R.~{Analytics and S.~Weston}},
title = {{doParallel: Foreach Parallel Adaptor for the 'parallel' Package, }},
publisher = {R package version 1.0.10},
year = {2015},
url = {http://CRAN.R-project.org/package=doParallel}
}
@book{BoxPierce,
author = {G.~E.~P. {Box and D.~A. Pierce}},
title = {{Distribution of residual autocorrelations in autoregressive-integrated moving average time series models}},
publisher = {Journal of the American Statistical Association 65:},
pages = {1509--1526},
year = {1970}
}
@book{Davisetal,
author = {R.~A. {Davis, M.~Matsui, T.~Mikosch, and P.~Wan}},
title = {{Applications of distance correlation to time series}},
year = {2016},
url = {http://arxiv.org/abs/1606.05481}
}
@book{DehlingMikosch,
author = {H.~{Dehling and T.~Mikosch}},
title = {{Random quadratic forms and the boostrap for U-statistics}},
publisher = {Journal of Multivariate Analysis 51:},
pages = {392--413},
year = {1994}
}
@book{Duecketal,
author = {J.~{Dueck, D.~Edelmann, T.~Gneiting, and D.~Richards}},
title = {{The affinely invariant distance correlation}},
publisher = {Bernoulli 20:},
pages = {2305--2330},
year = {2014}
}
@book{Feuerverger,
author = {A.~{Feuerverger}},
title = {{A consistent test for bivariate dependence}},
publisher = {International Statistical Review 61:},
pages = {419--433},
year = {1993}
}
@book{FokianosPitsillou,
author = {K.~{Fokianos and M.~Pitsillou}},
title = {{Consistent testing for pairwise dependence in time series}},
publisher = {Technometrics natexlaba},
year = {2016},
url = {http://dx.doi.org/10.1080/00401706.2016.1156024}
}
@book{FokianosPitsillouB,
author = {K.~{Fokianos and M.~Pitsillou}},
title = {{Testing pairwise independence for multivariate time series by the auto-distance correlation matrix}},
publisher = {Submitted for publication natexlabb},
year = {2016}
}
@book{Grettonetal,
author = {A.~{Gretton, K.~Fukumizu, and B.~K. Sriperumbudur}},
title = {{Discussion of: Brownian distance covariance}},
publisher = {The Annals of Applied Statistics 3:},
pages = {1285--1294},
year = {2009}
}
@book{Hong,
author = {Y.~{Hong}},
title = {{Consistent testing for serial correlation of unknown form}},
publisher = {Econometrica 64:},
pages = {837--864},
year = {1996}
}
@book{HongB,
author = {Y.~{Hong}},
title = {{Hypothesis testing in time series via the emprical characteristic function: A generalized spectral density approach}},
publisher = {Journal of the American Statistical Association 94:},
pages = {1201--1220},
year = {1999}
}
@book{Hosking,
author = {J.~R.~M. {Hosking}},
title = {{Multivariate Portmanteau statistic}},
publisher = {Journal of the American Statistical Association 75:},
pages = {349--386},
year = {1980}
}
@book{JosseHolmes,
author = {J.~{Josse and S.~Holmes}},
title = {{Tests of independence and beyond}},
year = {2014},
url = {http://arxiv.org/pdf/1307.7383.pdf}
}
@book{Leucht,
author = {A.~{Leucht and M.~H. Neumann}},
title = {{Degenerate U- and V-statistics under ergodicity: asymptotics, bootstrap and applications in statistics}},
publisher = {Annals of the Institute of Statistical Mathematics,65:  natexlaba},
pages = {349--386},
year = {2013}
}
@book{Leuchtb,
author = {A.~{Leucht and M.~H. Neumann}},
title = {{Dependent wild bootstrap for degenerate U- and V- statistics}},
publisher = {Journal of Multivariate Analysis 117: ,natexlabb},
pages = {257--280},
year = {2013}
}
@book{LjungBox,
author = {G.~M. {Ljung and G.~E.~P. Box}},
title = {{On a measure of lack of fit in time series models}},
publisher = {Biometrika 62:},
pages = {297--303},
year = {1978}
}
@book{portes,
author = {E.~{Mahdi and A.~I. McLeod}},
title = {{Improved multivariate Portmanteau diagnostic test}},
publisher = {Journal of Time Series Analysis 33:},
pages = {211--222},
year = {2012},
url = {http://onlinelibrary.wiley.com/doi/10.1111/j.1467-9892.2011.00752.x/abstract}
}
@book{Parzen,
author = {E.~{Parzen}},
title = {{On consistent estimates of the spectrum of a stationary time series}},
publisher = {Annals of Mathematical Statistics 28:},
pages = {329--348},
year = {1957}
}
@book{PoczosPartial,
author = {B.~{Poczos and J.~Schneider}},
title = {{Conditional distance variance and correlation}},
publisher = {~bapoczos/articles/poczos12distancecorr.pdf},
year = {2012},
url = {http://www.cs.cmu.edu/}
}
@book{PolitisBook,
author = {N.~P. {Politis, J.~P. Romano, and M.~Wolf}},
title = {{Subsampling}},
publisher = {Springer-Verlag New York},
year = {1999}
}
@book{Remillard,
author = {B.~{Remillard}},
title = {{Discussion of: Brownian distance covariance}},
publisher = {The Annals of Applied Statistics 3:},
pages = {1295--1298},
year = {2009}
}
@book{SzekelyRizzoManual,
author = {M.~L. {Rizzo and G.~J. Szekely}},
title = {{energy: E-statistics (energy statistics), }},
publisher = {R package version 1.6.2},
year = {2014},
url = {https://CRAN.R-project.org/package=energy}
}
@book{Shao2010,
author = {X.~{Shao}},
title = {{The dependent wild bootstrap}},
publisher = {Journal of the American Statistical Association 105:},
pages = {218--235},
year = {2010}
}
@book{ShumwayStoffer,
author = {R.~H. {Shumway and D.~S. Stoffer}},
title = {{Time Series Analysis and Its Applications With R Examples}},
publisher = {Springer-Verlag New York  Third Edition},
year = {2011}
}
@book{Shumway88,
author = {R.~H. {Shumway, R.~S. Azari, and Y.~Pawitan}},
title = {{Modeling mortality fluctuations in Los Angeles as functions of pollution and weather effects}},
publisher = {Environmetnal research 45:},
pages = {224--241},
year = {1988}
}
@book{SzekelyRizzo,
author = {G.~J. {Sz\'{e}kely and M.~L. Rizzo}},
title = {{Partial distance correlation with methods for dissimilarities}},
publisher = {The Annals of Statistics 42:},
pages = {2382--2412},
year = {2014}
}
@book{Szekely,
author = {G.~J. {Sz\'{e}kely, M.~L. Rizzo, and N.~K. Bakirov}},
title = {{Measuring and testing dependence by correlation of distances}},
publisher = {The Annals of Statistics 35:},
pages = {2769--2794},
year = {2007}
}
@book{Tsay10,
author = {R.~S. {Tsay}},
title = {{Analysis of Financial Time Series}},
publisher = {Wiley Series in Probability and Statistics Hoboken NJ  Third Edition},
year = {2010}
}
@book{Tsay14,
author = {R.~S. {Tsay}},
title = {{Multivariate Time Series Analysis With R and Financial Applications}},
publisher = {Wiley Series in Probability and Statistics Hoboken NJ},
year = {2014}
}
@book{MTS,
author = {R.~S. {Tsay}},
title = {{MTS: All-Purpose Toolkit for Analyzing Multivariate Time Series (MTS) and Estimating Multivariate Volatility Models, }},
publisher = {R package version 0.33},
year = {2015},
url = {http://CRAN.R-project.org/package=MTS}
}
@book{Wangetal,
author = {X.~{Wang, W.~Pan, W.~Hu, Y.~Tian, and H.~Zhang}},
title = {{Conditional distance correlation}},
publisher = {Journal of the American Statistical Association  DOI: 10.1080/01621459.2014.993081},
year = {2015}
}
@book{Wu1986,
author = {C.~F.~J. {Wu}},
title = {{Jackknife, bootstrap and other resampling methods in regression analysis}},
publisher = {The Annals of Statistics 14:},
pages = {1261--1295},
year = {1986}
}
@book{Zhou,
author = {Z.~{Zhou}},
title = {{Measuring nonlinear dependence in time-series, a distance correlation approach}},
publisher = {Journal of Time Series Analysis 33:},
pages = {438--457},
year = {2012}
}


