@book{Bre:2001,
author = {L.~{Breiman}},
title = {{Random forests}},
publisher = {Machine Learning 45 (1):},
pages = {5--32},
year = {2001}
}

@book{Hotetal:2006,
author = {T.~{Hothorn, K.~Hornik, and A.~Zeileis}},
title = {{Unbiased recursive partitioning: A conditional inference framework}},
publisher = {Journal of Computational and Graphical Statistics 15(3):},
pages = {651--674},
year = {2006}
}

@book{KimLoh:2001,
author = {H.~{Kim and W.~Loh}},
title = {{Classification trees with unbiased multiway splits}},
publisher = {Journal of the American Statistical Association 96(454):},
pages = {589--604},
year = {2001}
}

@book{randomForest:paper,
author = {A.~{Liaw and M.~Wiener}},
title = {{Classification and regression by textttrandomForest}},
publisher = {textsfR News 2 (3):},
pages = {18--22},
year = {2002}
}

@book{randomForest:pkg,
author = {A.~{Liaw and M.~Wiener}},
title = {{textttrandomForest: Breiman and Cutler's Random Forests for Classification and Regression, }},
publisher = {textsfR~package version~4.5-28},
year = {2008},
url = {http://CRAN.R-project.org/package=randomForest}
}

@book{Lunetal:2004:gen,
author = {K.~L. {Lunetta, L.~B. Hayward, J.~Segal, and P.~V. Eerdewegh}},
title = {{Screening large-scale association study data: Exploiting interactions using random forests}},
publisher = {BMC Genetics 5:32},
year = {2004}
}

@book{Nasetal:2004,
author = {M.~{Nason, S.~Emerson, and M.~Leblanc}},
title = {{CARTscans: A tool for visualizing complex models}},
publisher = {Journal of Computational and Graphical Statistics 13(4):},
pages = {1--19},
year = {2004}
}

@book{Shi:2002,
author = {Y.-S. {Shih}},
title = {{Regression trees with unbiased variable selection}},
publisher = {Statistica Sinica 12:},
pages = {361--386},
year = {2002}
}

@book{StrZei:2008:COMPSTAT,
author = {C.~{Strobl and A.~Zeileis}},
title = {{Danger: High power! -- Exploring the statistical properties of a test for random forest variable importance}},
publisher = {In Proceedings of the 18th International Conference onComputational Statistics Porto Portugal},
year = {2008}
}

@book{Stretal:2007:CSDA,
author = {C.~{Strobl, A.-L. Boulesteix, and T.~Augustin}},
title = {{Unbiased split selection for classification trees based on the Gini index}},
publisher = {Computational Statistics & Data Analysis 52(1):  natexlaba},
pages = {483--501},
year = {2007}
}

@book{Stretal:2007:BMC,
author = {C.~{Strobl, A.-L. Boulesteix, A.~Zeileis, and T.~Hothorn}},
title = {{Bias in random forest variable importance measures: Illustrations, sources and a solution}},
publisher = {BMC Bioinformatics 8:25 natexlabb},
year = {2007}
}

@book{Stretal:2008:BMC,
author = {C.~{Strobl, A.-L. Boulesteix, T.~Kneib, T.~Augustin, and A.~Zeileis}},
title = {{Conditional variable importance for random forests}},
publisher = {BMC Bioinformatics 9:307},
year = {2008}
}

@book{Stretal:2009:PsyMeth,
author = {C.~{Strobl, J.~Malley, and G.~Tutz}},
title = {{An introduction to recursive partitioning: Rationale, application and characteristics of classification and regression trees, bagging and random forests}},
publisher = {Psychological Methods  In press},
year = {2009}
}

@book{rpart:pkg,
author = {T.~M. {Therneau, B.~Atkinson, and B.~D. Ripley}},
title = {{textttrpart: Recursive partitioning}},
publisher = {textsfR~package version~3.1-41},
year = {2008},
url = {http://CRAN.R-project.org/package=rpart}
}

