@Misc{AjuntamentdeBarcelona.DepartamentdEstadistica2018,
  author = {{Ajuntament de Barcelona. Departament d'Estad{\'{i}}stica}},
  title = {{Poblaci{\'{o}} segons Padr{\'{o}} d'Habitants}},
  url = {https://www.bcn.cat/estadistica/catala/dades/tpob/pad/padro/a2018/},
  urldate = {2019-05-15},
  year = {2018}
}

@Techreport{Annoni2001,
  address = {Ispra, Italy},
  author = {Annoni, Alessandro and Luzet, Claude and Gubler, Erich and Ihde, Johannes},
  booktitle = {Institute for Environmental Sustainability},
  institution = {EUR 20120 EN. European Comission. Joint Research Centre},
  title = {{Map Projections for Europe}},
  url = {http://ec.europa.eu/eurostat/documents/4311134/4366152/Map-projections-EUROPE.pdf},
  year = {2003}
}

@Article{Armstrong2005,
  author = {Armstrong, Marc P. and Ruggles, Amy J.},
  journal = {Cartographica: The International Journal for Geographic Information and Geovisualization},
  number = {4},
  pages = {63--73},
  publisher = {UT Press},
  title = {{Geographic Information Technologies and Personal Privacy}},
  doi = {https://doi.org/10.3138/RU65-81R3-0W75-8V21},
  volume = {40},
  year = {2005}
}

@Article{Behnisch2013,
  author = {Behnisch, Martin and Meinel, Gotthard and Tramsen, Sebastian and Diesselmann, Markus},
  doi = {https://doi.org/10.3112/erdkunde.2013.02.04},
  issn = {00140015},
  journal = {Erdkunde},
  number = {2},
  pages = {151--166},
  publisher = {Erdkunde},
  title = {{Using Quadtree Representations in Building Stock Visualization and Analysis}},
  volume = {67},
  year = {2013}
}

@Manual{Bivand2016,
  author = {Bivand, Roger S and Keitt, Tim and Rowlingson, Barry and Pebesma, Edzer},
  title = {{rgdal: Bindings for the Geospatial Data Abstraction Library}},
  note = {R package version 1.2-5},
  url = {https://CRAN.R-project.org/package=rgdal},
  year = {2016}
}

@Manual{Bivand2017,
  author = {Bivand, Roger S and Rundel, Colin},
  title = {{rgeos: Interface to Geometry Engine - Open Source (GEOS)}},
  note = {R package version 0.3-22},
  url = {https://cran.r-project.org/package=rgeos},
  year = {2017}
}

@book{Bivand2013,
  author = {Bivand, Roger S and Pebesma, Edzer and Gomez-Rubio, Virgilio},
  publisher = {Springer, NY},
  title = {{Applied spatial data analysis with R, Second edition}},
  url = {http://www.asdar-book.org/},
  year = {2013}
}

@Article{Cassa2008,
  author = {Cassa, Christopher A and Wieland, Shannon C and Mandl, Kenneth D},
  doi = {https://doi.org/10.1186/1476-072X-7-45},
  issn = {1476-072X},
  journal = {International journal of health geographics},
  pages = {45},
  pmid = {18700031},
  title = {{Re-identification of Home Addresses from Spatial Locations Anonymized by Gaussian Skew.}},
  volume = {7},
  year = {2008}
}

@Article{Chen2017,
  author = {Chen, Chien-Chou and Chuang, Jen-Hsiang and Wang, Da-Wei and Wang, Chien-Min and Lin, Bo-Cheng and Chan, Ta-Chien},
  journal = {Geospatial health},
  title = {{Balancing Geo-privacy and Spatial Patterns in Epidemiological Studies}},
  doi = {https://doi.org/10.4081/gh.2017.573},
  year = {2017}
}

@Article{Cox1996,
  author = {Cox, Lawrence H},
  journal = {Statistics in medicine},
  number = {17},
  pages = {1895--1905},
  publisher = {Wiley Online Library},
  title = {{Protecting Confidentiality in Small Population Health and Environmental Statistics}},
  doi = {https://doi.org/10.1002/(SICI)1097-0258(19960915)15:17<1895::AID-SIM401>3.0.CO;2-W},
  volume = {15},
  year = {1996}
}

@Article{Curtis2006,
  author = {Curtis, Andrew J and Mills, Jacqueline W and Leitner, Michael},
  doi = {https://doi.org/10.1186/1476-072X-5-44},
  issn = {1476-072X},
  journal = {International journal of health geographics},
  pages = {44},
  pmid = {17032448},
  title = {{Spatial Confidentiality and GIS: Re-engineering mortality locations from published maps about Hurricane Katrina.}},
  volume = {5},
  year = {2006}
}

@Article{Duncan1991,
  author = {Duncan, George T and Pearson, Robert W},
  journal = {Statistical Science},
  number = {3},
  pages = {219--232},
  publisher = {Institute of Mathematical Statistics},
  title = {{Enhancing Access to Microdata while Protecting Confidentiality: Prospects for the Future}},
  doi = {https://doi.org/10.1214/ss/1177011681},
  volume = {6},
  year = {1991}
}

@Techreport{GeodaDataandLab2019,
  address = {Illinois},
  author = {{Geoda Data and Lab}},
  institution = {Center for Spatial Data Science. University of Chicago},
  title = {{Sample Data Referenced in the Tutorials for GeoDa, GeoDaSpace, and CAST}},
  url = {https://geodacenter.github.io/data-and-lab/},
  year = {2019}
}

@Techreport{GEOSTAT1B2014,
  author = {GEOSTAT},
  institution = {The European Forum for GeoStatistics},
  pages = {1--23},
  title = {{ESSnet Project GEOSTAT 1B – Representing 2011 Census Data on Grid}},
  url = {https://www.efgs.info/geostat/1b/},
  year = {2014}
}

@Techreport{GEOSTAT1A2011,
  author = {GEOSTAT},
  institution = {The European Forum for GeoStatistics},
  pages = {1--82},
  title = {{ESSnet Project GEOSTAT 1A – Development of an European Population Grid Dataset}},
  url = {https://www.efgs.info/geostat/1a/},
  year = {2011}
}

@Manual{Hendricks2015,
  author = {Hendricks, Paul},
  title = {{anonymizer: Anonymize Data Containing Personally Identifiable Information}},
  note = {R package version 0.2.0},
  url = {https://github.com/paulhendricks/anonymizer},
  year = {2015}
}

@Techreport{INSPIRE2010,
  author = {INSPIRE},
  institution = {INSPIRE Infrastructure for Spatial Information in Europe: European Commission},
  number = {March},
  pages = {22},
  title = {{INSPIRE Specification on Geographical Grid Systems – Guidelines (D2.8.I.2)}},
  url = {http://inspire.ec.europa.eu/documents/Data{\_}Specifications/INSPIRE{\_}Specification{\_}GGS{\_}v3.0.1.pdf},
  year = {2010}
}

@Article{Lagonigro2017,
  author = {Lagonigro, Raymond and Oller, Ramon and Martori, Joan Carles},
  issn = {20138830},
  journal = {SORT},
  number = {1},
  title = {{A Quadtree Approach Based on European Geographic Grids: Reconciling Data Privacy and Accuracy}},
  doi = {https://doi.org/10.2436/20.8080.02.55},
  volume = {41},
  year = {2017}
}

@Manual{Lagonigro2020,
  author = {Lagonigro, Raymond and Oller, Ramon and Martori, Joan Carles},
  title = {{AQuadtree: Confidentiality of Spatial Point Data}},
  year = {2020},
  url = {https://cran.r-project.org/package=AQuadtree},
  note = {R package version 1.0.1},
}

@Inproceedings{Li2007,
  author = {Li, Ninghui and Li, Tiancheng and Venkatasubramanian, Suresh},
  booktitle = {2007 IEEE 23rd International Conference on Data Engineering},
  organization = {IEEE},
  pages = {106--115},
  title = {{t-closeness: Privacy beyond k-anonymity and l-diversity}},
  doi = {https://doi.org/10.1109/ICDE.2007.367856},
  year = {2007}
}

@Article{Machanavajjhala2007,
  title={l-diversity: Privacy beyond k-Anonymity},
  author={Machanavajjhala, Ashwin and Kifer, Daniel and Gehrke, Johannes and Venkitasubramaniam, Muthuramakrishnan},
  doi = {https://doi.org/10.1145/1217299.1217302},
  journal={ACM Transactions on Knowledge Discovery from Data (TKDD)},
  volume={1},
  number={1},
  pages={3--es},
  year={2007},
  publisher={ACM New York, NY, USA}
}

@Manual{Marcelino2013,
  author = {Marcelino, Daniel},
  title = {{SciencesPo: A Tool Set for Analyzing Political Behaviour Data}},
  doi= {https://dx.doi.org/10.2139/ssrn.2320547},
  note = {R package version 1.4.1},
  year = {2013}
}

@Article{Martin2002,
  author = {Martin, David},
  journal = {Population Trends},
  number = {108},
  pages = {7--15},
  title = {{Geography for the 2001 Census in England and Wales}},
  volume = {Summer},
  year = {2002}
}

@Article{Okeefe2015,
  author = {O'Keefe, Christine M and Rubin, Donald B},
  journal = {Statistics in medicine},
  number = {23},
  pages = {3081--3103},
  publisher = {Wiley Online Library},
  title = {{Individual Privacy versus Public Good: Protecting Confidentiality in Health Research}},
  doi = {https://doi.org/10.1002/sim.6543},
  volume = {34},
  year = {2015}
}

@Article{Pebesma2005,
  author = {Pebesma, Edzer and Bivand, Roger S},
  journal = {R News},
  month = {nov},
  number = {2},
  pages = {9--13},
  title = {{Classes and Methods for Spatial Data in R}},
  url = {https://cran.r-project.org/doc/Rnews/},
  volume = {5},
  year = {2005}
}

@Article{Samet1984,
  author = {Samet, Hanan},
  doi = {https://doi.org/10.1145/356924.356930},
  issn = {03600300},
  journal = {ACM Computing Surveys},
  number = {2},
  pages = {187--260},
  publisher = {ACM},
  title = {{The Quadtree and Related Hierarchical Data Structures}},
  volume = {16},
  year = {1984}
}

@Article{Sweeney2002,
  author = {Sweeney, Latanya},
  journal = {International Journal of Uncertainty, Fuzziness and Knowledge-Based Systems},
  number = {05},
  pages = {557--570},
  publisher = {World Scientific},
  title = {{k-anonymity: A Model for Protecting Privacy}},
  doi = {https://doi.org/10.1142/S0218488502001648},
  volume = {10},
  year = {2002}
}

@Article{Tammilehto2000,
  author = {Tammilehto-Luode, Marja and Backer, Lars and Rogstad, Lars},
  journal = {Statistical Journal of the United Nations Economic Commission for Europe},
  number = {2},
  pages = {109--117},
  publisher = {IOS Press},
  title = {{Grid Data and Area Delimitation by Definition Towards a better European Territorial Statistical System}},
  doi= {https://doi.org/10.3233/SJU-2000-17202},
  volume = {17},
  year = {2000}
}

@Inproceedings{Tammilehto2011,
  title={Opportunities and challenges of grid-based statistics},
  author={Tammilehto-Luode, Marja},
  booktitle={World Statistics Congress of the International Statistical Institute},
  year={2011},
  address={Dublin, Ireland}
}

@Article{Templ2015,
  author = {Templ, Matthias and Kovarik, Alexander and Meindl, Bernhard},
  journal = {Journal of Statistical Software},
  number = {4},
  title = {{Statistical Disclosure Control for Microdata Using the R Package sdcMicro}},
  doi = {https://doi.org/10.18637/jss.v067.i04},
  volume = {67},
  year = {2015}
}

@Manual{Theil1972,
  address = {Amsterdam: North Holland},
  author = {Theil, Henry},
  title = {{Statistical decomposition analysis}},
  year = {1972}
}

@Inproceedings{Vu2012,
  author = {Vu, Khuong and Zheng, Rong and Gao, Jie},
  booktitle = {2012 Proceedings IEEE INFOCOM},
  doi = {https://doi.org/10.1109/INFCOM.2012.6195629},
  organization = {IEEE},
  pages = {2399--2407},
  title = {{Efficient Algorithms for k-anonymous Location Privacy in Participatory Sensing}},
  year = {2012}
}

@Manual{Wickham2015,
  author = {Wickham, Hadley and Francois, Romain and Henry, Lionel and M{\"{u}}ller, Kirill},
  note = {R package version 0.8.4},
  title = {{dplyr: A Grammar of Data Manipulation}},
  year = {2020},
  url = {https://CRAN.R-project.org/package=dplyr}
}


@Incollection{Zimmerman2007,
  address = {Boca Raton, Fla.},
  author = {Zimmerman, Dale L and Armstrong, Marc P and Rushton, Gerard},
  booktitle = {Geocoding Health Data: The Use of Geographic Codes in Cancer Prevention and Control, Research and Practice},
  chapter = {Chapter 7},
  pages = {127--138},
  publisher = {CRC Press},
  isbn = {978-0-8493-8419-6},
  title = {{Alternative Techniques for Masking Geographic Detail to Protect Privacy}},
  year = {2007}
}

@Article{Zimmerman2008,
  author = {Zimmerman, Dale L and Pavlik, Claire},
  doi = {https://doi.org/10.1111/j.0016-7363.2007.00713.x},
  issn = {00167363},
  journal = {Geographical Analysis},
  number = {1},
  pages = {52--76},
  publisher = {Wiley Online Library},
  title = {{Quantifying the Effects of Mask Metadata Disclosure and Multiple Releases on the Confidentiality of Geographically Masked Health Data}},
  volume = {40},
  year = {2008}
}
