@Article{Achcar2013,
  title = {A {B}ayesian Approach for Stable Distributions: Some Computational Aspects},
  author = {Jorge A Achcar and Sílvia RC Lopes and Josmar Mazucheli and Raquel R Linhares},
  journal = {Open Journal of Statistics},
  year = {2013},
  number = {04},
  pages = {268},
  volume = {3},
}

@Article{afify2016,
  title = {The {W}eibull {F}r{\'e}chet Distribution and Its Applications},
  author = {Ahmed Z Afify and Haitham M Yousof and Gauss M Cordeiro and Edwin MM Ortega and Zohdy M Nofal},
  journal = {Journal of Applied Statistics},
  year = {2016},
  number = {14},
  pages = {2608--2626},
  volume = {43},
}

@Article{Ahmad2008,
  title = {The Exponentiated {W}eibull Software Reliability Growth Model with Various Testing-Efforts and Optimal Release Policy: A Performance Analysis},
  author = {Nesar Ahmad and M. U. Bokhari and Quadri S.M.K. and M. G. M. Khan},
  journal = {International Journal of Quality \& Reliability Management},
  year = {2008},
  number = {2},
  pages = {211--235},
  volume = {25},
}

@Article{Alzaatreh2016,
  title = {The Gamma Half-{C}auchy Distribution: Properties and Applications},
  author = {Ayman Alzaatreh and M Mansoor and MH Tahir and M Zubair and Shakir Ali},
  journal = {HACETTEPE Journal of Mathematics and Statistics},
  year = {2016},
  number = {4},
  pages = {1143--1159},
  volume = {45},
}

@Article{Bader1982,
  title = {Statistical Aspects of Fibre and Bundle Strength in Hybrid Composites},
  author = {MG Bader and AM Priest},
  journal = {Progress in Science and Engineering of Composites},
  year = {1982},
  pages = {1129--1136},
}

@Article{bakouch2012,
  title = {An Extended {L}indley Distribution},
  author = {Hassan S Bakouch and Bander M Al-Zahrani and Ali A Al-Shomrani and Vitor AA Marchi and Francisco Louzada},
  journal = {Journal of the Korean Statistical Society},
  year = {2012},
  number = {1},
  pages = {75--85},
  volume = {41},
}

@Article{bebbington2007,
  title = {Bathtub-Type Curves in Reliability and beyond},
  author = {M. Bebbington and C. Lai and R. Zitikis},
  journal = {Australian \& New Zealand Journal of Statistics},
  year = {2007},
  number = {3},
  pages = {251--265},
  volume = {49},
}

@Article{Bhaumik2009,
  title = {Testing Parameters of a Gamma Distribution for Small Samples},
  author = {Dulal K. Bhaumik and Kush Kapur and Robert D. Gibbons},
  journal = {Technometrics},
  year = {2009},
  number = {3},
  pages = {326--334},
  volume = {51},
}

@Article{bs,
  title = {A New Family of Life Distributions},
  author = {Z. W. Birnbaum and S. C. Saunders},
  journal = {Journal of Applied Probability},
  year = {1969},
  number = {2},
  pages = {319-327},
  volume = {6},
}

@PhdThesis{Cao2013,
  title = {Relative Performance of Expected and Observed {F}isher Information in Covariance Estimation for Maximum Likelihood Estimates},
  author = {Xumeng Cao},
  school = {Johns Hopkins University},
  year = {2013},
}

@Article{chhikara1977,
  title = {The Inverse {G}aussian Distribution as a Lifetime Model},
  author = {RS Chhikara and JL Folks},
  journal = {Technometrics},
  year = {1977},
  number = {4},
  pages = {461--468},
  volume = {19},
}

@Article{genhalf,
  title = {A Generalization of the Half-Normal Distribution with Applications to Lifetime Data},
  author = {Kahadawala Cooray and Malwane M. A. Ananda},
  journal = {Communications in Statistics - Theory and Methods},
  year = {2008},
  number = {9},
  pages = {1323-1337},
  volume = {37},
}

@Book{Cordeirolivro,
  title = {An Introduction to {B}artlett Correction and Bias Reduction},
  author = {G. M. Cordeiro and F. Cribari-Neto},
  publisher = {Springer-Verlag},
  year = {2014},
  address = {New York},
}

@Article{cordeiro1997beta,
  title = {Bias-Corrected Maximum Likelihood Estimation for the Beta Distribution},
  author = {G. M Cordeiro and E. C. {Da Rocha} and J. G. C {Da Rocha} and F. Cribari-Neto},
  journal = {Journal of Statistical Computation and Simulation},
  year = {1997},
  number = {1},
  pages = {21--35},
  volume = {58},
}

@Article{Cordeiro1994,
  title = {Bias Correction in {ARMA} Models},
  author = {G. M. Cordeiro and R. Klein},
  journal = {Statistics \& Probability Letters},
  year = {1994},
  number = {3},
  pages = {169--176},
  volume = {19},
}

@Article{Cordeiro2013,
  title = {On the {M}arshall-{O}lkin Extended {W}eibull Distribution},
  author = {Gauss M. Cordeiro and Artur J. Lemonte},
  journal = {Statistical Papers},
  year = {2013},
  number = {2},
  pages = {333--353},
  volume = {54},
}

@Article{cordeiro2012betapower,
  title = {The {B}eta Power Distribution},
  author = {Gauss Moutinho Cordeiro and Rejane {dos Santos Brito}},
  journal = {Brazilian Journal of Probability and Statistics},
  year = {2012},
  number = {1},
  pages = {88--112},
  volume = {26},
}

@Book{cox1979theoretical,
  title = {Theoretical Statistics},
  author = {David Roxbee Cox and David Victor Hinkley},
  publisher = {CRC Press},
  year = {1979},
}

@Book{Cox1966,
  title = {The Statistical Analysis of Series of Events},
  author = {D. R. Cox and P. A. W. Lewis},
  year = {1966},
  publisher = {Springer-Verlag},
  address = {Netherlands},
}

@Article{MR0237052,
  title = {A General Definition of Residuals},
  author = {D. R. Cox and E. J. Snell},
  journal = {Journal of the Royal Statistical Society B},
  year = {1968},
  number = {2},
  pages = {248--275},
  volume = {30},
}

@Article{criba2002,
  title = {Nearly Unbiased Maximum Likelihood Estimation for the Beta Distribution},
  author = {F. Cribari-Neto and K. L. P. Vasconcellos},
  journal = {Journal of Statistical Computation and Simulation},
  year = {2002},
  number = {2},
  pages = {107--118},
  volume = {72},
}

@Article{datta2013,
  title = {Comparison of {W}eibull Distribution and Exponentiated {W}eibull Distribution Based Estimation of Mean and Variance of Wind Data},
  author = {Debanshee Datta and D. Datta},
  journal = {International Journal of Energy, Information and Communications},
  year = {2013},
  number = {4},
  pages = {1--11},
  volume = {4},
}

@Book{davison97,
  title = {{B}ootstrap Methods and Their Applications},
  author = {A. C. Davison and D. V. Hinkley},
  publisher = {Cambridge: Cambridge University Press},
  year = {1997},
  address = {New York},
}

@Article{delignette2008-gamma,
  title = {Quantitative Risk Assessment for {E}scherichia Coli O157: {H7} in Frozen Ground Beef Patties Consumed by Young Children in French Households},
  author = {ML Delignette-Muller and M Cornu and Afssa Stec Study Group and {others}},
  journal = {International Journal of Food Microbiology},
  year = {2008},
  number = {1},
  pages = {158--164},
  volume = {128},
}

@Manual{fitdistr2017,
  title = {\pkg{fitdistrplus}: Help to Fit of a Parametric Distribution to Non-Censored or Censored Data},
  author = {Marie Laure Delignette-Muller and Christophe Dutang and Aurélie Siberchicot},
  note = {R package version 1.0-8},
  year = {2017},
}

@Book{Doornik2007,
  title = {Object-Oriented Matrix Programming Using {O}x, 3rd Ed.},
  author = {J. A. Doornik},
  publisher = {London: Timberlake Consultants Press and Oxford},
  year = {2007},
}

@Book{Edwards1972,
  title = {Likelihood (Expanded Edition)},
  author = {A. W. F. Edwards},
  publisher = {Johns Hopkins University Press},
  year = {1992},
  address = {Baltimore},
}

@Book{Efr1982,
  title = {The {J}ackknife, the {B}ootstrap and Other Resampling Plans},
  author = {B. Efron},
  publisher = {SIAM},
  year = {1982},
  volume = {38},
}

@Article{fisher_hazard,
  title = {{F}isher's Information in Terms of the Hazard Rate},
  author = {B. Efron and I. M. Johnstone},
  journal = {The Annals of Statistics},
  year = {1990},
  number = {1},
  pages = {38--62},
  volume = {18},
}

@Book{MR95h:62077,
  title = {An Introduction to the {B}ootstrap},
  author = {B. Efron and R. J. Tibshirani},
  publisher = {Chapman and Hall},
  year = {1993},
  address = {New York},
  series = {Monographs on Statistics and Applied Probability},
  volume = {57},
}

@Article{firth,
  title = {Bias Reduction of Maximum Likelihood Estimates},
  author = {D. Firth},
  journal = {Biometrika},
  year = {1993},
  number = {1},
  pages = {27-38},
  volume = {80},
}

@Article{Firth1993,
  title = {Bias Reduction of Maximum Likelihood Estimates},
  author = {D. Firth},
  journal = {Biometrika},
  year = {1993},
  number = {1},
  pages = {27-38},
  volume = {80},
}

@Article{ghitany2013power,
  title = {Power {L}indley Distribution and Associated Inference},
  author = {M. E. Ghitany and D. K. Al-Mutairi and N. Balakrishnan and L. J. Al-Enezi},
  journal = {Computational Statistics \& Data Analysis},
  year = {2013},
  pages = {20--33},
  volume = {64},
  publisher = {Elsevier},
}

@Article{MR2424558,
  title = {{L}indley Distribution and Its Application},
  author = {M. E. Ghitany and B. Atieh and S. Nadarajah},
  journal = {Mathematics and Computers in Simulation},
  year = {2008},
  number = {4},
  pages = {493--506},
  volume = {78},
}

@TechReport{giles2012toppleone,
  title = {A Note on Improved Estimation for the {T}opp-{L}eone Distribution},
  author = {D. E. Giles},
  institution = {Department of Economics, University of Victoria},
  year = {2012},
}

@Article{halflogistic,
  title = {Bias Reduction for the Maximum Likelihood Estimators of the Parameters in the Half-Logistic Distribution},
  author = {David E. Giles},
  journal = {Communication in Statistics - Theory and Methods},
  year = {2012},
  number = {2},
  pages = {212-222},
  volume = {41},
}

@TechReport{giles2009,
  title = {Bias of the Maximum Likelihood Estimators of the Two-Parameter Gamma Distribution Revisited},
  author = {David E Giles and Hui Feng},
  institution = {Department of Economics, University of Victoria},
  year = {2009},
}

@Article{Giles2016,
  title = {Bias-Corrected Maximum Likelihood Estimation of the Parameters of the Generalized {P}areto Distribution},
  author = {D. E. Giles and H. Feng and R. T. Godwin},
  journal = {Communications in Statistics -- Theory and Methods},
  year = {2016},
  number = {8},
  pages = {2465--2483},
  volume = {45},
  eprint = { 
 http://dx.doi.org/10.1080/03610926.2014.887104
 
},
}

@Article{gileslomax,
  title = {On the Bias of the Maximum Likelihood Estimator for the Two-Parameter {L}omax Distribution},
  author = {D. E. Giles and H. Feng and R. T. Godwin},
  journal = {Communications in Statistics - Theory and Methods},
  year = {2013},
  number = {11},
  pages = {1934--1950},
  volume = {42},
}

@Article{glen2011,
  title = {On the Inverse Gamma as a Survival Distribution},
  author = {Andrew G Glen},
  journal = {Journal of quality technology},
  year = {2011},
  number = {2},
  pages = {158},
  volume = {43},
}

@Article{gomes2014,
  title = {A New Lifetime Model: The {K}umaraswamy Generalized {R}ayleigh Distribution},
  author = {A. E. Gomes and C. Q. da-Silva and G. M; Cordeiro and E. M. M. Ortega},
  journal = {Journal of Statistical Computation and Simulation},
  year = {2014},
  number = {2},
  pages = {290--309},
  volume = {84},
}

@Book{Gross1976,
  title = {Survival Distributions: Reliability Applications in the Biometrical Sciences},
  author = {Alan John Gross and Virginia A. Clark},
  editor = {New York},
  publisher = {John Wiley \& Sons},
  year = {1976},
}

@Article{Gupta1998,
  title = {Modeling Failure Time Data by {L}ehman Alternatives},
  author = {Ramesh C. Gupta and Pushpa L Gupta and Rameshwar D. Gupta},
  journal = {Communications in Statistics - Theory and Methods},
  year = {1998},
  number = {4},
  pages = {887--904},
  volume = {27},
}

@Article{Gupta2004,
  title = {Some Characterization Results Based on Factorization of the (Reversed) Hazard Rate Function},
  author = {R. D. Gupta and R. C. Gupta and P. G. Sankaran},
  journal = {Communication in Statistics - Theory and Methods},
  year = {2004},
  volume = {33},
  issue = {12},
  page = {3009--3031},
}

@Article{Gupta2003,
  title = {Discriminating between {W}eibull and Generalized Exponential Distributions},
  author = {Rameshwar D Gupta and Debasis Kundu},
  journal = {Computational Statistics \& Data Analysis},
  year = {2003},
  number = {2},
  pages = {179--196},
  volume = {43},
}

@Article{Gupta2002,
  title = {Generalized Exponential Distribution: Statistical Inferences},
  author = {Rameshwar D Gupta and Debasis Kundu},
  journal = {Journal of Statistical Theory and Applications},
  year = {2002},
  number = {101-118},
  volume = {1},
}

@Article{Gupta2001,
  title = {{E}xponentiated Exponential Family: An Alternative to Gamma and {W}eibull Distributions},
  author = {Rameshwar D Gupta and Debasis Kundu},
  journal = {Biometrical Journal},
  year = {2001},
  number = {1},
  pages = {117--130},
  volume = {43},
}

@Article{Gupta2001a,
  title = {Generalized Exponential Distribution: Different Method of Estimations},
  author = {Rameshwar D Gupta and Debasis Kundu},
  journal = {Journal of Statistical Computation and Simulation},
  year = {2001},
  number = {4},
  pages = {315--337},
  volume = {69},
}

@Article{Gupta1999,
  title = {Generalized Exponential Distributions},
  author = {R. D. Gupta and D. Kundu},
  journal = {Australian \& New Zealand Journal of Statistics},
  year = {1999},
  number = {2},
  pages = {173--188},
  volume = {41},
}

@Book{genmoments,
  title = {Generalized Method of Moments (Advanced Texts in Econometrics)},
  author = {A. R. Hall},
  publisher = {Oxford University Press},
  year = {2005},
  address = {Oxford},
}

@Article{hassan2016weibull,
  title = {Weibull Quasi {L}indley Distribution and Its Statistical Properties with Applications to Lifetime Data},
  author = {Amal S Hassan and I Elbatal and Saeed E Hemeda},
  journal = {International Journal of Applied Mathematics and Statistics™},
  year = {2016},
  number = {3},
  pages = {63--80},
  volume = {55},
}

@Book{Jorgensen1982,
  title = {Statistical Properties of the Generalized Inverse Gaussian Distribution.},
  author = {B. Jørgensen},
  editor = {New York},
  publisher = {Springer-Verlag},
  year = {1982},
}

@Article{javanshiri2015exp,
  title = {Exp-{K}umaraswamy Distributions: Some Properties and Applications},
  author = {Zohre Javanshiri and Arezou {Habibi Rad} and Nasser Reza Arghami},
  journal = {Journal of Sciences, Islamic Republic of Iran},
  year = {2015},
  number = {1},
  pages = {57--69},
  volume = {26},
}

@Article{Jiang1999,
  title = {The Exponentiated {W}eibull Family: A Graphical Approach},
  author = {R. Jiang and D. N. P. Murthy},
  journal = {IEEE Transactions on Reliability},
  year = {1999},
  number = {1},
  pages = {68--72},
  volume = {48},
}

@Book{MR1326603,
  title = {Continuous Univariate Distributions. {V}ol. 1, 2},
  author = {N. L. Johnson and S. Kotz and N. Balakrishnan},
  publisher = {John Wiley \& Sons},
  year = {1995},
  address = {New York},
  edition = {2nd},
}

@TechReport{mathematica,
  title = {Bias-Corrected Maximum Likelihood Estimation in Actuarial Science},
  author = {P. H. Johnson and Y. Qi and Y. C. Chueh},
  institution = {University of Illinois},
  year = {2012},
  address = {Urbana-Champaign, Champaign, IL},
  type = {Working Papers},
}

@TechReport{mathematicacsck,
  title = {{CSCK} {MLE} Bias Calculation},
  author = {P. H. Johnson and Y. Qi and Y. C. Chueh},
  institution = {University of Illinois},
  year = {2012},
  address = {Urbana-Champaign, Champaign, IL},
  type = {Working Papers},
}

@Article{378033,
  title = {Asymptotic Maximum Likelihood Estimator Performance for Chaotic Signals in Noise},
  author = {S. Kay},
  journal = {IEEE Transactions on Signal Processing},
  year = {1995},
  number = {4},
  pages = {1009-1012},
  volume = {43},
}

@Article{kumagai1995,
  title = {Changes in the Distribution of Short-Term Exposure Concentration with Different Averaging times},
  author = {Shinji Kumagai and Ichiro Matsunaga},
  journal = {American Industrial Hygiene Association},
  year = {1995},
  number = {1},
  pages = {24--31},
  volume = {56},
  publisher = {Taylor \& Francis},
}

@Article{kumagai1989,
  title = {Assessment of Occupational Exposures to Industrial Hazardous Substances. {III}. {O}n the Frequency Distribution of Daily Exposure Averages (8-h {TWA})},
  author = {S Kumagai and I Matsunaga and K Sugimoto and Y Kusaka and T Shirakawa},
  journal = {Japanese Journal of Industrial Health},
  year = {1989},
  number = {4},
  pages = {216--226},
  volume = {31},
}

@InBook{kundu2005,
  title = {Discriminating between Normal and {L}aplace Distributions},
  author = {Debasis Kundu},
  year = {2005},
  pages = {65--79},
  booktitle = {Advances in Ranking and Selection, Multiple Comparisons, and Reliability},
  chapter = {4},
  editor = {N Balakrishnan and Nandini Kannan and H. N. Nagaraja},
  publisher = {Birkh\"{a}user},
  address = {Basel},
}

@Article{genlogI,
  title = {Bias Correction in the Type {I} generalized Logistic Distribution},
  author = {B. Lagos-Álvarez and M. D. Jiménez-Gamero and V. Alba-Fernández},
  journal = {Communications in Statistics - Simulation and Computation},
  year = {2011},
  number = {4},
  pages = {511--531},
  volume = {40},
}

@InCollection{MR1861919,
  title = {Bathtub-Shaped Failure Rate Life Distributions},
  author = {C. D. Lai and M. Xie and D. N. P. Murthy},
  booktitle = {Advances in Reliability},
  publisher = {North-Holland},
  year = {2001},
  address = {Amsterdam},
  pages = {69--104},
  series = {Handbook of Statistics.},
  volume = {20},
  mrclass = {62N05 (62E15)},
  mrnumber = {1861919},
}

@Book{Lawless2011,
  title = {Statistical {M}odels and {M}ethods for {L}ifetime {D}ata, Second Edition},
  author = {Jerald F Lawless},
  publisher = {John Wiley \& Sons},
  year = {2011},
  volume = {362},
}

@Book{MR1940115,
  title = {Statistical Models and Methods for Lifetime Data},
  author = {J. F. Lawless},
  publisher = {John Wiley \& Sons},
  year = {2003},
  address = {Hoboken, NJ},
  edition = {2nd},
  series = {Wiley Series in Probability and Statistics},
}

@Book{Lehmann1999,
  title = {Elements of Large-Sample Theory},
  author = {E. L. Lehmann},
  publisher = {Springer-Verlag},
  year = {1999},
}

@Book{lehmann1998,
  title = {Theory of Point Estimation},
  author = {E. J. Lehmann and G. Casella},
  publisher = {Springer-Verlag},
  year = {1998},
}

@Article{lemonte2011,
  title = {Improved Point Estimation for the {K}umaraswamy Distribution},
  author = {A. J. Lemonte},
  journal = {Journal of Statistical Computation and Simulation},
  year = {2011},
  number = {12},
  pages = {1971--1982},
  volume = {81},
}

@Article{Lemonte2007,
  title = {Improved Statistical Inference for the Two-Parameter {B}irnbaum-{S}aunders Distribution},
  author = {Artur J. Lemonte and Francisco Cribari-Neto and Klaus L. P. Vasconcellos},
  journal = {Computational Statistics \& Data Analysis},
  year = {2007},
  number = {9},
  pages = {4656--4681},
  volume = {51},
}

@Article{Lemonte20074656,
  title = {Improved Statistical Inference for the Two-Parameter {B}irnbaum-{S}aunders Distribution},
  author = {A. J. Lemonte and F. Cribari-Neto and K. L. P. Vasconcellos},
  journal = {Computational Statistics \& Data Analysis},
  year = {2007},
  number = {9},
  pages = {4656--4681},
  volume = {51},
}

@Article{foldednormal,
  title = {The Folded {N}ormal Distribution},
  author = {F. C. Leone and L. S. Nelson and R. B. Nottingham},
  journal = {Technometrics},
  year = {1961},
  number = {4},
  pages = {543--550},
  volume = {3},
}

@Book{Linhart1986,
  title = {Model Selection},
  author = {H. Linhart and W. Zucchini},
  editor = {New York},
  publisher = {John Wiley \& Sons},
  year = {1986},
}

@Manual{Maple2017,
  title = {Maplesoft, a Division of Waterloo Maple Inc.},
  address = {Ontario},
  author = {{Maple}},
  organization = {Waterloo},
  year = {2017},
}

@Article{Marshall1997,
  title = {A New Method for adding a parameter to a family of Distributions with application to the exponential and {W}eibull Families},
  author = {Albert W. Marshall and Ingram Olkin},
  journal = {Biometrika},
  year = {1997},
  number = {3},
  pages = {641--652},
  volume = {84},
}

@Manual{mazucheli-mletools,
  title = {Mle.tools: {E}xpected/{O}bserved {F}isher Information and Bias-Corrected Maximum Likelihood Estimate(s)},
  author = {J. Mazucheli},
  note = {R package version 1.0.0},
  year = {2017},
}

@Article{mazucheli2017,
  title = {Bias-Corrected Maximum Likelihood Estimation of the Parameters of the Generalized Half-Normal Distribution},
  author = {J. Mazucheli and S. Dey},
  journal = {submitted to Journal of Statistical Computation and Simulation},
  year = {2017},
}

@Book{millar,
  title = {Maximum Likelihood Estimation and Inference},
  author = {Russell B. Millar},
  publisher = {John Wiley \& Sons},
  year = {2011},
  address = {United Kingdom},
}

@Article{Mudholkar1996,
  title = {The Exponentiated {W}eibull Family: Some Properties and a Flood Data Application},
  author = {Govind S. Mudholkar and Alan D. Hutson},
  journal = {Communications in Statistics - Theory and Methods},
  year = {1996},
  number = {12},
  pages = {3059--3083},
  volume = {25},
}

@Article{Mudholkar1993,
  title = {Exponentiated {W}eibull Family for Analyzing Bathtub Failure-Rate Data},
  author = {G. S. Mudholkar and D. K. Srivastava},
  journal = {IEEE Transactions on Reliability},
  year = {1993},
  number = {2},
  pages = {299--302},
  volume = {42},
}

@Article{Mudholkar1995,
  title = {The Exponentiated {W}eibull family: A Reanalysis of the Bus-Motor-Failure Data},
  author = {Govind S. Mudholkar and Deo Kumar Srivastava and Marshall Freimer},
  journal = {Technometrics},
  year = {1995},
  number = {4},
  pages = {436--445},
  volume = {37},
}

@Article{bath,
  title = {Bathtub-Shaped Failure Rate Functions},
  author = {S. Nadarajah},
  journal = {Quality \& Quantity},
  year = {2008},
  number = {5},
  pages = {855--863},
  volume = {43},
  fjournal = {Communications in Statistics - Theory and Methods},
}

@Article{Nadarajah2007452,
  title = {The Model for Fracture Toughness},
  author = {S. Nadarajah},
  journal = {Journal of Mechanical Science and Technology},
  year = {2008},
  pages = {1255--1258},
  volume = {22},
  issue = {7},
}

@Article{Nadarajah2008,
  title = {A Truncated Inverted Beta Distribution with Application to Air Pollution Data},
  author = {Saralees Nadarajah},
  journal = {Stochastic Environmental Research and Risk Assessment},
  year = {2008},
  number = {2},
  pages = {285--289},
  volume = {22},
  publisher = {Springer-Verlag},
}

@Article{Nadarajah2011,
  title = {A Generalized {L}indley Distribution},
  author = {Saralees Nadarajah and Hassan S Bakouch and Rasool Tahmasbi},
  journal = {Sankhya B},
  year = {2011},
  number = {2},
  pages = {331--359},
  volume = {73},
  publisher = {Springer-Verlag},
}

@Article{Nadarajah2005,
  title = {On the Moments of the Exponentiated {W}eibull Distribution},
  author = {Saralees Nadarajah and Arjun K. Gupta},
  journal = {Communications in Statistics - Theory and Methods},
  year = {2005},
  number = {2},
  pages = {253--256},
  volume = {34},
}

@Article{Nadarajah2007451,
  title = {On the Alternative to the {W}eibull Function},
  author = {S. Nadarajah and S. Kotz},
  journal = {Engineering Fracture Mechanics},
  year = {2007},
  number = {3},
  pages = {451-456},
  volume = {74},
}

@Article{MR2288106,
  title = {{$q$} Exponential Is a {B}urr Distribution},
  author = {Saralees Nadarajah and Samuel Kotz},
  journal = {Physics Letters. A},
  year = {2006},
  number = {6},
  pages = {577--579},
  volume = {359},
  fjournal = {Physics Letters. A},
}

@Article{Nassar2003,
  title = {On the Exponentiated {W}eibull Distribution},
  author = {Manal M. Nassar and Fathy H. Eissa},
  journal = {Communications in Statistics - Theory and Methods},
  year = {2003},
  number = {7},
  pages = {1317--1336},
  volume = {32},
}

@Book{Nelson2005,
  title = {Applied Life Data Analysis},
  author = {Wayne B Nelson},
  publisher = {John Wiley \& Sons},
  year = {2005},
  volume = {577},
}

@Article{nichols2006,
  title = {A Bootstrap Control Chart for {W}eibull Percentiles},
  author = {Michele D Nichols and WJ Padgett},
  journal = {Quality and reliability engineering international},
  year = {2006},
  number = {2},
  pages = {141--151},
  volume = {22},
  publisher = {John Wiley \& Sons},
}

@Book{pawitan2001,
  title = {In All Likelihood: Statistical Modelling and Inference Using Likelihood},
  author = {Y. Pawitan},
  publisher = {Oxford University Press},
  year = {2001},
  address = {Oxford},
}

@Article{peralta2014,
  title = {Estimation of the Probability of Correct Selection between Distributions Inverse-{G}aussian and Log-Normal via Ratio of Likelihoods and Methods Based on Distances.},
  author = {Danielle Peralta and Josmar. Mazucheli},
  journal = {Rev. Bras. Biom},
  year = {2014},
  number = {4},
  pages = {553--569},
  volume = {32},
}

@Article{Pewsey-2004,
  title = {Improved Likelihood Based Inference for the General Half-{N}ormal Distribution},
  author = {A. Pewsey},
  journal = {Communication in Statistics - Theory and Methods},
  year = {2004},
  number = {2},
  volume = {33},
  page = {197--204},
}

@Article{persey2002,
  title = {Large-Sample Inference for the General Half-{N}ormal Distribution},
  author = {A. Pewsey},
  journal = {{Communications in Statistics - Theory and Methods}},
  year = {2002},
  number = {7},
  pages = {1045--1054},
  volume = {31},
}

@Article{Pourdarvish2015,
  title = {The Exponentiated {T}opp-{L}eone Distribution: Properties and Application},
  author = {A. Pourdarvish and S. M. T. K. Mirmostafaee and K. Naderi},
  journal = {Journal of Applied Environmental and Biological Sciences},
  year = {2015},
  pages = {251--256},
}

@Manual{RCT2016,
  title = {R: A Language and Environment for Statistical Computing},
  address = {Vienna, Austria},
  author = {{R Core Team}},
  note = {{ISBN} 3-900051-07-0},
  organization = {R Foundation for Statistical Computing},
  year = {2016},
}

@Article{rajarshi88,
  title = {Bathtub Distributions: A Review},
  author = {S. Rajarshi and M. B. Rajarshi},
  journal = {Communications in Statistics - Theory and Methods},
  year = {1988},
  number = {8},
  pages = {2597--2621},
  volume = {17},
}

@Article{Raqab2001,
  title = {Estimation of the Location and Scale Parameters of Generalized Exponential Distribution Based on Order Statistics},
  author = {Mohammad M Raqab and M Ahsanullah},
  journal = {Journal of Statistical Computation and Simulation},
  year = {2001},
  number = {2},
  pages = {109--123},
  volume = {69},
}

@Article{Raqab2004,
  title = {Generalized Exponential Distribution: {M}oments of Order Statistics},
  author = {Mohammad Z Raqab},
  journal = {Statistics},
  year = {2004},
  number = {1},
  pages = {29--41},
  volume = {38},
}

@Article{Raqab2002,
  title = {Inferences for Generalized Exponential Distribution Based on Record Statistics},
  author = {Mohammad Z Raqab},
  journal = {Journal of statistical planning and inference},
  year = {2002},
  number = {2},
  pages = {339--350},
  volume = {104},
}

@Article{Raqab2008,
  title = {Estimation of {P}({Y} $<$ {X}) for the Three-Parameter Generalized Exponential Distribution},
  author = {Mohammad Z Raqab and Mohamed T Madi and Debasis Kundu},
  journal = {Communications in Statistics - Theory and Methods},
  year = {2008},
  number = {18},
  pages = {2854--2864},
  volume = {37},
}

@PhdThesis{Reath2016,
  title = {Improved Parameter Estimation of the Log-Logistic Distribution with Applications},
  author = {Joseph Reath},
  school = {Michigan Technological University},
  year = {2016},
}

@TechReport{Ross2003,
  title = {A Climatology of 1980 -- 2003 Extreme Weather and Climate Events},
  author = {T. Ross and N. Lott},
  institution = {National Climatic Data Center},
  year = {2003},
  number = {01},
}

@Article{Saha2005,
  title = {Bias-Corrected Maximum Likelihood Estimator of the Negative Binomial Dispersion Parameter},
  author = {Krishna Saha and Sudhir Paul},
  journal = {Biometrics},
  year = {2005},
  number = {1},
  pages = {179--185},
  volume = {61},
}

@Article{Schwartz2016,
  title = {Bias-Reduced Maximum Likelihood Estimation of the Zero-Inflated {P}oisson Distribution},
  author = {Jacob Schwartz and David E. Giles},
  journal = {Communications in Statistics - Theory and Methods},
  year = {2016},
  number = {2},
  pages = {465--478},
  volume = {45},
}

@Article{nakagami,
  title = {Improved Maximum-Likelihood Estimation of the Shape Parameter in the {N}akagami Distribution},
  author = {J. Schwartz and R. T. Godwin and D. E. Giles},
  journal = {Journal of Statistical Computation and Simulation},
  year = {2013},
  number = {3},
  pages = {434--445},
  volume = {83},
}

@Article{shanker2015,
  title = {{S}hanker Distribution and Its Applications},
  author = {Rama Shanker},
  journal = {International Journal of Statistics and Applications},
  year = {2015},
  number = {6},
  pages = {338--348},
  volume = {5},
}

@Article{Shanker2016,
  title = {On Quasi {L}indley Distribution and Its Applications to Model Lifetime Data},
  author = {Rama Shanker and Hagos Fesshaye and Shambhu. Sharma},
  journal = {International Journal of Statistical Distributions and Applications.},
  year = {2016},
  number = {1},
  pages = {1--7},
  volume = {2},
}

@Article{Sharma2014,
  title = {The Inverse {L}indley Distribution: A Stress-Strength Reliability Model with Application to Head and Neck Cancer Data},
  author = {V. K. Sharma and S. K. Singh and U. Singh and V. Agiwal},
  journal = {Journal of Industrial and Production Engineering},
  year = {2015},
  number = {3},
  pages = {162--173},
  volume = {32},
}

@Article{simpson1972,
  title = {Use of the Gamma Distribution in Single-Cloud Rainfall Analysis},
  author = {Joanne Simpson},
  journal = {Monthly Weather Review},
  year = {1972},
  number = {4},
  pages = {309--312},
  volume = {100},
}

@InProceedings{7113460,
  title = {On Bias Corrected Estimators of the Two Parameter Gamma Distribution},
  author = {A. K. Singh and A. Singh and D. J. Murphy},
  booktitle = {Information Technology - New Generations (ITNG), 2015 12th International Conference on},
  year = {2015},
  pages = {127--132},
}

@Article{Singh2005,
  title = {Estimation of Parameters for Exponentiated-{W}eibull Family under Type-{II} Censoring Scheme},
  author = {Umesh Singh and Pramod K. Gupta and S. K. Upadhyay},
  journal = {Computational Statistics \& Data Analysis},
  year = {2005},
  number = {3},
  pages = {509 -- 523},
  volume = {48},
}

@Article{stacy62,
  title = {A Generalization of the Gamma Distribution},
  author = {E. W. Stacy},
  journal = {The Annals of Mathematical Statistics},
  year = {1962},
  number = {3},
  pages = {1187--1192},
  volume = {33},
}

@Article{stacy64,
  title = {Parameter Estimation for a Generalized Gamma Distribution},
  author = {E. W. Stacy and G. A. Mihram},
  journal = {Technometrics},
  year = {1965},
  number = {3},
  pages = {349--358},
  volume = {7},
}

@Article{bias-maple,
  title = {Using {M}aple and {M}athematica to Derive Bias Corrections for Two Parameter Distributions},
  author = {B. D. Stočsić and G. M Cordeiro},
  journal = {Journal of Statistical Computation and Simulation},
  year = {2009},
  number = {6},
  pages = {751--767},
  volume = {79},
}

@Article{Tahir2016,
  title = {The {G}umbel-{L}omax Distribution: Properties and Applications},
  author = {MH Tahir and M Adnan Hussain and Gauss M Cordeiro and GG Hamedani and M Mansoor and M Zubair},
  journal = {Journal of Statistical Theory and Applications},
  year = {2016},
  number = {1},
  pages = {61--79},
  volume = {15},
}

@Article{Teimouri2016,
  title = {Bias Corrected {MLEs} under Progressive Type-{II} Censoring Scheme},
  author = {M. Teimouri and S. Nadarajah},
  journal = {Journal of Statistical Computation and Simulation},
  year = {2016},
  number = {14},
  pages = {2714-2726},
  volume = {86},
}

@Article{Teimouri2013,
  title = {Bias Corrected {MLEs} for the {W}eibull Distribution Based on Records},
  author = {M. Teimouri and S. Nadarajah},
  journal = {Statistical Methodology},
  year = {2013},
  pages = {12--24},
  volume = {13},
}

@Article{wang2017,
  title = {Inference on the {K}umaraswamy Distribution},
  author = {Bing Xing Wang and Xiu Kun Wang and Keming Yu},
  journal = {Communications in Statistics - Theory and Methods},
  year = {2017},
  number = {5},
  pages = {2079--2090},
  volume = {46},
}

@Article{lindleybc,
  title = {Bias-Corrected Maximum Likelihood Estimation of the Parameters of the Weighted {L}indley Distribution},
  author = {M. Wang and W. Wang},
  journal = {{Communications in Statistics - Theory and Methods}},
  year = {2017},
  number = {1},
  pages = {530--545},
  volume = {46},
}

@PhdThesis{Wang2015,
  title = {Bias-Corrected Maximum Likelihood Estimation of the Parameters of the Weighted {L}indley Distribution},
  author = {Wentao. Wang},
  school = {Michigan Technological University},
  year = {2015},
}

@Article{warahena2014generalized,
  title = {A Generalized Power {L}indley Distribution with Applications},
  author = {Gayan Warahena-Liyanage and Mavis Pararai},
  journal = {Asian Journal of Mathematics and Applications},
  year = {2014},
  volume = {2014},
}

@Manual{math,
  title = {Mathematica, Version 8.0},
  address = {Vienna, Champaign, Illinois},
  author = {{Wolfram Research, Inc.}},
  organization = {Wolfram Research, Inc.},
  year = {2010},
}

@Article{Ling2014,
  title = {Bias Reduction for the Maximum Likelihood Estimator of the Parameters of the generalized {R}ayleigh Family of Distributions},
  author = {L. Xiao and D. E. Giles},
  journal = {Communications in Statistics - Theory and Methods},
  year = {2014},
  number = {8},
  pages = {1778--1792},
  volume = {43},
}

@Article{Xie2002279,
  title = {A Modified {W}eibull Extension with Bathtub-Shaped Failure Rate Function},
  author = {M. Xie and Y. Tang and T. N. Goh},
  journal = {Reliability Engineering \& System Safety},
  year = {2002},
  number = {3},
  pages = {279--285},
  volume = {76},
}

@Article{Zhang2015,
  title = {Bias-Corrected Estimators of Scalar Skew Normal},
  author = {Guoyi Zhang and Rong Liu},
  journal = {Communications in Statistics - Simulation and Computation},
  year = {2015},
  number = {2},
  pages = {831--839},
  volume = {46},
}

@Article{Zheng2002,
  title = {On the {F}isher Information Matrix in Type {II} Censored Data from the Exponentiated Exponential Family},
  author = {Gang Zheng},
  journal = {Biometrical Journal},
  year = {2002},
  number = {3},
  pages = {353--357},
  volume = {44},
}
