@article{Newcombe1998Improved,
  author =	 {Newcombe, R. G.},
  day =		 30,
  journal =	 {Statistics in Medicine},
  number =	 22,
  pages =	 {2635--2650},
  title =	 {Improved confidence intervals for the difference
                  between binomial proportions based on paired data},
  volume =	 17,
  year =	 1998
}

@article{Newcombe1998Interval,
  author =	 {Newcombe, Robert G.},
  day =		 30,
  journal =	 {Statistics in Medicine},
  number =	 8,
  pages =	 {873--890},
  priority =	 2,
  publisher =	 {Wiley Subscription Services, Inc., A Wiley Company},
  title =	 {Interval estimation for the difference between
                  independent proportions: Comparison of eleven
                  methods},
  volume =	 17,
  year =	 1998
}

@article{Mehrotra2003Cautionary,
  author =	 {Mehrotra, Devan V. and Chan, Ivan S. and Berger,
                  Roger L.},
  journal =	 {Biometrics},
  number =	 2,
  pages =	 {441--450},
  title =	 {A cautionary note on exact unconditional inference
                  for a difference between two independent binomial
                  proportions},
  volume =	 59,
  year =	 2003
}

@article{Karacan1976Sleep,
  author =	 {Karacan, I. and Fern\'{a}ndez-Salas, A. and Coggins,
                  W. J. and Carter, W. E. and Williams, R. L. and
                  Thornby, J. I. and Salis, P. J. and Okawa, M. and
                  Villaume, J. P.},
  journal =	 {Annals of the New York Academy of Sciences},
  pages =	 {348--374},
  title =	 {Sleep electroencephalographic-electrooculographic
                  characteristics of chronic marijuana users: Part {I}},
  volume =	 282,
  year =	 1976
}

@article{Essenberg1952Cigarette,
  author =	 {Essenberg, J. M.},
  day =		 21,
  journal =	 {Science},
  number =	 3021,
  pages =	 {561--562},
  publisher =	 {American Association for the Advancement of Science},
  title =	 {Cigarette Smoke and the Incidence of Primary
                  Neoplasm of the Lung in the Albino Mouse},
  volume =	 116,
  year =	 1952
}

@article{Buehler1957Confidence,
  author =	 {Buehler, Robert J.},
  day =		 1,
  journal =	 {Journal of the American Statistical Association},
  number =	 280,
  pages =	 {482--493},
  priority =	 2,
  publisher =	 {Taylor \& Francis},
  title =	 {Confidence Intervals for the Product of Two Binomial
                  Parameters},
  volume =	 52,
  year =	 1957
}

@article{Brown2001Interval,
  author =	 {Brown, Lawrence D.  and Cai, Tony T. and DasGupta,
                  Anirban},
  number =	 2,
  pages =	 {101--133},
  priority =	 2,
  title =	 {Interval Estimation for a Binomial Proportion},
  volume =	 16,
  year =	 2001
}

@article{Agresti2000Simple,
  author =	 {Agresti, Alan and Caffo, Brian},
  day =		 1,
  journal =	 {The American Statistician},
  number =	 4,
  pages =	 {280--288},
  priority =	 2,
  publisher =	 {Taylor \& Francis},
  title =	 {Simple and Effective Confidence Intervals for
                  Proportions and Differences of Proportions Result
                  from Adding Two Successes and Two Failures},
  volume =	 54,
  year =	 2000
}

@article{Agresti1998Approximate,
  author =	 {Agresti, Alan and Coull, Brent A.},
  day =		 1,
  journal =	 {The American Statistician},
  number =	 2,
  pages =	 {119--126},
  publisher =	 {Taylor \& Francis},
  title =	 {Approximate is Better than ``Exact'' for Interval
                  Estimation of Binomial Proportions},
  volume =	 52,
  year =	 1998
}

@article{Wang2012Inductive,
  author =	 {Wang, Weizhen},
  journal =	 {Statistics \& Probability Letters},
  number =	 8,
  pages =	 {1623--1628},
  title =	 {An inductive order construction for the difference
                  of two dependent proportions},
  volume =	 82,
  year =	 2012
}

@article{Wang2010Construction,
  author =	 {Wang, Weizhen},
  journal =	 {The Annals of Statistics},
  number =	 2,
  pages =	 {1227--1243},
  title =	 {On construction of the smallest one-sided confidence
                  interval for the difference of two proportions},
  volume =	 38,
  year =	 2010
}

@article{Lloyd2003Optimality,
  author =	 {Lloyd, Chris J. and Kabaila, Paul},
  day =		 1,
  journal =	 {Australian \& New Zealand Journal of Statistics},
  number =	 2,
  pages =	 {167--174},
  publisher =	 {Blackwell Publishing Ltd},
  title =	 {On the Optimality and Limitations of {B}uehler
                  Bounds},
  volume =	 45,
  year =	 2003
}

@article{Wang2006Smallest,
  author =	 {Wang, Weizhen},
  day =		 01,
  journal =	 {Journal of Statistical Planning and Inference},
  number =	 12,
  pages =	 {4293--4306},
  title =	 {Smallest confidence intervals for one binomial
                  proportion},
  volume =	 136,
  year =	 2006
}

@article{Wang2013Asymptotic,
  author =	 {Wang, Weizhen and Zhang, Zhongzhan},
  journal =	 {Metrika},
  doi =		 {10.1007/s00184-013-0457-5},
  publisher =	 {Springer Berlin Heidelberg},
  title =	 {Asymptotic infimum coverage probability for
                  interval estimation of proportions},
  year =	 {{in press}}
}

@article{Lloyd2010Letter,
  author =	 {Lloyd, Chris and Kabaila, Paul},
  day =		 15,
  eprint =	 {1211.3594},
  journal =	 {The Annals of Statistics},
  number =	 6,
  pages =	 {3840--3841},
  title =	 {Letter to the {E}ditor: Some comments on ``{O}n
                  construction of the smallest one-sided confidence
                  interval for the difference of two proportions''},
  volume =	 38,
  year =	 2010
}

@article{chen1993order,
  Author =	 {Chen, Jiading},
  Journal =	 {Advances in Mathematics},
  Number =	 6,
  Pages =	 {542--552},
  Title =	 {The order relations in the sample spaces and the
                  confidence limits for parameters},
  Volume =	 22,
  Year =	 1993
}

@Manual{exacdidiff,
  title =	 {ExactCIdiff: Inductive Confidence Intervals for the
                  difference between two proportions},
  author =	 {Guogen Shan and Weizhen Wang},
  year =	 {2013},
  note =	 {R package version 1.3},
  url =		 {http://CRAN.R-project.org/package=ExactCIdiff},
}

@Manual{epi,
  title =	 {{Epi}: A Package for Statistical Analysis in
                  Epidemiology},
  author =	 {Bendix Carstensen and Martyn Plummer and Esa Laara
                  and Michael Hills},
  year =	 {2013},
  note =	 {R package version 1.1.44},
  url =		 {http://CRAN.R-project.org/package=Epi},
}

@Manual{propcis,
  title =	 {{PropCIs}: Various Confidence Interval Methods for
                  Proportions},
  author =	 {Ralph Scherer},
  year =	 {2013},
  note =	 {R package version 0.2-0},
  url =		 {http://CRAN.R-project.org/package=PropCIs},
}

@Article{exactci,
  title =	 {Two-sided Exact Tests and Matching Confidence
                  Intervals for Discrete Data},
  author =	 {Michael P. Fay},
  journal =	 {R Journal},
  year =	 {2010},
  volume =	 {2},
  number =	 {1},
  pages =	 {53--58},
  url =		 {http://journal.R-project.org/},
}

@Manual{exactci2,
  title =	 {exactci: Exact P-values and Matching Confidence
                  Intervals for Simple Discrete Parametric Cases},
  author =	 {M.P. Fay},
  year =	 {2012},
  note =	 {R package version 1.2-0},
  url =		 {http://CRAN.R-project.org/package=exactci},
}


@Manual{SAS,
  author	= {{{SAS} Institute Inc.}},
  title		= {The {SAS} System, Version~9.3},
  year		= {2011},
  organization	= {{SAS} Institute Inc.},
  address	= {Cary, NC},
  url		= {http://www.sas.com/}
}

@Manual{exactnumci,
  title =	 {{ExactNumCI}: Exact Confidence Interval for Binomial
                  Proportions},
  author =	 {Deqiang Sun and Hyun Jung Park},
  year =	 2013,
  note =	 {R package version 1.0.0},
  url =		 {http://code.google.com/p/exactnumci/}
}







