@manual{IM,
  title =	 {ImageMagick},
  author =	 {{ImageMagick Studio LLC}},
  year =	 2014,
  url =		 {http://www.imagemagick.org/},
}

@Article{ RJournal:2012-2:Murrell+Ly,
  author =	 {Paul Murrell and Velvet Ly},
  title =	 {Debugging grid Graphics},
  journal =	 {The R Journal},
  year =	 2012,
  volume =	 4,
  number =	 2,
  pages =	 {19--27},
  month =	 dec,
  url =
                  {http://journal.r-project.org/archive/2012-2/RJournal_2012-2_Murrell+Ly.pdf}
}

@manual{RStudio,
  title =	 {{RStudio}: Integrated Development Environment for
                  {R}},
  author =	 {RStudio},
  year =	 2014,
  url =		 {http://www.rstudio.org/},
}

@Book{ggplot,
  author =	 {Hadley Wickham},
  title =	 {ggplot2: Elegant Graphics for Data Analysis},
  publisher =	 {Springer New York},
  year =	 2009,
  url =		 {http://had.co.nz/ggplot2/book},
}

@Manual{gridBase,
  title =	 {{gridBase}: Integration of base and grid Graphics},
  author =	 {Paul Murrell},
  year =	 2012,
  note =	 {R package version 0.4-6},
  url =		 {http://CRAN.R-project.org/package=gridBase},
}

@book{grz,
  title =	 {S: An Interactive Environment for Data Analysis and
                  Graphics},
  author =	 {R. A. Becker and J. M. Chambers},
  publisher =	 {Wadsworth},
  address =	 {Belmont, CA},
  year =	 1984,
}

@Book{lattice,
  title =	 {lattice: Multivariate Data Visualization with R},
  author =	 {Deepayan Sarkar},
  publisher =	 {Springer},
  address =	 {New York},
  year =	 2008,
  url =		 {http://lmdvr.r-forge.r-project.org},
}

@Manual{maps,
  title =	 {maps: Draw Geographical Maps},
  author =	 {Ray Brownrigg},
  year =	 2013,
  note =	 {R package version 2.3-2},
  url =		 {http://CRAN.R-project.org/package=maps},
}

@Article{murrell-potter:2014,
  author =	 {Paul Murrell and Simon Potter},
  title =	 {The {gridSVG} package},
  journal =	 {The R Journal},
  year =	 2014,
  volume =	 6,
  number =	 1,
  pages =	 {133--143},
  month =	 jun,
  url =
                  {http://journal.r-project.org/archive/2014-1/murrell-potter.pdf}
}

@Article{plotrix,
  year =	 2006,
  title =	 {plotrix: A package in the red light district of {R}},
  journal =	 {R News},
  volume =	 6,
  number =	 4,
  pages =	 {8-12},
  author =	 {Jim Lemon},
}
@book{RJournal:2012-2:Murrell+Ly,
author = {P.~{Murrell and V.~Ly}},
title = {{Debugging grid graphics}},
publisher = {The R Journal 4 (2):  Dec},
pages = {19--27},
year = {2012},
url = {http://journal.r-project.org/archive/2012-2/RJournal_2012-2_Murrell+Ly.pdf}
}







