% This file was created with JabRef 2.9.2.
% Encoding: MacRoman

@Manual{rgl,
  author =	 {Adler, Daniel and Murdoch, Duncan},
  title =	 {{rgl}: 3D Visualization Device System ({OpenGL})},
  year =	 {2014},
  note =	 {R package version 0.93.996},
  url =		 {http://CRAN.R-project.org/package=rgl}
}

@Manual{spm8,
  author =	 {Ashburner, John and Barnes, G and Chen, C and
                  Daunizeau, J and Flandin, G and Friston, K and
                  Gitelman, D and Kiebel, S and Kilner, J and Litvak,
                  V and others},
  title =	 {{SPM8} Manual},
  organization = {Functional Imaging Laboratory, Institute of
                  Neurology},
  year =	 {2008}
}

@MANUAL{knitcitations,
  title = {{knitcitations}: Citations for {knitr} Markdown Files},
  author = {Carl Boettiger},
  year = {2014},
  note = {R package version 0.6-2},
  url = {http://CRAN.R-project.org/package=knitcitations}
}

@ARTICLE{AnalyzeFMRI,
  author = {C\'ecile Bordier and Michel Dojat and Pierre Lafaye de Micheaux},
  title = {Temporal and Spatial Independent Component Analysis for {fMRI} Data
	Sets Embedded in the {AnalyzeFMRI} {R} Package},
  journal = {Journal of Statistical Software},
  year = {2011},
  volume = {44},
  pages = {1--24},
  number = {9},
  url = {http://www.jstatsoft.org/v44/i09/}
}

@ARTICLE{asymptote,
  author = {Bowman, John C and Shardt, Orest},
  title = {{Asymptote}: Lifting {TeX} to Three Dimensions},
  journal = {TUGboat: The Communications of the TEX Users Group},
  year = {2009},
  volume = {30},
  pages = {58--63},
  number = {1}
}

@ARTICLE{misc3d,
  author = {Feng, Dai and Tierney, Luke},
  title = {Computing and Displaying Isosurfaces in {R}},
  journal = {Journal of Statistical Software},
  year = {2008},
  volume = {28},
  number = {1},
  url = {http://www.jstatsoft.org/v28/i01/}
}

@ARTICLE{miscit,
  author = {Feng, Dai and Tierney, Luke},
  title = {Computing and Displaying Isosurfaces in {R}},
  journal = {Journal of Statistical Software},
  year = {2008},
  volume = {28},
  number = {1},
  url = {http://www.jstatsoft.org/v28/i01/}
}

@ARTICLE{msguidelines,
  author = {Filippi, M and Horsfield, MA and Ader, HJ and Barkhof, F and Bruzzi,
	P and Evans, A and Frank, JA and Grossman, RI and McFarland, HF and
	Molyneux, P and Paty, D. W. and Simon, J. and Tofts, P. S. and Wolinsky,
	J. S. and Miller, D. H.},
  title = {Guidelines for Using Quantitative Measures of Brain Magnetic Resonance
	Imaging Abnormalities in Monitoring the Treatment of Multiple Sclerosis},
  journal = {Annals of Neurology},
  year = {1998},
  volume = {43},
  pages = {499--506},
  number = {4},
}

@ARTICLE{MINI2,
  author = {Fonov, V. and Evans, A.C. and Botteron, K. and Almli, C.R. and McKinstry,
	R.C. and Collins, D.L.},
  title = {Unbiased Average Age-Appropriate Atlases for Pediatric Studies},
  journal = {NeuroImage},
  year = {2011},
  volume = {54},
  pages = {313--327},
  number = {1},
}

@ARTICLE{MNI1,
  author = {Fonov, VS and Evans, AC and McKinstry, RC and Almli, CR and Collins,
	DL},
  title = {Unbiased nonlinear average age-appropriate brain templates from birth
	to adulthood},
  journal = {Neuroimage},
  year = {2009},
  volume = {47},
  number = {Supplement 1},
  pages = {S102},
}

@ARTICLE{vrml,
  author = {Glaab, E. and Garibaldi, J.M. and Krasnogor, N.},
  title = {{vrmlgen}: An {R} Package for 3D Data Visualization on the Web},
  journal = {Journal of Statistical Software},
  year = {2010},
  volume = {36},
  pages = {1--18},
  number = {8},
  url = {http://www.jstatsoft.org/v36/i08/}
}

@INCOLLECTION{template,
  author = {Grabner, G{\"u}nther and Janke, Andrew L and Budge, Marc M and Smith,
	David and Pruessner, Jens and Collins, D Louis},
  title = {Symmetric atlasing and model based segmentation: An application to
	the hippocampus in older adults},
  booktitle = {Medical Image Computing and Computer-Assisted Intervention---MICCAI
	2006},
  publisher = {Springer},
  year = {2006},
  pages = {58--66}
}

@PROCEEDINGS{xtk,
  title = {Neuroimaging in the Browser using the {X} Toolkit.},
  year = {2012},
  month = {September},
  organization = {NeuroInformatics},
  author = {Hahn, D and Rannou, N and Ahtam, B and Grant, PE and Pienaar, R},
  owner = {muschellij2},
  timestamp = {2013.04.17}
}

@BOOK{paraview,
  title = {The {ParaView} Guide},
  publisher = {Kitware},
  address = {Clifton Park, NY},
  year = {2004},
  author = {Henderson, A. and Ahrens, J. and Law, C.}
}

@INPROCEEDINGS{sweave,
  author =	 {Leisch, Friedrich},
  title =	 {{Sweave}: Dynamic generation of statistical reports
                  using literate data analysis},
  editors =	 {W H\"ardle and B R\"onz},
  booktitle =	 {COMPSTAT 2002---Proceedings in Computational
                  Statistics},
  year =	 {2002},
  pages =	 {575--580},
  publisher =	 {Physica-Verlag},
  address =	 {Heidelberg},
}

@ARTICLE{levine,
  author = {Levine, Richard A and Tierney, Luke and Wickham, Hadley and Sampson,
	Eric and Cook, Dianne and van Dyk, David A},
  title = {Editorial: Publishing Animations, 3D Visualizations, and Movies in
	{JCGS}},
  journal = {Journal of Computational and Graphical Statistics},
  year = {2010},
  volume = {19},
  pages = {1--2},
  number = {1},
}

@Manual{mipav,
  author = {McAuliffe, M and Bazin, P and Bokinsky, A and Cheng, R and Gandler,
	B and McCreedy, E and Senseney, J and Tyrie, B.},
  title = {{MIPAV}: Medical Image Processing, Analysis, and Visualization (Version
	7.0.1) [Software]},
  note = {Available from \url{http://mipav.cit.nih.gov/}},
  year = {2013},
  owner = {muschellij2},
  timestamp = {2013.04.22}
}

@INPROCEEDINGS{pieper_3d_2004,
  author = {Pieper, S. and Halle, M. and Kikinis, R.},
  title = {{3D} Slicer},
  booktitle = {{IEEE} International Symposium on Biomedical Imaging: Nano to Macro,
	2004},
  year = {2004},
  pages = {632--635},
  volume = 1,
  month = apr,
}

@ARTICLE{guidelines,
  author = {Poldrack, Russell A and Fletcher, Paul C and Henson, Richard N and
	Worsley, Keith J and Brett, Matthew and Nichols, Thomas E.},
  title = {Guidelines for reporting an {fMRI} study},
  journal = {Neuroimage},
  year = {2008},
  volume = {40},
  pages = {409--414},
  number = {2},
  publisher = {Elsevier}
}

@MANUAL{R,
  title = {{R}: A Language and Environment for Statistical Computing},
  author = {{R Core Team}},
  organization = {R Foundation for Statistical Computing},
  address = {Vienna, Austria},
  year = {2013},
  url = {http://www.R-project.org/}
}

@MANUAL{RCoreTeam2013,
  title = {{R}: A Language and Environment for Statistical Computing},
  author = {{R Core Team}},
  organization = {R Foundation for Statistical Computing},
  address = {Vienna, Austria},
  year = {2013},
  url = {http://www.R-project.org/}
}

@ARTICLE{tentips,
  author = {Ridgway, Gerard R and Henley, Susie and Rohrer, Jonathan D and Scahill,
	Rachael I and Warren, Jason D and Fox, Nick C},
  title = {Ten simple rules for reporting voxel-based morphometry studies},
  journal = {Neuroimage},
  year = {2008},
  volume = {40},
  pages = {1429--1435},
  number = {4},
  publisher = {Elsevier}
}

@MISC{RStudio,
  author = {RStudio},
  title = {{RStudio}: Integrated development environment for {R} (Version 0.97.320)},
  howpublished = {[Computer software]. Retrieved March 6, 2013},
  year = {2013},
  address = {Boston, MA},
  organization = {RStudio},
  url = {http://www.rstudio.org/}
}

@BOOK{opengl,
  title = {{OpenGL} Programming Guide: The Official Guide to Learning {OpenGL},
	Versions 3.0 and 3.1},
  publisher = {Addison-Wesley Professional},
  year = {2009},
  author = {Shreiner, Dave and others}
}

@BOOK{fiddler,
  title = {Fiddler on the Roof},
  publisher = {Crown},
  year = {1964},
  author = {Stein, Joseph and Jewison, Norman and Topol and Crane, Norma and
	Frey, Leonard and Picon, Molly and Mann, Paul and Morris, Oswald
	and Harnick, Sheldon and Williams, John and others}
}

@ARTICLE{sublime,
  author = {Sweeney, EM and Shinohara, RT and Shea, CD and Reich, DS and Crainiceanu,
	CM},
  title = {Automatic Lesion Incidence Estimation and Detection in Multiple Sclerosis
	Using Multisequence Longitudinal {MRI}},
  journal = {American Journal of Neuroradiology},
  year = {2012},
  volume = 34,
  number = 1,
  pages = {68--73},
}

@ARTICLE{fmri,
  author = {Karsten Tabelow and J\"org Polzehl},
  title = {Statistical Parametric Maps for Functional {MRI} Experiments in {R}:
	The Package {fmri}},
  journal = {Journal of Statistical Software},
  year = {2011},
  volume = {44},
  pages = {1--21},
  number = {11},
  url = {http://www.jstatsoft.org/v44/i11/}
}

@MANUAL{slidify,
  title = {{slidify}: Generate reproducible html5 slides from {R} markdown},
  author = {Ramnath Vaidyanathan},
  year = {2012},
  note = {R package version 0.3.3},
  url = {http://ramnathv.github.com/slidify/}
}

@ARTICLE{oro.nifti,
  author = {Brandon Whitcher and Volker J. Schmid and Andrew Thornton},
  title = {Working with the {DICOM} and {NIfTI} Data Standards in {R}},
  journal = {Journal of Statistical Software},
  year = {2011},
  volume = {44},
  pages = {1--28},
  number = {6},
  url = {http://www.jstatsoft.org/v44/i06/}
}

@MANUAL{knitr,
  title = {{knitr}: A general-purpose package for dynamic report generation in
	{R}},
  author = {Yihui Xie},
  year = {2014},
  note = {R package version 1.6},
  url = {http://yihui.name/knitr/}
}

@article{story2001techniques,
  title={Techniques of Introducing Document-level {JavaScript} into a {PDF} file from a {LaTeX} Source},
  author={Story, DP},
  journal = {TUGboat: The Communications of the TEX Users Group},
  volume={22},
  number={3},
  pages={161--167},
  year={2001}
}
@article{barnes2013embedding,
  title={Embedding and publishing interactive, 3-dimensional, scientific figures in Portable Document Format ({PDF}) files},
  author={Barnes, David G and Vidiassov, Michail and Ruthensteiner, Bernhard and Fluke, Christopher J and Quayle, Michelle R and McHenry, Colin R},
  journal={{PloS} ONE},
  volume={8},
  number={9},
  pages={e69446},
  year={2013},
  publisher={Public Library of Science}
}

@Misc{taskview,
  author =	 {Brandon Whitcher},
  title =	 {{CRAN} Task View: Medical Image Analysis},
  url =		 {http://CRAN.R-project.org/view=MedicalImaging},
  year =	 {2013},
  note =	 {Version~2013-08-12},
}

@Misc{pdf,
  author =	 {{Adobe Systems}},
  title =	 {Adobe Acrobat Reader},
  organization = {Adobe Systems Incorporated},  
  address =	 {San Jose, California, USA},
  year =	 {2014},
  url =		 {www.adobe.com/acrobat}
}







