@book{dagum2006benchmarking,
  title={Benchmarking, Temporal Distribution, and Reconciliation Methods for Time Series},
  author={Dagum, Estela Bee and Cholette, Pierre A},
  year={2006},
  publisher={Springer}
}

@book{fuleky2019macroeconomic,
  title={Macroeconomic forecasting in the era of big data: Theory and practice},
  author={Fuleky, Peter},
  volume={52},
  year={2019},
  publisher={Springer}
}

@Manual{DisaggregateTS,
  title = {DisaggregateTS: High-Dimensional Temporal Disaggregation},
  author = {Luke Mosley and Kaveh {S. Nobari}},
  year = {2024},
  note = {R package version 3.0.1},
  url = {https://CRAN.R-project.org/package=DisaggregateTS},
}

@article{10-1111rssa-12952,
    author = {Mosley, Luke and Eckley, Idris A. and Gibberd, Alex},
    title = "{Sparse Temporal Disaggregation}",
    journal = {Journal of the Royal Statistical Society Series A: Statistics in Society},
    volume = {185},
    number = {4},
    pages = {2203-2233},
    year = {2022},
    month = {10},
    issn = {0964-1998},
    doi = {10.1111/rssa.12952},
    url = {https://doi.org/10.1111/rssa.12952},
    eprint = {https://academic.oup.com/jrsssa/article-pdf/185/4/2203/49420183/jrsssa\_185\_4\_2203.pdf},
}


@article{sax2013temporal2,
  title={Temporal Disaggregation of Time Series},
  journal = {The R Journal},
  volume = {5},
  number = {2},
  pages = {80--87},
  author={Sax, Christoph and Steiner, Peter},
  year={2013}
}

@manual{sax2016package,
  title = {‘tempdisagg’: Methods for Temporal Disaggregation and Interpolation of Time Series},
  author = {Sax, Christoph and Steiner, Peter and Di Fonzo, Tommaso},
  year = {2023},
  note = {R package version 1.1.1},
  url = {https://CRAN.R-project.org/package=tempdisagg}
}


@article{van2011adaptive,
  title={The adaptive and the thresholded Lasso for potentially misspecified models (and a lower bound for the Lasso).},
  author={Van de Geer, Sara and B{\"u}hlmann, Peter and Zhou, Shuheng},
  year={2011},
  journal = {Electronic Journal of Statistics},
  volume = {5},
  pages = {688--749}
}

@article{zou2006adaptive,
  title={The adaptive lasso and its oracle properties},
  author={Zou, Hui},
  journal={Journal of the American statistical association},
  volume={101},
  number={476},
  pages={1418--1429},
  year={2006},
  publisher={Taylor \& Francis}
}

@inproceedings{bournay1979reflexions,
  title={R{\'e}flexions sur la m{\'e}thode d'elaboration des comptes trimestriels},
  author={Bournay, Jacques and Laroque, Guy},
  booktitle={Annales de l'INSEE},
  pages={3--30},
  volume = {36},
  year={1979},
  organization={JSTOR}
}


@article{schwarz1978estimating,
  title={Estimating the dimension of a model},
   volume = {6},
   number = {2},
   pages = {461--464},	
  author={Schwarz, G},
  journal={The Annals of Statistics},
  year={1978}
}

@article{belloni2013least,
  title={Least squares after model selection in high-dimensional sparse models},
  journal={Bernoulli},
  volume={19},
  number = {2},
  pages = {521--547},
  author={Belloni, Alexandre and Chernozhukov, Victor},
  year={2013}
}

@article{efron2004least,
  title={Least angle regression},
  author={Efron, Bradley and Hastie, Trevor and Johnstone, Iain and Tibshirani, Robert},
journal = {The Annals of Statistics},
 volume = {32},
 number = {2},
 pages = {407--451},
  year={2004}
}

@book{wainwright2019high,
  title={High-dimensional statistics: A non-asymptotic viewpoint},
  author={Wainwright, Martin J},
  volume={48},
  year={2019},
  publisher={Cambridge university press}
}

@article{denton1971adjustment,
  title={Adjustment of monthly or quarterly series to annual totals: an approach based on quadratic minimization},
  author={Denton, Frank T},
  journal={Journal of the american statistical association},
  volume={66},
  number={333},
  pages={99--102},
  year={1971},
  publisher={Taylor \& Francis}
}

@article{chow1971best,
  title={Best Linear Unbiased Interpolation, Distribution, and Extrapolation of Time Series by Related Series},
  author={Chow, Gregory C and Lin, An-loh},
  journal={The review of Economics and Statistics},
  pages={372--375},
  volume = {53},
  number = {4},
  year={1971},
  publisher={JSTOR}
}

@article{quilis2018temporal,
  title={Temporal disaggregation of economic time series: The view from the trenches},
  author={Quilis, Enrique M},
  journal={Statistica Neerlandica},
  volume={72},
  number={4},
  pages={447--470},
  year={2018},
  publisher={Wiley Online Library}
}

@article{chow1976best,
  title={Best Linear Unbiased Estimation of Missing Observations in an Economic Time Series},
  author={Chow, Gregory C and Lin, An-Loh},
  journal={Journal of the American Statistical Association},
  volume={71},
  number={355},
  pages={719--721},
  year={1976},
  publisher={Taylor \& Francis}
}

@article{fernandez1981methodological,
  title={A methodological note on the estimation of time series},
  author={Fern{\'a}ndez, Roque B},
  journal={The Review of Economics and Statistics},
  volume={63},
  number={3},
  pages={471--476},
  year={1981},
  publisher={JSTOR}
}

@article{litterman1983random,
  title={A random walk, Markov model for the distribution of time series},
  author={Litterman, Robert B},
  journal={Journal of Business \& Economic Statistics},
  volume={1},
  number={2},
  pages={169--173},
  year={1983},
  publisher={Taylor \& Francis}
}


@article{cholette1984adjusting,
  title={Adjusting sub-annual series to yearly benchmarks},
  author={Cholette, Pierre-Arthur},
  journal={Survey Methodology},
  volume={10},
  number={1},
  pages={35--49},
  year={1984},
}


@article{tibshirani1996regression,
  title={Regression shrinkage and selection via the lasso},
  author={Tibshirani, Robert},
  journal={Journal of the Royal Statistical Society: Series B (Methodological)},
  volume={58},
  number={1},
  pages={267--288},
  year={1996},
  publisher={Wiley Online Library}
}

@manual{cottrell2023gretl,
  author    = {Cottrell, Allin and Lucchetti, Riccardo},
  title     = {{Gretl User's Guide: Gnu Regression, Econometrics and Time-series Library}},
  year      = {2023},
  url       = {https://gretl.sourceforge.net/gretl-help/gretl-guide.pdf},
  note      = {Accessed: 2023-10-08}
}
