
  @Manual{pkg:graph,
    title = {{graph}: A package to handle graph data structures},
    author = {R. Gentleman and Elizabeth Whalen and W. Huber and S. Falcon},
    year = {2010},
    note = {R package version 1.28.0},
    url = {http://CRAN.R-project.org/package=graph},
  }
  @Book{pkg:lattice,
    title = {Lattice: Multivariate Data Visualization with R},
    author = {Deepayan Sarkar},
    publisher = {Springer},
    address = {New York},
    year = {2008},
    note = {ISBN 978-0-387-75968-5},
    url = {http://lmdvr.r-forge.r-project.org},
  }
  @Book{pkg:ggplot2,
    author = {Hadley Wickham},
    title = {ggplot2: elegant graphics for data analysis},
    publisher = {Springer New York},
    year = {2009},
    isbn = {978-0-387-98140-6},
    url = {http://had.co.nz/ggplot2/book},
  }

  @Manual{pkg:Rgraphviz,
    title = {{Rgraphviz}: Provides plotting capabilities for R graph objects},
    author = {Jeff Gentry and Li Long and Robert Gentleman and Seth Falcon and Florian Hahne and Deepayan Sarkar and Kasper Hansen},
    note = {R package version 1.23.6},
year=2010,
  }
  @Manual{pkg:gridSVG,
    title = {gridSVG: Export grid graphics as SVG},
    author = {Paul Murrell and Simon Potter},
    note = {R package version 0.7-0},
    year = 2011
  }


  @Manual{pkg:gridDebug,
    title = {{gridDebug}: Debugging Grid Graphics},
    author = {Paul Murrell and Velvet Ly},
    note = {R package version 0.2},
year=2011,
  }

  @Manual{pkg:gridGraphviz,
    title = {{gridGraphviz}: Drawing Node-and-Edge Graphs Using Grid},
    author = {Paul Murrell},
    note = {R package version 0.1},
year=2011,
  }

  @Manual{pkg:playwith,
    title = {{playwith}: A {GUI} for interactive plots using {GTK+}},
    author = {Felix Andrews},
    year = {2010},
    note = {R package version 0.9-53},
    url = {http://CRAN.R-project.org/package=playwith},
  }

@book{pkg:playwith,
author = {F.~{Andrews}},
title = {{playwith: A GUI for interactive plots using GTK+, }},
publisher = {R package version 0.9-53},
year = {2010},
url = {http://CRAN.R-project.org/package=playwith}
}
@book{pkg:graph,
author = {R.~{Gentleman, E.~Whalen, W.~Huber, and S.~Falcon}},
title = {{graph: A package to handle graph data structures, }},
publisher = {R package version 1.28.0},
year = {2010},
url = {http://CRAN.R-project.org/package=graph}
}
@book{pkg:Rgraphviz,
author = {J.~{Gentry, L.~Long, R.~Gentleman, S.~Falcon, F.~Hahne, D.~Sarkar, and K.~Hansen}},
title = {{Rgraphviz: Provides plotting capabilities for R graph objects, }},
publisher = {R package version 1.23.6},
year = {2010}
}
@book{pkg:gridGraphviz,
author = {P.~{Murrell}},
title = {{gridGraphviz: Drawing Node-and-Edge Graphs Using Grid, }},
publisher = {R package version 0.1},
year = {2011}
}
@book{pkg:gridDebug,
author = {P.~{Murrell and V.~Ly}},
title = {{gridDebug: Debugging Grid Graphics, }},
publisher = {R package version 0.2},
year = {2011}
}
@book{pkg:gridSVG,
author = {P.~{Murrell and S.~Potter}},
title = {{gridSVG: Export grid graphics as SVG, }},
publisher = {R package version 0.7-0},
year = {2011}
}
@book{griddebug:pkg:lattice,
author = {D.~{Sarkar}},
title = {{Lattice: Multivariate Data Visualization with R}},
publisher = {Springer New York},
year = {2008},
url = {http://lmdvr.r-forge.r-project.org},
isbn = {978-0-387-75968-5}
}
@book{griddebug:pkg:ggplot2,
author = {H.~{Wickham}},
title = {{ggplot2: elegant graphics for data analysis}},
publisher = {Springer New York},
year = {2009},
url = {http://had.co.nz/ggplot2/book},
isbn = {978-0-387-98140-6}
}


