%% This BibTeX bibliography file was created using BibDesk.
%% http://bibdesk.sourceforge.net/

%% Created for Selcuk Korkmaz at 2024-10-02 12:44:11 +0300 


%% Saved with string encoding Unicode (UTF-8) 



@article{kopczynski2020goslin,
	author = {Kopczynski, Dominik and Hoffmann, Nils and Peng, Bing and Ahrends, Robert},
	date-added = {2024-10-02 12:43:55 +0300},
	date-modified = {2024-10-02 12:43:55 +0300},
	journal = {Analytical Chemistry},
	number = {16},
	pages = {10957--10960},
	publisher = {ACS Publications},
	title = {Goslin: a grammar of succinct lipid nomenclature},
	volume = {92},
	year = {2020}}

@article{stravs2013automatic,
	author = {Stravs, Michael A and Schymanski, Emma L and Singer, Heinz P and Hollender, Juliane},
	date-added = {2024-07-19 18:02:07 +0300},
	date-modified = {2024-07-19 18:02:07 +0300},
	journal = {Journal of Mass Spectrometry},
	number = {1},
	pages = {89--99},
	publisher = {Wiley Online Library},
	title = {Automatic recalibration and processing of tandem mass spectra using formula annotation},
	volume = {48},
	year = {2013}}

@manual{horan2024,
	author = {Horan, Kevin and Girke, Thomas},
	date-added = {2024-07-19 17:59:00 +0300},
	date-modified = {2024-07-19 17:59:00 +0300},
	note = {R package version 1.42.0},
	title = {ChemmineOB: R interface to a subset of OpenBabel functionalities},
	url = {https://www.bioconductor.org/packages/release/bioc/html/ChemmineOB.html},
	year = {2024},
	bdsk-url-1 = {https://CRAN.R-project.org/package=PubChemR}}

@manual{leemans2018,
	author = {Leemans, C and Willighagen, E and Bohler, A and Eijssen, L},
	date-added = {2024-07-19 17:55:36 +0300},
	date-modified = {2024-07-19 17:59:48 +0300},
	note = {R package version 2.14.0},
	title = {BridgeDbR: Code for Using BridgeDb Identifier Mapping Framework From Within R},
	url = {https://www.bioconductor.org/packages/release/bioc/html/BridgeDbR.html},
	year = {2024},
	bdsk-url-1 = {https://CRAN.R-project.org/package=PubChemR}}

@article{guha2007chemical,
	author = {Guha, Rajarshi},
	date-added = {2024-07-19 17:47:04 +0300},
	date-modified = {2024-07-19 17:53:56 +0300},
	journal = {Journal of Statistical Software},
	pages = {1--16},
	title = {Chemical informatics functionality in R},
	volume = {18},
	year = {2007}}

@article{yamasan2024binding,
	author = {Yamasan, Bilge Eren and Korkmaz, Sel{\c{c}}uk},
	date-added = {2024-06-27 12:05:21 +0300},
	date-modified = {2024-06-27 12:05:21 +0300},
	journal = {Balkan Medical Journal},
	number = {3},
	pages = {186},
	publisher = {Trakya University Faculty of Medicine},
	title = {Binding Activity Classification of Anti-SARS-CoV-2 Molecules using Deep Learning Across Multiple Assays},
	volume = {41},
	year = {2024},
	bdsk-file-1 = {YnBsaXN0MDDSAQIDBFxyZWxhdGl2ZVBhdGhYYm9va21hcmtfECUuLi8uLi8uLi8uLi9Eb3dubG9hZHMvc2Nob2xhciAoNSkudHh0TxEDpGJvb2ukAwAAAAAEEDAAAAAAAAAAAAAAAAAAAAAAAAAAAAAAAAAAAAAAAAAAAAAAAKACAAAFAAAAAQEAAFVzZXJzAAAADQAAAAEBAABzZWxjdWtrb3JrbWF6AAAACQAAAAEBAABEb3dubG9hZHMAAAAPAAAAAQEAAHNjaG9sYXIgKDUpLnR4dAAQAAAAAQYAAAQAAAAUAAAALAAAAEAAAAAIAAAABAMAALhpBgAAAAAACAAAAAQDAAA8vgkAAAAAAAgAAAAEAwAAP74JAAAAAAAIAAAABAMAAHB4iggDAAAAEAAAAAEGAABwAAAAgAAAAJAAAACgAAAACAAAAAAEAABBxiVb1xyxhBgAAAABAgAAAQAAAAAAAAAPAAAAAAAAAAAAAAAAAAAACAAAAAQDAAACAAAAAAAAAAQAAAADAwAA9QEAAAgAAAABCQAAZmlsZTovLy8MAAAAAQEAAE1hY2ludG9zaCBIRAgAAAAEAwAAAJAgaHQAAAAIAAAAAAQAAEHFbAXGgAAAJAAAAAEBAABENjlGNEY2RS1DNkNELTM4N0EtOUY2MS0wRDA1RTc1MEE3NEYYAAAAAQIAAIEAAAABAAAA7xMAAAEAAAAAAAAAAAAAAAEAAAABAQAALwAAAAAAAAABBQAA4AAAAAECAABmODdjNmU1Zjk0NDU4ZDc0NzA3ZGExZDNmOGY0ZDhjZWYzMzFlZGZhNGJjZmM1ZGNhMjdmZGE4MTY0ODFiNDhiOzAwOzAwMDAwMDAwOzAwMDAwMDAwOzAwMDAwMDAwOzAwMDAwMDAwMDAwMDAwMjA7Y29tLmFwcGxlLmFwcC1zYW5kYm94LnJlYWQtd3JpdGU7MDE7MDEwMDAwMDQ7MDAwMDAwMDMwODhhNzg3MDs1MjsvdXNlcnMvc2VsY3Vra29ya21hei9kb3dubG9hZHMvc2Nob2xhciAoNSkudHh0AMwAAAD+////AQAAAAAAAAAQAAAABBAAAFgAAAAAAAAABRAAALAAAAAAAAAAEBAAANgAAAAAAAAAQBAAAMgAAAAAAAAAAiAAAKQBAAAAAAAABSAAABQBAAAAAAAAECAAACQBAAAAAAAAESAAAFgBAAAAAAAAEiAAADgBAAAAAAAAEyAAAEgBAAAAAAAAICAAAIQBAAAAAAAAMCAAALABAAAAAAAAAcAAAPgAAAAAAAAAEcAAABQAAAAAAAAAEsAAAAgBAAAAAAAAgPAAALgBAAAAAAAAAAgADQAaACMASwAAAAAAAAIBAAAAAAAAAAUAAAAAAAAAAAAAAAAAAAPz}}

@manual{swain2012chemspipy,
	author = {Swain, Matt},
	date-added = {2024-01-09 23:08:47 +0300},
	date-modified = {2024-01-09 23:08:47 +0300},
	title = {ChemSpiPy-A Python wrapper for the ChemSpider API},
	url = {https://github.com/mcs07/ChemSpiPy},
	year = {2018},
	bdsk-url-1 = {https://CRAN.R-project.org/package=PubChemR}}

@manual{swain2014pubchempy,
	author = {Swain, Matt},
	date-added = {2024-01-09 23:07:01 +0300},
	date-modified = {2024-01-09 23:08:43 +0300},
	title = {PubChemPy: Python wrapper for the PubChem PUG REST API},
	url = {https://github.com/mcs07/PubChemPy},
	year = {2017},
	bdsk-file-1 = {YnBsaXN0MDDSAQIDBFxyZWxhdGl2ZVBhdGhYYm9va21hcmtfECUuLi8uLi8uLi8uLi9Eb3dubG9hZHMvc2Nob2xhciAoNSkudHh0TxEDpGJvb2ukAwAAAAAEEDAAAAAAAAAAAAAAAAAAAAAAAAAAAAAAAAAAAAAAAAAAAAAAAKACAAAFAAAAAQEAAFVzZXJzAAAADQAAAAEBAABzZWxjdWtrb3JrbWF6AAAACQAAAAEBAABEb3dubG9hZHMAAAAPAAAAAQEAAHNjaG9sYXIgKDUpLnR4dAAQAAAAAQYAAAQAAAAUAAAALAAAAEAAAAAIAAAABAMAALhpBgAAAAAACAAAAAQDAAA8vgkAAAAAAAgAAAAEAwAAP74JAAAAAAAIAAAABAMAAHB4iggDAAAAEAAAAAEGAABwAAAAgAAAAJAAAACgAAAACAAAAAAEAABBxiVb1xyxhBgAAAABAgAAAQAAAAAAAAAPAAAAAAAAAAAAAAAAAAAACAAAAAQDAAACAAAAAAAAAAQAAAADAwAA9QEAAAgAAAABCQAAZmlsZTovLy8MAAAAAQEAAE1hY2ludG9zaCBIRAgAAAAEAwAAAJAgaHQAAAAIAAAAAAQAAEHFbAXGgAAAJAAAAAEBAABENjlGNEY2RS1DNkNELTM4N0EtOUY2MS0wRDA1RTc1MEE3NEYYAAAAAQIAAIEAAAABAAAA7xMAAAEAAAAAAAAAAAAAAAEAAAABAQAALwAAAAAAAAABBQAA4AAAAAECAABmODdjNmU1Zjk0NDU4ZDc0NzA3ZGExZDNmOGY0ZDhjZWYzMzFlZGZhNGJjZmM1ZGNhMjdmZGE4MTY0ODFiNDhiOzAwOzAwMDAwMDAwOzAwMDAwMDAwOzAwMDAwMDAwOzAwMDAwMDAwMDAwMDAwMjA7Y29tLmFwcGxlLmFwcC1zYW5kYm94LnJlYWQtd3JpdGU7MDE7MDEwMDAwMDQ7MDAwMDAwMDMwODhhNzg3MDs1MjsvdXNlcnMvc2VsY3Vra29ya21hei9kb3dubG9hZHMvc2Nob2xhciAoNSkudHh0AMwAAAD+////AQAAAAAAAAAQAAAABBAAAFgAAAAAAAAABRAAALAAAAAAAAAAEBAAANgAAAAAAAAAQBAAAMgAAAAAAAAAAiAAAKQBAAAAAAAABSAAABQBAAAAAAAAECAAACQBAAAAAAAAESAAAFgBAAAAAAAAEiAAADgBAAAAAAAAEyAAAEgBAAAAAAAAICAAAIQBAAAAAAAAMCAAALABAAAAAAAAAcAAAPgAAAAAAAAAEcAAABQAAAAAAAAAEsAAAAgBAAAAAAAAgPAAALgBAAAAAAAAAAgADQAaACMASwAAAAAAAAIBAAAAAAAAAAUAAAAAAAAAAAAAAAAAAAPz},
	bdsk-url-1 = {https://CRAN.R-project.org/package=PubChemR}}

@manual{Korkmaz2024,
	author = {Selcuk Korkmaz and Bilge Eren Yamasan and Dincer Goksuluk},
	date-added = {2024-01-09 23:03:36 +0300},
	date-modified = {2024-07-19 17:43:48 +0300},
	note = {R package version 2.0},
	title = {PubChemR: Interface to the 'PubChem' Database for Chemical Data Retrieval},
	url = {https://CRAN.R-project.org/package=PubChemR},
	year = {2024},
	bdsk-url-1 = {https://CRAN.R-project.org/package=PubChemR}}

@article{kim2019pug,
	author = {Kim, Sunghwan and Thiessen, Paul A and Cheng, Tiejun and Zhang, Jian and Gindulyte, Asta and Bolton, Evan E},
	date-added = {2024-01-09 23:00:39 +0300},
	date-modified = {2024-01-09 23:00:39 +0300},
	journal = {Journal of cheminformatics},
	number = {1},
	pages = {1--11},
	publisher = {BioMed Central},
	title = {PUG-View: programmatic access to chemical annotations integrated in PubChem},
	volume = {11},
	year = {2019}}

@article{kim2015pug,
	author = {Kim, Sunghwan and Thiessen, Paul A and Bolton, Evan E and Bryant, Stephen H},
	date-added = {2024-01-09 22:58:07 +0300},
	date-modified = {2024-01-09 22:58:07 +0300},
	journal = {Nucleic acids research},
	number = {W1},
	pages = {W605--W611},
	publisher = {Oxford University Press},
	title = {PUG-SOAP and PUG-REST: web services for programmatic access to chemical information in PubChem},
	volume = {43},
	year = {2015}}

@article{kim2018update,
	author = {Kim, Sunghwan and Thiessen, Paul A and Cheng, Tiejun and Yu, Bo and Bolton, Evan E},
	date-added = {2024-01-09 22:58:07 +0300},
	date-modified = {2024-01-09 22:58:07 +0300},
	journal = {Nucleic Acids Research},
	number = {W1},
	pages = {W563--W570},
	publisher = {Oxford University Press},
	title = {An update on PUG-REST: RESTful interface for programmatic access to PubChem},
	volume = {46},
	year = {2018}}

@article{korkmaz2020deep,
	author = {Korkmaz, Selcuk},
	date-added = {2024-01-09 22:56:29 +0300},
	date-modified = {2024-01-09 22:56:29 +0300},
	journal = {Journal of chemical information and modeling},
	number = {9},
	pages = {4180--4190},
	publisher = {ACS Publications},
	title = {Deep learning-based imbalanced data classification for drug discovery},
	volume = {60},
	year = {2020}}

@article{szocs2020webchem,
	author = {Sz{\"o}cs, Eduard and Stirling, Tam{\'a}s and Scott, Eric R and Scharm{\"u}ller, Andreas and Sch{\"a}fer, Ralf B},
	date-added = {2024-01-09 19:46:57 +0300},
	date-modified = {2024-01-09 19:46:57 +0300},
	journal = {Journal of Statistical Software},
	pages = {1--17},
	title = {webchem: an R package to retrieve chemical information from the web},
	volume = {93},
	year = {2020}}

@manual{swain2016cirpy,
	author = {Swain, Matt},
	date-added = {2024-01-09 19:42:30 +0300},
	date-modified = {2024-01-09 23:09:57 +0300},
	title = {CIRpy: Python wrapper for the NCI Chemical Identifier Resolver},
	url = {https://github.com/mcs07/CIRpy},
	year = {2016},
	bdsk-file-1 = {YnBsaXN0MDDSAQIDBFxyZWxhdGl2ZVBhdGhYYm9va21hcmtfECUuLi8uLi8uLi8uLi9Eb3dubG9hZHMvc2Nob2xhciAoNCkudHh0TxEDpGJvb2ukAwAAAAAEEDAAAAAAAAAAAAAAAAAAAAAAAAAAAAAAAAAAAAAAAAAAAAAAAKACAAAFAAAAAQEAAFVzZXJzAAAADQAAAAEBAABzZWxjdWtrb3JrbWF6AAAACQAAAAEBAABEb3dubG9hZHMAAAAPAAAAAQEAAHNjaG9sYXIgKDQpLnR4dAAQAAAAAQYAAAQAAAAUAAAALAAAAEAAAAAIAAAABAMAALhpBgAAAAAACAAAAAQDAAA8vgkAAAAAAAgAAAAEAwAAP74JAAAAAAAIAAAABAMAAOx2iggDAAAAEAAAAAEGAABwAAAAgAAAAJAAAACgAAAACAAAAAAEAABBxiVbqxXLzxgAAAABAgAAAQAAAAAAAAAPAAAAAAAAAAAAAAAAAAAACAAAAAQDAAACAAAAAAAAAAQAAAADAwAA9QEAAAgAAAABCQAAZmlsZTovLy8MAAAAAQEAAE1hY2ludG9zaCBIRAgAAAAEAwAAAJAgaHQAAAAIAAAAAAQAAEHFbAXGgAAAJAAAAAEBAABENjlGNEY2RS1DNkNELTM4N0EtOUY2MS0wRDA1RTc1MEE3NEYYAAAAAQIAAIEAAAABAAAA7xMAAAEAAAAAAAAAAAAAAAEAAAABAQAALwAAAAAAAAABBQAA4AAAAAECAAA5OTNhNjA5MDk5NTQ0ODkzYTMyODNlN2JiYzIyNGYzOWJiNWZlMDA0YWRlZTFiM2RkMTZmZTVhNDJiMGMxZTQyOzAwOzAwMDAwMDAwOzAwMDAwMDAwOzAwMDAwMDAwOzAwMDAwMDAwMDAwMDAwMjA7Y29tLmFwcGxlLmFwcC1zYW5kYm94LnJlYWQtd3JpdGU7MDE7MDEwMDAwMDQ7MDAwMDAwMDMwODhhNzZlYzs1MjsvdXNlcnMvc2VsY3Vra29ya21hei9kb3dubG9hZHMvc2Nob2xhciAoNCkudHh0AMwAAAD+////AQAAAAAAAAAQAAAABBAAAFgAAAAAAAAABRAAALAAAAAAAAAAEBAAANgAAAAAAAAAQBAAAMgAAAAAAAAAAiAAAKQBAAAAAAAABSAAABQBAAAAAAAAECAAACQBAAAAAAAAESAAAFgBAAAAAAAAEiAAADgBAAAAAAAAEyAAAEgBAAAAAAAAICAAAIQBAAAAAAAAMCAAALABAAAAAAAAAcAAAPgAAAAAAAAAEcAAABQAAAAAAAAAEsAAAAgBAAAAAAAAgPAAALgBAAAAAAAAAAgADQAaACMASwAAAAAAAAIBAAAAAAAAAAUAAAAAAAAAAAAAAAAAAAPz},
	bdsk-url-1 = {https://CRAN.R-project.org/package=PubChemR}}

@article{kim2016pubchem,
	author = {Kim, Sunghwan and Thiessen, Paul A and Bolton, Evan E and Chen, Jie and Fu, Gang and Gindulyte, Asta and Han, Lianyi and He, Jane and He, Siqian and Shoemaker, Benjamin A and others},
	date-added = {2024-01-09 17:12:26 +0300},
	date-modified = {2024-01-09 17:12:26 +0300},
	journal = {Nucleic acids research},
	number = {D1},
	pages = {D1202--D1213},
	publisher = {Oxford University Press},
	title = {PubChem substance and compound databases},
	volume = {44},
	year = {2016}}

@article{li2010pubchem,
	author = {Li, Qingliang and Cheng, Tiejun and Wang, Yanli and Bryant, Stephen H},
	date-added = {2024-01-09 17:12:26 +0300},
	date-modified = {2024-01-09 17:12:26 +0300},
	journal = {Drug discovery today},
	number = {23-24},
	pages = {1052--1057},
	publisher = {Elsevier},
	title = {PubChem as a public resource for drug discovery},
	volume = {15},
	year = {2010}}

@article{wang2009pubchem,
	author = {Wang, Yanli and Xiao, Jewen and Suzek, Tugba O and Zhang, Jian and Wang, Jiyao and Bryant, Stephen H},
	date-added = {2024-01-09 17:12:26 +0300},
	date-modified = {2024-01-09 17:12:26 +0300},
	journal = {Nucleic acids research},
	number = {suppl\_2},
	pages = {W623--W633},
	publisher = {Oxford University Press},
	title = {PubChem: a public information system for analyzing bioactivities of small molecules},
	volume = {37},
	year = {2009}}

@article{wang2012pubchem,
	author = {Wang, Yanli and Xiao, Jewen and Suzek, Tugba O and Zhang, Jian and Wang, Jiyao and Zhou, Zhigang and Han, Lianyi and Karapetyan, Karen and Dracheva, Svetlana and Shoemaker, Benjamin A and others},
	date-added = {2024-01-09 17:12:26 +0300},
	date-modified = {2024-01-09 17:12:26 +0300},
	journal = {Nucleic acids research},
	number = {D1},
	pages = {D400--D412},
	publisher = {Oxford University Press},
	title = {PubChem's BioAssay database},
	volume = {40},
	year = {2012}}

@article{chen2009pubchem,
	author = {Chen, Bin and Wild, David and Guha, Rajarshi},
	date-added = {2024-01-09 17:12:26 +0300},
	date-modified = {2024-01-09 17:12:26 +0300},
	journal = {Journal of chemical information and modeling},
	number = {9},
	pages = {2044--2055},
	publisher = {ACS Publications},
	title = {PubChem as a source of polypharmacology},
	volume = {49},
	year = {2009}}

@article{cao2008chemminer,
	author = {Cao, Yiqun and Charisi, Anna and Cheng, Li-Chang and Jiang, Tao and Girke, Thomas},
	date-added = {2024-01-09 17:07:07 +0300},
	date-modified = {2024-01-09 17:07:07 +0300},
	journal = {Bioinformatics},
	number = {15},
	pages = {1733--1734},
	publisher = {Oxford University Press},
	title = {ChemmineR: a compound mining framework for R},
	volume = {24},
	year = {2008}}
