
@Article{Bacher2011,
  author = {P. Bacher and H. Madsen},
  title = {{Identifying Suitable Models for the Heat Dynamics of Buildings}},
  journal = {Energy and Buildings},
  year = {2011},
  volume = {43},
  pages = {1511--1522},
}

@Article{BERG,
  author = {R. Berg and W. Alaburda and J. Hounsgaard},
  title = {{Balanced Inhibition and Excitation Drive Spike Activity in Spinal Half Centers}},
  journal = {Science},
  year = {2007},
  volume = {315},
  pages = {390--393},
}

@Article{CGCS,
  author = {F. Comte and V. Genon-Catalot and A. Samson},
  title = {{Nonparametric Estimation for Stochastic Differential Equation with Random Effects}},
  journal = {Stochastic Processes and their Applications},
  year = {2013},
  volume = {7},
  pages = { 2522--2551},
}

@Article{DGCS,
  author = {M. Delattre and V. Genon-Catalot and A. Samson},
  title = {{Maximum Likelihood Estimation for Stochastic Differential Equations with Random Effects}},
  journal = {Scandinavian Journal of Statistics},
  year = {2013},
  volume = {40},
  pages = { 322--343},
}

@Article{DGCS2015,
  author = {M. Delattre and V. Genon-Catalot and A. Samson},
  title = {{Mixture of Stochastic Differential Equations with Random Effects: Application to Data Clustering}},
  journal = {to appear in Journal of Statistical Planning and Inference},
  year = {2016},
}

@Article{DGC,
  author = {C. Dion and V. Genon-Catalot},
  title = {{ Bidimensional Random Effect Estimation in Mixed Stochastic Differential Model}},
  journal = {Statistical Inference for Stochastic Processes},
  year = {2015},
  volume = {18},
  number = {3},
  pages = { 1--28},
}

@Article{DION2014,
  author = {C. Dion},
  title = {{Nonparametric Estimation in a Mixed-Effect Ornstein-Uhlenbeck Model}},
  journal = {Metrika},
  year = {2014},
  page = {1--33},
}

@Article{DDG2005,
  author = {S. Ditlevsen and A. {de Gaetano}},
  title = {{ Mixed Effects in Stochastic Differential Equation}},
  journal = {REVSTAT - Statistical Journal},
  year = {2005},
  volume = {2},
  pages = { 137--153},
}

@Article{DS2014,
  author = {S. Ditlevsen and A. Samson},
  title = {{Estimation in Partially Observed Stochastic Morris-Lecar Neuronal Model with Particle Filter and Stochastic Approximation Methods}},
  journal = {The annals of applied statistics},
  year = {2014},
  volume = {8},
  pages = { 674--702},
}

@Article{GCL,
  author = {V. Genon-Catalot and C. Larédo},
  title = {{Estimation for Stochastic Differential Equations with Mixed Effects}},
  journal = {Statistics},
  year = {2016},
  pages = {1-22},
}

@Article{Hansen2014,
  author = {A. Hansen and A. K Duun-Henriksen and R. Juhl and S. Schmidt and K. Norgaard and J. B. Jorgensen and H. Madsen},
  title = {{Predicting Plasma Glucose from Interstitial Glucose Observations Using Bayesian Methods}},
  journal = {Journal of diabetes science and technology},
  year = {2014},
  volume = {8},
  pages = {321-330},
}

@Article{HERMANN,
  author = {S. Hermann and K. Ickstadt and C. Müller},
  title = {{ Bayesian Prediction of Crack Growth Based on a Hierarchical Diffusion Model}},
  journal = {to appear in: Applied Stochastic Models in Business and Industry},
  year = {2016},
}

@Book{Iacus,
  author = {S. M. Iacus},
  publisher = {Springer-Verlag},
  title = {{Simulation and Inference for Stochastic Differential Equations}},
  year = {2008},
}

@Manual{Iacuspackage,
  title = {\pkg{sde}: Stochastic Differential Equations},
  author = {S. M. Iacus},
  year = {2006},
  note = {{R}~package version~2.0-15},
  url = {http://CRAN.R-project.org/package=sde},
}

@Article{Iversen2014,
  author = {E. B. Iversen and J. M. Morales and J. K. Moller and H. Madsen},
  title = {{ Probabilistic Forecasts of Solar Irradiance Using Stochastic Differential Equations}},
  journal = {Environmetrics},
  year = {2014},
  volume = {25},
  pages = {152--164},
}

@Article{JBHD,
  author = {P. Jahn and R. Berg and J. Hounsgaard and S. Ditlevsen},
  title = {{ Motoneuron Membrane Potentials Follow a Time Inhomogeneous Jump Diffusion Process}},
  journal = {Journal of Computational Neuroscience},
  year = {2011},
  volume = {31},
  pages = {563--579},
}

@Article{KZ,
  author = {J. Kuelbs and J. Zinn},
  title = {{ Limit Theorems for Quantile and Depth Regions for Stochastic Processes}},
  journal = {to appear in High dimensional probability VII-Progress in Probabiliy},
  year = {2015},
}

@Article{LANSKY,
  author = {P. Lansky and P. Sanda and J. He},
  title = {{ The Parameters of the Stochastic Leaky Integrate-and-Fire Neuronal Model}},
  journal = {Journal of Computational Neuroscience},
  year = {2006},
  volume = {21},
  pages = {211--223},
}

@Manual{MASS,
  title = {\pkg{MASS}: {M}odern {A}pplied {S}tatistics with {S}},
  author = {W. N. Venables and B. D. Ripley},
  year = {2016},
  note = {{R}~package version~7.3-45},
  url = {https://CRAN.R-project.org/package=MASS},
}

@Manual{mixedsdecran,
  title = {\pkg{mixedsde}: Mixed Stochastic Differential Equations},
  author = {C. Dion and S. Hermann and A. Samson},
  year = {2016},
  note = {{R}~package version~4.0},
  url = {https://CRAN.R-project.org/package=mixedsde},
}

@Manual{MsdeParEst,
  title = {\pkg{MsdeParEst}: Parametric Estimation in Mixed-Effects Stochastic Differential Equations},
  author = {M. Delattre and C. Dion},
  year = {2016},
  note = {{R}~package version~1.7},
  url = {https://CRAN.R-project.org/package=MsdeParEst},
}

@Manual{MONOLIX,
  title = {MONOLIX Software. {MO}d\`eles {NO}n {LI}n\'eaires à Effets mi{X}tes},
  author = {{MONOLIX}},
  note = {LIXOFT and INRIA},
  year = {2003},
  url = {http://www.lixoft.com/},
}

@Manual{PSM,
  title = {\pkg{PSM}: Population Stochastic Modelling},
  author = {S. B Mortensen and S. Klim},
  year = {2013},
  note = {{R}~package version~0.8-10},
  url = {https://CRAN.R-project.org/package=PSM},
}

@Article{Oravecz2009,
  author = {Z. Oravecz and F. Tuerlinckx and J. Vandekerckhove},
  title = {{ A Hierarchical Ornstein-Uhlenbeck Model for Continuous Repeated Measurement Data}},
  journal = {Psychometrica},
  year = {2009},
  volume = {74},
  pages = {395--418},
}

@Article{Oravecz2011,
  author = {Z. Oravecz and F. Tuerlinckx},
  title = {{ The Linear Mixed Model and the Hierarchical Ornstein-Uhlenbeck Model: Some Equivalences and Differences}},
  journal = {British Journal of Mathematical and Statistical Psychology},
  year = {2011},
  volume = {64},
  pages = {134--160},
}

@Article{Picchini2011,
  author = {U. Picchini and S. Ditlevsen},
  title = {{ Practicle Estimation of High Dimensional Stochastic Differential Mixed-Effects Models}},
  journal = {Computational Statistics \& Data Analysis},
  year = {2011},
  volume = {55},
  pages = {1426--1444},
}

@Article{PGD2010,
  author = {U. Picchini and A. {De Gaetano} and S. Ditlevsen},
  title = {{Stochastic Differential Mixed-Effects Models}},
  journal = {Scandinavian Journal of statistics},
  year = {2010},
  volume = {37},
  pages = {67--90},
  number = {1},
}

@Article{PDDGL2008,
  author = {U. Picchini and S. Ditlevsen and A. {De Gaetano} and P. Lansky},
  title = {{Parameters of the Diffusion Leaky Integrate-and-Fire Neuronal Model for a Slowly Fluctuating Signal}},
  journal = {Neural Computation},
  year = {2008},
  volume = {20},
  pages = {2696--2714},
}

@Book{PINHEIRO,
  title = {{Mixed-Effect Models in S and Splus}},
  publisher = {Springer-Verlag},
  year = {2000},
  author = {J. C. Pinheiro and D. M. Bates},
}

@Book{Robert,
  author = {C. P. Robert and G. Casella},
  title = {{Monte Carlo Statistical Methods}},
  year = {2004},
  publisher = {Springer-Verlag},
}

@Article{ROSENTHAL,
  author = {J. S. Rosenthal},
  title = {{Optimal Proposal Distributions and Adaptive MCMC}},
  journal = {Handbook of Markov Chain Monte Carlo},
  year = {2011},
  pages = {93--112},
}

@Manual{SimDiffProc,
  title = {\pkg{Sim.DiffProc}: Simulation of Diffusion Processes},
  author = {Arsalane Chouaib Guidoum and Kamal Boukhetala},
  year = {2017},
  note = {{R}~package version~4.0},
  url = {https://CRAN.R-project.org/package=Sim.DiffProc},
}

@Manual{yuima,
  title = {\pkg{yuima}: The YUIMA Project Package for SDEs},
  author = {Stefano M. Iacus},
  year = {2018},
  note = {{R}~package version~1.8.1},
  url = {https://CRAN.R-project.org/package=yuima},
}

@Article{ZS,
  title = {{General Notions of Statistical Depth Function}},
  author = {Y. Zuo and R. Serfling},
  journal = {Annals of statistics},
  pages = {461--482},
  year = {2000},
  volume = {28},
}

@TechReport{Kristensen2003,
  author = {N. R. Kristensen and H. Madsen},
  title = {Continuous Time Stochastic Modelling, CTSM 2.3—Mathematics Guide},
  institution = {DTU},
  year = {2003},
}
