@Article{haganetal16,
  author = {J. E. Hagan and P. Moraga and F. Costa and N. Capian and G. S. Ribeiro and E. A. {Wunder Jr} and R. D. Felzemburgh and R. B. Reis and N. Nery and F. S. Santana and D. Fraga and B. L. {dos Santos} and A. C. Santos and Queirroz A. and W. Tassinari and M. S. Carvalho and M. G. Reis and P. J. Diggle and A. I. Ko},
  title = {{Spatio-Temporal Determinants of Urban Leptospirosis Transmission: Four-Year Prospective Cohort Study of Slum Residents in Brazil}},
  journal = {Public Library of Science: Neglected Tropical Diseases},
  volume = {10},
  number = {1},
  pages = {e0004275},
  year = {2016},
  url = {https://doi.org/10.1371/journal.pntd.0004275},
}

@Article{moragaandkulldorff16,
  author = {P. Moraga and M. Kulldorff},
  title = {{Detection of Spatial Variations in Temporal Trends with a Quadratic Function}},
  journal = {Statistical Methods for Medical Research},
  volume = {25},
  number = {4},
  pages = {1422-1437},
  year = {2016},
  url = {https://doi.org/10.1177/0962280213485312},
}

@Article{moragaandozonoff13,
  author = {P. Moraga and A. Ozonoff},
  title = {{Model-Based Imputation of Missing Data from the 122 Cities Mortality Reporting System (122 CMRS)}},
  journal = {Stochastic Environmental Research and Risk Assessment},
  volume = {29},
  number = {5},
  pages = {1499-1507},
  year = {2013},
  url = {https://doi.org/10.1007/s00477-014-0974-4},
}

@Article{moragaetal15,
  author = {P. Moraga and J. Cano and R. F. Baggaley and J. O. Gyapong and S. Njenga and B. Nikolay and E. Davies and M. P. Rebollo and R. L. Pullan and M. J. Bockarie and D. Hollingsworth and M. Gambhir and S. J. Brooker},
  title = {{Modelling the Distribution and Transmission Intensity of Lymphatic Filariasis in Sub-Saharan Africa Prior to Scaling up Interventions: Integrated Use of Geostatistical and Mathematical Modelling}},
  journal = {Public Library of Science: Neglected Tropical Diseases},
  volume = {8},
  pages = {560},
  year = {2015},
  url = {https://doi.org/10.1186/s13071-015-1166-x},
}

@Article{diggleetal13,
  author = {P. J. Diggle and P. Moraga and B. Rowlingson and B. Taylor},
  title = {{Spatial and Spatio-Temporal Log-Gaussian Cox Processes: Extending the Geostatistical Paradigm}},
  journal = {Statistical Science},
  volume = {28},
  number = {4},
  pages = {542-563},
  year = {2013},
  url = {https://doi.org/10.1214/13-STS441},
}

@Article{moragaetal17,
  author = {Paula Moraga and Susanna Cramb and Kerrie Mengersen and Marcello Pagano},
  title = {{A Geostatistical Model for Combined Analysis of Point-Level and Area-Level Data Using INLA and SPDE}},
  journal = {Spatial Statistics},
  volume = {21},
  pages = {27-41},
  year = {2017},
  url = {https://doi.org/10.1016/j.spasta.2017.04.006},
}

@Manual{kimandwakefield16,
  title = {SpatialEpi: Methods and Data for Spatial Epidemiology},
  author = {Albert Y. Kim and Jon Wakefield},
  year = {2016},
  note = {R package version 1.2.2},
  url = {https://CRAN.R-project.org/package=SpatialEpi},
}

@Manual{chengetal17,
  title = {Leaflet: Create Interactive Web Maps with the JavaScript 'Leaflet' Library},
  author = {Joe Cheng and Bhaskar Karambelkar and Yihui Xie},
  year = {2017},
  note = {R package version 1.1.0.9000},
  url = {http://rstudio.github.io/leaflet/},
}

@Manual{wickhamandchang16,
  title = {Ggplot2: Create Elegant Data Visualisations Using the Grammar of Graphics},
  author = {Hadley Wickham and Winston Chang},
  year = {2016},
  note = {R package version 2.2.1},
  url = {https://CRAN.R-project.org/package=ggplot2},
}

@Manual{allaire17,
  title = {Flexdashboard: R Markdown Format for Flexible Dashboards},
  author = {JJ Allaire},
  year = {2017},
  note = {R package version 0.5},
  url = {https://CRAN.R-project.org/package=flexdashboard},
}

@Manual{moraga17,
  title = {SpatialEpiApp: A Shiny Web Application for the Analysis of Spatial and Spatio-Temporal Disease Data},
  author = {Paula Moraga},
  year = {2017},
  note = {R package version 0.3},
  url = {https://CRAN.R-project.org/package=SpatialEpiApp},
}

@Article{moraga17se,
  author = {Paula Moraga},
  title = {{SpatialEpiApp: A Shiny Web Application for the Analysis of Spatial and Spatio-Temporal Disease Data}},
  journal = {Spatial and Spatio-temporal Epidemiology},
  volume = {23},
  pages = {47-57},
  year = {2017},
  url = {https://doi.org/10.1016/j.sste.2017.08.001},
}

@Article{robinson50,
  author = {W. S. Robinson},
  title = {{Ecological Correlations and the Behavior of Individuals}},
  journal = {American Sociological Review},
  volume = {15},
  number = {3},
  pages = {351-357},
  year = {1950},
  url = {https://doi.org/10.2307/2087176},
}

@Manual{vanderkametal17,
  title = {Dygraphs: Interface to 'Dygraphs' Interactive Time Series Charting Library},
  author = {Dan Vanderkam and JJ Allaire and Jonathan Owen and Daniel Gromer and Petr Shevtsov and Benoit Thieurmel},
  year = {2017},
  note = {R package version 1.1.1.4},
  url = {https://CRAN.R-project.org/package=dygraphs},
}

@Manual{xie16,
  title = {DT: A Wrapper of the JavaScript Library 'DataTables'},
  author = {Yihui Xie},
  year = {2016},
  note = {R package version 0.2},
  url = {https://CRAN.R-project.org/package=DT},
}

@Manual{allaireetal17,
  title = {Rmarkdown: Dynamic Documents for R},
  author = {JJ Allaire and Yihui Xie and Jonathan McPherson and Javier Luraschi and Kevin Ushey and Aron Atkins and Hadley Wickham and Joe Cheng and Winston Chang},
  year = {2017},
  note = {R package version 1.8},
  url = {https://CRAN.R-project.org/package=rmarkdown},
}

@Manual{changetal17,
  title = {Shiny: Web Application Framework for R},
  author = {Winston Chang and Joe Cheng and JJ Allaire and Yihui Xie and Jonathan McPherson},
  year = {2017},
  note = {R package version 1.0.5},
  url = {https://CRAN.R-project.org/package=shiny},
}

@Article{rueetal09,
  author = {H\aavard Rue and Sara Martino and Nicholas Chopin},
  title = {Approximate {Bayesian} Inference for Latent {Gaussian} Models Using Integrated Nested {Laplace} Approximations (with Discussion).},
  journal = {Journal of the Royal Statistical Society B},
  year = {2009},
  volume = {71},
  pages = {319-392},
  url = {https://doi.org/10.1111/j.1467-9868.2008.00700.x},
}

@Manual{rueetal17,
  title = {INLA: Functions Which Allow to Perform Full Bayesian Analysis of Latent Gaussian Models Using Integrated Nested Laplace Approximations},
  author = {Havard Rue and Sara Martino and Finn Lindgren and Daniel Simpson and Andrea Riebler and Elias Teixeira Krainski and Geir-Arne Fuglstad},
  year = {2017},
  note = {R package version 17.06.20},
}

@Manual{bivand17,
  title = {Spdep: Spatial Dependence: Weighting Schemes, Statistics and Models},
  author = {Roger Bivand},
  year = {2017},
  note = {R package version 0.6-13},
  url = {https://CRAN.R-project.org/package=spdep},
}

@InCollection{lerouxetal00,
  title = {Estimation of Disease Rates in Small Areas: A New Mixed Model for Spatial Dependence},
  editor = {M. E. Halloran and D. Berry},
  author = {B. G. Leroux and X. Lei and N. Breslow},
  booktitle = {Statistical Models in Epidemiology, the Environment, and Clinical Trials},
  series = {The IMA Volumes in Mathematics and its Applications},
  publisher = {Springer-Verlag},
  address = {New York, NY},
  pages = {179-191},
  year = {2000},
}

@Book{gelfandetal10,
  title = {Handbook of Spatial Statistics},
  author = {A. E. Gelfand and P. J. Diggle and M. Fuentes and P. Guttorp},
  publisher = {Chapman and Hall/CRC},
  address = {Boca Raton, Fl.},
  year = {2000},
}

@Book{lawson09,
  title = {Bayesian Disease Mapping: Hierarchical Modeling In Spatial Epidemiology},
  author = {Andrew B. Lawson},
  publisher = {Chapman and Hall/CRC},
  address = {Boca Raton, Fl.},
  year = {2009},
}

@Article{besagetal91,
  author = {J. Besag and J. York and A. Molli√©},
  journal = {Annals of the Institute of Statistical Mathematics},
  title = {Bayesian Image Restoration with Applications in Spatial Statistics (with Discussion)},
  volume = {43},
  pages = {1-59},
  year = {1991},
	url = {https://doi.org/10.1007/BF00116466},
}
