@Article{adlhochetal:2011,
  author = {C Adlhoch and M Kaiser and M Hoehne and A Mas Marques and I Stefas and F Veas and H Ellerbrok},
  journal = {Virology Journal},
  pages = {63},
  title = {Highly Sensitive Detection of the {Group A} Rotavirus Using Apolipoprotein {H}-Coated {ELISA} Plates Compared to Quantitative Real-Time {PCR}},
  volume = {8},
  year = {2011},
}

@Article{alonzo:2014,
  author = {{\relax TA} Alonzo},
  journal = {REVSTAT-Statistical Journal},
  number = {1},
  pages = {67--83},
  title = {Verification Bias-Impact and Methods for Correction When Assessing Accuracy of Diagnostic Tests},
  volume = {12},
  year = {2014},
}

@Article{amaroetal:1995,
  author = {A Amaro and F Gude and R Gonz\'{a}lez-Juanatey and F Iglesias and F Fern\'{a}ndez-V\'{a}zquez and J Garc\'{i}a-Acu{\~{n}}a and M Gil},
  journal = {European Heart Journal},
  number = {5},
  pages = {615--622},
  title = {Plasma Leukocyte Elastase Concentration in Angiographically Diagnosed Coronary Artery Disease},
  volume = {16},
  year = {1995},
}

@Article{bamber:1975,
  author = {D Bamber},
  journal = {Journal of Mathematical Psychology},
  number = {4},
  pages = {387--415},
  title = {The Area above the Ordinal Dominance Graph and the Area below the Receiver Operating Graph},
  volume = {12},
  year = {1975},
}

@Manual{brasil:2010,
  title = {DiagnosisMed: Diagnostic Test Accuracy Evaluation for Medical Professionals},
  author = {P. Brasil},
  year = {2010},
  note = {R package version 0.2.3},
  url = {https://CRAN.R-project.org/src/contrib/Archive/DiagnosisMed/},
}

@Article{defreitasetal:2004,
  author = {{\relax GA} Defreitas and {\relax PE} Zimmern and {\relax GE} Lemack and {\relax SF} Shariat},
  journal = {Urology},
  number = {4},
  pages = {675--679},
  title = {Refining Diagnosis of Anatomic Female Bladder Outlet Obstruction: Comparison of Pressureflow Study Parameters in Clinically Obstructed Women with Those of Normal Controls},
  volume = {64},
  year = {2004},
}

@Article{delongetal:1988,
  author = {{\relax ER} Delong and {\relax DM} Delong and {\relax DL} Clarke-Pearson},
  journal = {Biometrics},
  number = {3},
  pages = {837--845},
  title = {Comparing the Areas under Two or More Correlated {Receiver Operating Characteristic} Curves: A Nonparametric Approach},
  volume = {44},
  year = {1988},
}

@Article{feinstein:1975,
  author = {{\relax SH} Feinstein},
  journal = {Understanding Biomedical Research},
  number = {3},
  pages = {173--184},
  title = {The Accuracy of Diver Sound Localization by Pointing},
  volume = {2},
  year = {1975},
}

@Article{freemanmoisen:2008,
  author = {{\relax EA} Freeman and G Moisen},
  journal = {Journal of Statistical Software},
  number = {11},
  pages = {1--31},
  title = {Presence{A}bsence: An {R} Package for {P}resence {A}bsence Analysis},
  volume = {23},
  year = {2008},
  url = {http://www.jstatsoft.org/v23/i11/},
}

@Article{gallopetal:2003,
  author = {{\relax RJ} Gallop and P Crits-Christoph and {\relax LR} Muenz and {\relax XM} Tu},
  journal = {Understanding Statistics},
  number = {4},
  pages = {219--242},
  title = {Determination and Interpretation of the Optimal Operating Point for {ROC} Curves Derived through Generalized Linear Models},
  volume = {2},
  year = {2003},
}

@Article{greiner:1995,
  author = {M Greiner},
  journal = {Journal of Immunological Methods},
  number = {1},
  pages = {145--146},
  title = {Two-Graph Receiver Operating Characteristic ({TG-ROC}): A {Microsoft-EXCEL} Template for the Selection of Cut-Off Values in Diagnostic Tests},
  volume = {185},
  year = {1995},
}

@Article{jimenezvalverde:2012,
  author = {A Jim\'{e}nez-Valverde},
  journal = {Global Ecology and Biogeography},
  pages = {498--507},
  title = {Insights into the {Area under the Receiver Operating Characteristic} Curve ({AUC}) As a Discrimination Measure in Species Distribution Modelling},
  volume = {21},
  year = {2012},
}

@Article{jimenezvalverde:2014,
  author = {A Jim\'{e}nez-Valverde},
  journal = {Biodiversity Conservation},
  number = {2},
  pages = {369--385},
  title = {Threshold-Dependence As a Desirable Attribute for Discrimination Assessment: Implications for the Evaluation of Species Distribution Models},
  volume = {23},
  year = {2014},
}

@Article{laietal:2012,
  author = {{\relax CY} Lai and L Tian and {\relax EF} Schisterman},
  journal = {Computational Statistics \& Data Analysis},
  number = {5},
  pages = {1103--1114},
  title = {Exact Confidence Interval Estimation for the {Youden} Index and Its Corresponding Optimal Cut-Point},
  volume = {56},
  year = {2012},
}

@Article{le:2006,
  author = {{\relax CT} Le},
  journal = {Statistical Methods in Medical Research},
  number = {6},
  pages = {571--584},
  title = {A Solution for the Most Basic Optimization Problem Associated with an {ROC} Curve},
  volume = {15},
  year = {2006},
}

@Manual{lopezratonrodriguezalvarez:2014,
  title = {Optimal{C}utpoints: Computing Optimal Cutpoints in Diagnostic Tests},
  author = {M L\'{o}pez-Rat\'{o}n and {\relax MX} Rodr\'{i}guez-\'{A}lvarez},
  year = {2014},
  note = {{R} package version 1.1-1},
  url = {https://CRAN.R-project.org/package=OptimalCutpoints},
}

@Article{lopezratonetal:2014,
  author = {M L\'{o}pez-Rat\'{o}n and {\relax MX} Rodr\'{i}guez-\'{A}lvarez and C Cadarso-Su\'{a}rez and F Gude-Sampedro},
  journal = {Journal of Statistical Software},
  number = {8},
  pages = {1--36},
  title = {Optimal{C}utpoints: An {R} Package for Selecting Optimal Cutpoints in Diagnostic Tests},
  volume = {61},
  year = {2014},
  url = {http://www.jstatsoft.org/v61/i08/},
}

@Manual{lopezratonetal:2015,
  author = {M L\'{o}pez-Rat\'{o}n and C Cadarso-Su\'{a}rez and {\relax EM} Molanes-L\'{o}pez and E Let\'{o}n},
  title = {GsymPoint: Estimation of the Generalized Symmetry Point, an Optimal Cutpoint in Continuous Diagnostic Tests},
  note = {{R} package version 1.1},
  url = {https://CRAN.R-project.org/package=GsymPoint},
  year = {2017},
}

@Article{lopezratonetal:2016,
  author = {M L\'{o}pez-Rat\'{o}n and C Cadarso-Su\'{a}rez and {\relax EM} Molanes-L\'{o}pez and E Let\'{o}n},
  journal = {Pharmaceutical Statistics},
  number = {2},
  pages = {178--192},
  title = {Confidence Intervals for the Symmetry Point: An Optimal Cutpoint in Continuous Diagnostic Tests},
  volume = {15},
  year = {2016},
}

@Article{molaneslopezetal:2009,
  author = {{\relax EM} Molanes-L\'{o}pez and I {Van Keilegom} and N Veraverbeke},
  journal = {Scandinavian Journal of Statistics},
  number = {3},
  pages = {413--432},
  title = {Empirical Likelihood for Non-Smooth Criterion Functions},
  volume = {36},
  year = {2009},
}

@Article{metz:1978,
  author = {{\relax CE} Metz},
  journal = {Seminars in Nuclear Medicine},
  number = {4},
  pages = {183--298},
  title = {Basic Principles of {ROC} Analysis},
  volume = {8},
  year = {1978},
}

@Article{molaneslopezleton:2011,
  author = {{\relax EM} Molanes-L\'{o}pez and E Let\'{o}n},
  journal = {Statistics in Medicine},
  number = {19},
  pages = {2467--2480},
  title = {Inference of the {Youden} Index and Associated Threshold Using Empirical Likelihood for Quantiles},
  volume = {30},
  year = {2011},
}

@Book{pepe:2003,
  author = {M Pepe},
  title = {The Statistical Evaluation of Medical Tests for Classification and Prediction},
  year = {2003},
  publisher = {Oxford University Press, New York},
}

@Article{riddlestratford:1999,
  author = {{\relax DL} Riddle and {\relax PW} Stratford},
  journal = {Physical Therapy},
  number = {10},
  pages = {939--948},
  title = {Interpreting Validity Indexes for Diagnostic Tests: An Illustration Using the {Berg} Balance Test},
  volume = {79},
  year = {1999},
}

@Article{robinetal:2011,
  author = {X Robin and N Turck and A Hainard and N Tiberti and F Lisacek and {\relax JC} Sanchez and M M\"uller},
  journal = {BMC Bioinformatics},
  pages = {77},
  title = {p{ROC}: An Open-Source Package for {R} and {S+} to Analyze and Compare {ROC} Curves},
  volume = {12},
  year = {2011},
}

@Article{rotaetal:2015,
  author = {M Rota and L Antolini and {\relax MG} Valsecchi},
  journal = {BMC Medical Research Methodology},
  number = {24},
  pages = {1--11},
  title = {Optimal Cut-Point Definition in Biomarkers: The Case of Censored Failure Time Outcome},
  volume = {15},
  year = {2015},
}

@Article{schafer:1989,
  author = {H Sch\"afer},
  journal = {Statistics in Medicine},
  number = {11},
  pages = {1381--1391},
  title = {Constructing a Cut-Off Point for a Quantitative Diagnostic Test},
  volume = {8},
  year = {1989},
}

@Article{swets:1979,
  author = {{\relax JA} Swets},
  journal = {Investigative Radiology},
  pages = {109--121},
  title = {{ROC} Analysis Applied to the Evaluation of Medical Imaging Techniques},
  volume = {14},
  year = {1979},
}

@Book{swetspickett:1982,
  author = {{\relax JA} Swets and {\relax RM} Pickett},
  title = {Evaluation of Diagnostic Systems: Methods from Signal Detection Theory},
  year = {1982},
  publisher = {Academic Press, New York},
}

@InCollection{swetsswets:1979,
  author = {{\relax JA} Swets and {\relax JB} Swets},
  booktitle = {Proceedings of the Sixth IEEE Conference on Computer Applications in Radiology},
  pages = {203--206},
  title = {{ROC} Approach to Cost/Benefit Analysis},
  year = {1979},
  publisher = {Reprinted in Ripley KL, Murray A, eds},
}

@Article{thomasgrunkemeier:1975,
  author = {{\relax DR} Thomas and {\relax GL} Grunkemeier},
  journal = {Journal of the American Statistical Association},
  number = {352},
  pages = {865--871},
  title = {Confidence Interval Estimation of Survival Probabilities for Censored Data},
  volume = {70},
  year = {1975},
}

@Article{venkatramanbegg:1996,
  author = {{\relax ES} Venkatraman and {\relax CB} Begg},
  journal = {Biometrika},
  number = {4},
  pages = {835--848},
  title = {A Distribution-Free Procedure for Comparing {Receiver Operating Characteristic} Curves from a Paired Experiment},
  volume = {83},
  year = {1996},
}

@Article{vermontetal:1991,
  author = {J Vermont and {\relax JL} Bosson and P Fran\c{c}ois and C Robert and A Rueff and J Demongeot},
  journal = {Computer Methods and Programs in Biomedicine},
  number = {2},
  pages = {141--150},
  title = {Strategies for Graphical Threshold Determination},
  volume = {35},
  year = {1991},
}

@Article{weerahandi:1993,
  author = {S Weerahandi},
  journal = {Journal of the American Statistical Association},
  pages = {899--905},
  title = {Generalized Confidence Intervals},
  volume = {88},
  year = {1993},
}

@Book{weerahandi:1995,
  author = {S Weerahandi},
  title = {Exact Statistical Methods for Data Analysis},
  year = {1995},
  publisher = {Springer-Verlag},
}

@Article{youden:1950,
  author = {{\relax WJ} Youden},
  journal = {Cancer},
  number = {1},
  pages = {32--35},
  title = {Index for Rating Diagnostic Tests},
  volume = {3},
  year = {1950},
}

@Article{zhouqin:2013,
  author = {H Zhou and G Qin},
  journal = {Pharmaceutical Statistics},
  number = {1},
  pages = {17--27},
  title = {Confidence Intervals for the Difference in Paired {Youden} Indices},
  volume = {12},
  year = {2013},
}

@Article{carpenter:2000,
  author = {J Carpenter and J Bithell},
  journal = {Statistics in Medicine},
  pages = {1141--1164},
  title = {A Practical Guide for Medical Statisticians},
  volume = {19},
  year = {2000},
}

@Article{subtil:2015,
  author = {F Subtil and M Rabilloud},
  journal = {Journal of Clinical Epidemiology},
  pages = {752--759},
  title = {An Enhancement of {ROC} Curves Made Them Clinically Relevant for Diagnostic-Test Comparison and Optimal-Threshold Determination},
  volume = {68},
  year = {2015},
}

@Article{cantor:1999,
  author = {SB Cantor and CC Sun and G Tortolero-Luna and R Richards-Kortum and M Follen},
  journal = {Journal of Clinical Epidemiology},
  number = {9},
  pages = {885--892},
  title = {A Comparison of {C/B} Ratios from Studies Using {Receiver Operating Characteristic} Curve Analysis},
  volume = {52},
  year = {1999},
}

@Article{hanley:1982,
  author = {JA Hanley and JB McNeil},
  journal = {Radiology},
  pages = {29--36},
  title = {The Meaning and Use of the Area under a {Receiver Operating Characteristic (ROC)} Curve},
  volume = {143},
  year = {1982},
}
