  
  @Manual{R,
    title = {R: A Language and Environment for Statistical Computing},
    author = {{R Development Core Team}},
    organization = {R Foundation for Statistical Computing},
    address = {Vienna, Austria},
    year = {2008},
  }
  
 @article{biernacki16,
  TITLE = {{Model-Based Clustering of Multivariate Ordinal Data Relying on a Stochastic Binary Search Algorithm}},
  AUTHOR = {Biernacki, Christophe and Jacques, Julien},
  JOURNAL = {{Statistics and Computing}},
  PUBLISHER = {{Springer Verlag (Germany)}},
  VOLUME = {26},
  NUMBER = {5},
  PAGES = {929-943},
  YEAR = {2016}
}



@article{jacques17,
title = "Model-based co-clustering for ordinal data",
journal = "Computational Statistics \& Data Analysis",
volume = "123",
pages = "101 - 115",
year = "2018",
issn = "0167-9473",
author = "Julien Jacques and Christophe Biernacki",
}

@PHDTHESIS{robert17,
title = "Classification croisée pour l'analyse de bases de données de grandes dimensions de pharmacovigilance",
author = "Robert, Valérie",
year = "2017",
note = "Thèse de doctorat dirigée par Celeux, Gilles Mathématiques appliquées Paris Saclay 2017",
}

@book{govaert14,
  TITLE = {{Co-Clustering}},
  AUTHOR = {Govaert, G{\'e}rard and Nadif, Mohamed},
  PUBLISHER = {{ISTE-Wiley}},
  SERIES = {Computing Engineering series},
  PAGES = {256},
  YEAR = {2014},
}



@article{Hartigan79,
  author = {Hartigan, J. A. and Wong, M. A.},
  journal = {JSTOR: Applied Statistics},
  keywords = {kmeans clustering},
  number = 1,
  pages = {100--108},
  timestamp = {2011-01-11T13:34:58.000+0100},
  title = {A k-means clustering algorithm},
  volume = 28,
  year = 1979
}

@article{Rand71,
author = { William M.   Rand },
title = {Objective Criteria for the Evaluation of Clustering Methods},
journal = {Journal of the American Statistical Association},
volume = {66},
number = {336},
pages = {846-850},
year  = {1971},
publisher = {Taylor \& Francis},

}

@inproceedings{jollois09,
  TITLE = {{Classification de donn{\'e}es ordinales : mod{\`e}les et algorithmes}},
  AUTHOR = {Jollois, Fran{\c c}ois-Xavier and Nadif, Mohamed},
  BOOKTITLE = {{41{\`e}mes Journ{\'e}es de Statistique, SFdS, Bordeaux}},
  ADDRESS = {Bordeaux, France},
  YEAR = {2009},
  PDF = {https://hal.inria.fr/inria-00386774/file/p214.pdf},
  HAL_ID = {inria-00386774},
  HAL_VERSION = {v1},
}
@Article{Piccolo2003,
  author={D'Elia, Angela and Piccolo, Domenico},
  title={{A mixture model for preferences data analysis}},
  journal={Computational Statistics \& Data Analysis},
  year=2005,
  volume={49},
  number={3},
  pages={917-934},
  month={June},
  keywords={},
}

@article{corduas2008,
  pages = {177--189},
  Author = {Corduas, Marcella},
  Journal = {Quaderni di statistica},
  volume ={10},
  Title = {A Statistical Procedure for Clustering Ordinal Data},
  Year = {2008},
}


@article{Ranalli16,
 author = {Ranalli, Monia and Rocci, Roberto},
 title = {Mixture Models for Ordinal Data: A Pairwise Likelihood Approach},
 journal = {Statistics and Computing},
 issue_date = {January   2016},
 volume = {26},
 number = {1-2},
 month = jan,
 year = {2016},
 issn = {0960-3174},
 pages = {529--547},
 numpages = {19},
 acmid = {2873693},
 publisher = {Kluwer Academic Publishers},
 address = {Hingham, MA, USA},
 keywords = {Composite likelihood, EM algorithm, Finite mixture models, Ordinal data},
} 

@article{Giordan11,
author = { Marco   Giordan  and  Giancarlo   Diana },
title = {A Clustering Method for Categorical Ordinal Data},
journal = {Communications in Statistics - Theory and Methods},
volume = {40},
number = {7},
pages = {1315-1334},
year = {2011}
}

@Article{McParland2016,
author="McParland, Damien and Gormley, Isobel Claire",
title="Model based clustering for mixed data: clustMD",
journal="Advances in Data Analysis and Classification",
year="2016",
month="Jun",
day="01",
volume="10",
number="2",
pages="155--169",
issn="1862-5355"
}


@book{venables2002,
  address = {New York},
  author = {Venables, W. N. and Ripley, B. D.},
  edition = {Fourth},
  interhash = {5ce14a9dd243e8a986f8f645e0656029},
  intrahash = {923b9e072a30847bc042e7035f829c06},
  keywords = {imported statistic},
  note = {ISBN 0-387-95457-0},
  publisher = {Springer},
  timestamp = {2017-04-01T10:42:50.000+0200},
  title = {Modern Applied Statistics with S},
  year = 2002
}

@ARTICLE{Yee2010,
    author = {Thomas W. Yee},
    title = {The VGAM package for categorical data analysis},
    journal = {J Stat Softw},
    year = {2010}
}

@Manual{harrell2018,
    title = {rms: Regression Modeling Strategies},
    author = {Frank E Harrell Jr},
    year = {2019},
    note = {R package version 5.1-3.1},
  }
  
@article{burkner17,
   author = {Paul-Christian Bürkner},
   title = {brms: An R Package for Bayesian Multilevel Models Using Stan},
   journal = {Journal of Statistical Software, Articles},
   volume = {80},
   number = {1},
   year = {2017},
   keywords = {Bayesian inference; multilevel model; ordinal data; MCMC; Stan; R},
   issn = {1548-7660},
   pages = {1--28},
}


@Manual{mcparland17,
    title = {clustMD: Model Based Clustering for Mixed Data},
    author = {Damien McParland and Isobel Claire Gormley},
    year = {2017},
    note = {R package version 1.2.1}
}
  
@Manual{Simone18,
    title = {CUB: A Class of Mixture Models for Ordinal Data},
    author = {Maria Iannario, Domenico Piccolo, Rosaria Simone},
    year = {2018},
    note = {R package version 1.1.3}
  }
  
  
@Manual{Hornung19,
    title = {ordinalForest: Ordinal Forests: Prediction and Variable Ranking with Ordinal Target Variables},
    author = {Roman Hornung},
    year = {2019},
    note = {R package version 2.3-1}
  }

@Article{Hornung19b,
  Author = {Hornung, Roman},
  Da = {2019/01/22},
  Id = {Hornung2019},
  Isbn = {1432-1343},
  Journal = {Journal of Classification},
  Title = {Ordinal Forests},
  Ty = {JOUR},
  Year = {2019},
  Pages = {1--14},
}
  
@Manual{cannon17,
    title = {monmlp: Multi-Layer Perceptron Neural Network with Optional Monotonicity Constraints},
    author = {Alex J. Cannon},
    year = {2017},
    note = {R package version 1.1.5}
  }
  

@Article{Gomez2019,
author="Heredia-G{\'o}mez, M. Cristina
and Garc{\'i}a, Salvador
and Guti{\'e}rrez, Pedro Antonio
and Herrera, Francisco",
title="OCAPIS: R package for Ordinal Classification and Preprocessing in Scala",
journal="Progress in Artificial Intelligence",
year="2019",
issn="2192-6360",
}


@article{gelman92,
 ISSN = {08834237},
 author = {Gelman, A. and Rubin, D.B.},
 journal = {Statistical Science},
 number = {4},
 pages = {457--472},
 publisher = {Institute of Mathematical Statistics},
 title = {Inference from Iterative Simulation Using Multiple Sequences},
 volume = {7},
 year = {1992}
}

@inproceedings{keribin10,
  TITLE = {{Estimation d'un mod{\`e}le {\`a} blocs latents par l'algorithme SEM}},
  AUTHOR = {Keribin, Christine and Govaert, G{\'e}rard and Celeux, Gilles},
  BOOKTITLE = {{42{\`e}mes Journ{\'e}es de Statistique}},
  ADDRESS = {Marseille, France},
  YEAR = {2010},
}

@article{Biernacki00,
 author = {Biernacki, Christophe and Celeux, Gilles and Govaert, G{\'e}rard},
 title = {Assessing a Mixture Model for Clustering with the Integrated Completed Likelihood},
 journal = {IEEE Trans. Pattern Anal. Mach. Intell.},
 volume = {22},
 number = {7},
 year = {2000},
 pages = {719--725},
 numpages = {7},
 acmid = {628783},
 publisher = {IEEE Computer Society},
 address = {Washington, DC, USA},
} 

@incollection{McParland2013,
author="McParland, Damien and Gormley, Isobel Claire",
title="Clustering Ordinal Data via Latent Variable Models",
year="2013",
pages="127--135",
editor="Lausen, Berthold and Van den Poel, Dirk and Ultsch, Alfred",
booktitle="Algorithms from and for Nature and Life: Classification and Data Analysis",
publisher="Springer International Publishing",
address="Switzerland"
}


@article{Govaert2003,
  title={Clustering with block mixture models},
  author={G{\'e}rard Govaert and Mohamed Nadif},
  journal={Pattern Recognition},
  year={2003},
  volume={36},
  pages={463-473}
}



@inbook {Agresti12,
title= {Analysis of ordinal categorical data. Wiley Series in Probability and Statistics},
author = {Agresti, Alan},
publisher = {John Wiley \& Sons, Inc.},
pages = {397--405},
booktitle = {Analysis of Ordinal Categorical Data},
year = {2012},
}


  
@Misc{Christensen15,
    title = {ordinal---Regression Models for Ordinal Data },
    author = {R. H. B. Christensen},
    year = {2015},
note = {R package version 2015.6-28.},
}
  

  
@inbook {Bartholomew11,
title = {Polytomous Data: Latent Trait Models},
author = {Bartholomew, David and Knott, Martin and Moustaki, Irini},
publisher = {John Wiley \& Sons, Ltd},
pages = {119--156},
year = {2011},
}

@Article{Rizopoulos06,
    title = {ltm: An R package for Latent Variable Modeling and Item
      Response Theory Analyses},
    author = {Dimitris Rizopoulos},
    journal = {Journal of Statistical Software},
    year = {2006},
    volume = {17},
    number = {5},
    pages = {1--25},
}
  
@article{Anota17,
   author = {Amelie Anota and Marion Savina and Caroline Bascoul-Mollevi and Franck Bonnetain},
   title = {QoLR: An R Package for the Longitudinal Analysis of Health-Related Quality of Life in Oncology},
   journal = {Journal of Statistical Software, Articles},
   volume = {77},
   number = {12},
   year = {2017},
   keywords = {health-related quality of life; longitudinal analysis; time to deterioration; R package QoLR},
   pages = {1--30},
}


@article{Selosse18,
author = {Selosse, Margot and Jacques, Julien and Biernacki, Christophe and Cousson-Gélie, Florence},
title = {Analysing a quality-of-life survey by using a coclustering model for ordinal data and some dynamic implications},
journal = {Journal of the Royal Statistical Society: Series C (Applied Statistics)},
volume = {68},
number = {5},
pages = {1327-1349},
keywords = {Coclustering, Latent block model, Oncology, Ordinal data, Psychology},
year = {2019}
}

@ARTICLE{Dempster77,
    author = {A. P. Dempster and N. M. Laird and D. B. Rubin},
    title = {Maximum likelihood from incomplete data via the EM algorithm},
    journal = {Journal of he Royal Statistical Society, series B},
    year = {1977},
    volume = {39},
    number = {1},
    pages = {1--38},
}

@manual{Vermunt06,
  author={J. Vermunt, J. Magidson},
  title={Technical Guide for Latent GOLD 4.0: Basic and Advanced. Statistical Innovations Inc.},
  publisher={Statistical Innovations Inc.},
  year={2005},
  address={Belmont, Massachussetts},
}


@Article{Fraley19,
    title = {{mclust} 5: clustering, classification and density estimation using {G}aussian finite mixture models},
    author = {Luca Scrucca and Michael Fop and Thomas Brendan Murphy and Adrian E. Raftery},
    journal = {The {R} Journal},
    year = {2016},
    volume = {8},
    number = {1},
    pages = {205--233},
}

@article{Corneli20,
author = {Marco Corneli and Charles Bouveyron and Pierre Latouche},
title = {Co-clustering of ordinal data via latent continuous random variables and not missing at random entries},
journal = {Journal of Computational and Graphical Statistics},
volume = {0},
number = {ja},
pages = {1-39},
year  = {2020},
publisher = {Taylor \& Francis},
}

@Manual{Corneli2020b,
    title = {ordinalLBM: Co-Clustering of Ordinal Data via Latent Continuous Random
Variables},
    author = {Marco Corneli and Charles Bouveyron and Pierre Latouche},
    year = {2019},
}




