@article{Adke1988,
author = {Adke, S.R. and Deshmukh, S.R.},
journal = {Journal of the Royal Statistical Society. Series B (Methodological)},
number = {1},
pages = {105--108},
title = {{Limit Distribution of a High Order Markov Chain}},
volume = {50},
publisher = {Wiley for the Royal Statistical Society},
url = {https://www.jstor.org/stable/2345812},
year = {1988}
}

@article{Nicolau_2014,
author = {Nicolau, J. and Riedlinger, F. I.},
doi = {10.1007/s00362-014-0630-6},
issn = {09325026},
journal = {Statistical Papers},
number = {4},
pages = {1163--1173},
publisher = {Springer Berlin Heidelberg},
title = {{Estimation and inference in multivariate Markov chains}},
volume = {56},
year = {2014}
}

@techreport{Damasio2020,
author = {Dam\'asio, B. and Nicolau, J.},
institution = {Instituto Superior de Economia e Gest√£o},
title = {{Time inhomogeneous multivariate Markov chains : detecting and testing multiple structural breaks occurring at unknown dates}},
series = {REM Working Papers},
number = {0136--2020},
type = {REM Working Papers },
url = {http://hdl.handle.net/10400.5/20164},
year = {2020}
}
@article{Bolano2020,
author = {Bolano, D.},
doi = {10.3390/SYM12040558},
issn = {20738994},
journal = {Symmetry},
keywords = {Covariates in markovian modeling,Hidden markov model,MTD model,Social sciences},
number = {4},
title = {{Handling covariates in markovian models with a mixture transition distribution based approach}},
volume = {12},
year = {2020}
}

@article{Spilerman1976,
author = {Spilerman, S. and Singer, B.},
file = {:C$\backslash$:/Users/carol/OneDrive/Documents/Tese/Ref/Singer1976.pdf:pdf},
number = {1},
pages = {1--54},
title = {{The Representation of Social Processes by Markov Models}},
journal = {American Journal of Sociology},
volume = {82},
year = {1976},
url ={https://www.jstor.org/stable/2777460}
}

@article{Wang2014,
author = {Wang, C. and Huang, T. Z. and Ching, W. K.},
doi = {10.1155/2014/502808},
journal = {Mathematical Problems in Engineering},
title = {{A new multivariate Markov chain model for adding a new categorical data sequence}},
volume = {2014},
year = {2014}
}

@article{Muenz1985,
author = {Muenz, L. R. and Rubinstein, L. V.},
number = {1},
pages = {91--101},
title = {{Markov Models for Covariate Dependence of Binary Sequences }},
volume = {41},
year = {1985},
journal = {Biometrics},
publisher = {International Biometric Society},
url ={http://www.jstor.org/stable/2530646}
}
@article{Zhu2010,
author = {Zhu, D. M. and Ching, W. K.},
doi = {10.1109/BIFE.2010.39},
journal = {Proceedings - 3rd International Conference on Business Intelligence and Financial Engineering, BIFE 2010},
keywords = {Demand prediction,Multivariate Markov chain model},
pages = {126--130},
title = {{A new estimation method for multivariate Markov chain model with application in demand predictions}},
year = {2010}
}
@article{Nicolau2014,
author = {Nicolau, J.},
doi = {10.1111/sjos.12087},
issn = {14679469},
journal = {Scandinavian Journal of Statistics},
keywords = {High-order markov chains,Maximum likelihood method,Mixture transition distribution,Multivariate markov chains},
number = {4},
pages = {1124--1135},
title = {{A new model for multivariate markov chains}},
volume = {41},
year = {2014}
}
@article{Martin1987,
author = {Martin, R. D. and Raftery, A.},
journal = {Journal of the American Statistical Association},
doi = {10.2307/2289377},
number = {400},
pages = {1044-1050},
title = {{Non-Gaussian State-Space Modeling of Nonstationary Time Series: Comment: Robustness, Computation, and Non-Euclidean Models}},
volume = {82},
year = {1987}
}
@book{Taylor1984,
author = {Taylor, H. M. and Karlin, S.},
title = {An Introduction to Stochastic Modeling - 3rd ed},
doi = {10.1016/C2013-0-11589-9},
isbn = {9780126848878},
publisher = {Academic Press},
year = {1984}
}
@incollection{Newey1994,
author = {Newey, W.K and Mcfadden, D.},
title = {Chapter 36 Large sample estimation and hypothesis testing},
booktitle= {Handbook of Econometrics},
publisher = {Elsevier},
volume = {4},
pages = {2111-2245},
year = {1994},
issn = {1573-4412},
doi = {https://doi.org/10.1016/S1573-4412(05)80005-4}
}
@article{JacobLewis1978,
author = {Jacobs, P.A. and Lewis, A.W.},
journal = {Journal of the Royal Statistical Society: Series B (Methodological)},
number = {2},
pages = {222-228},
title = {{Discrete Time Series Generated by Mixtures II : Asymptotic Properties}},
volume = {40},
year = {1978},
url = {https://www.jstor.org/stable/2984759}
}
@article{Berchtold2020,
author = {Berchtold, A. and Maitre, O. and Emery, K.},
doi = {10.3390/sym12122031},
issn = {20738994},
journal = {Symmetry},
keywords = {Double chain Markov model,Evolutionary algorithm,General EM algorithm,Hidden Markov model,Hill-climbing algorithm,MTD model,Markov chain,Optimization},
number = {12},
pages = {1--14},
title = {{Optimization of the mixture transition distribution model using the march package for R}},
volume = {12},
year = {2020}
}
@book{Ching2006,
author = {Ching, W. K. and Ng, M. K.},
title = {Markov Chains: Models, Algorithms and Applications},
isbn = {9780387293370},
year = {2006},
publisher = {Springer},
doi = {10.1007/0-387-29337-X}
}
@article{Berchtold2003,
author = {Berchtold, A.},
doi = {10.1016/S0167-9473(02)00191-3},
issn = {01679473},
journal = {Computational Statistics and Data Analysis},
number = {3-4},
pages = {399--411},
title = {{Mixture transition distribution (MTD) modeling of heteroscedastic time series}},
volume = {41},
year = {2003}
}
@book{Rajarshi2013,
author = {Rajarshi, M.B.},
isbn = {9783642179792},
title ={Statistical Inference for Discrete Time Stochastic Processes},
publisher = {{SpringerBriefs in Statistics}},
url = {http://www.springer.com/978-81-322-0762-7},
year = {2013}
}
@article{IslamAtaharul2006,
author = {Islam, M. A. and Chowdhury, R. I.},
doi = {10.1016/j.apm.2005.05.006},
issn = {0307904X},
journal = {Applied Mathematical Modelling},
keywords = {Binary outcome,Higher order Markov chain,Logistic regression,Markov model,Repeated measures},
number = {6},
pages = {477--488},
title = {{A higher order Markov model for analyzing covariate dependence}},
volume = {30},
year = {2006}
}
@article{Azzalini1994,
author = {Azzalini, A.},
doi = {10.1093/biomet/81.4.767},
issn = {00063444},
journal = {Biometrika},
keywords = {Correlated binary data,Discrete time series,Logistic regression,Longitudinal data,Markov chain,Missing data,Odds ratio,Repeated measures,Serial dependence},
number = {4},
pages = {767--775},
title = {{Logistic regression for autocorrelated data with application to repeated measures}},
volume = {81},
year = {1994}
}
@article{Berchtold2001,
author = {Berchtold, A.},
title = {Estimation in the Mixture Transition Distribution Model},
journal = {Journal of Time Series Analysis},
volume = {22},
number = {4},
pages = {379-397},
doi = {https://doi.org/10.1111/1467-9892.00231},
year = {2001}
}
@article{Pegram1980,
author = {Pegram, G.},
journal = {Journal of Applied Probability},
doi = {10.2307/3213025},
number = {2},
pages = {350--362},
title = {{An Autoregressive Model for Multilag Markov Chains}},
volume = {17},
year = {1980}
}
@article{Siu2005,
author = {Siu, T. K. and Ching, W. K. and Fung, E. S. and Ng, M. K.},
doi = {10.1080/14697680500383714},
issn = {14697688},
journal = {Quantitative Finance},
number = {6},
pages = {543--556},
title = {{On a multivariate Markov chain model for credit risk measurement}},
volume = {5},
year = {2005}
}
@article{Islam2004,
author = {Islam, M. A. and Arabia, S. and Chowdhury, R. I.},
file = {:C$\backslash$:/Users/carol/OneDrive/Documents/Tese/Ref/Islam2004.pdf:pdf},
journal = {International Journal of Statistical Sciences},
keywords = {60j20,ams classification,and phrases,covariate dependence,higher order,logistic,markov model,regression,three states},
number = {i},
pages = {241--249},
title = {{A Three State Markov Model for Analyzing Covariate Dependence}},
volume = {3},
year = {2004},
url = {http://www.ru.ac.bd/stat/wp-content/uploads/sites/25/2019/01/P21.V3s.pdf}
}
@article{Zhang2006,
author = {Zhang, X. and King, M. L. and Hyndman, R. J.},
doi = {10.1016/j.csda.2005.06.019},
journal = {Computational Statistics and Data Analysis},
number = {11},
pages = {3009--3031},
title = {{A Bayesian approach to bandwidth selection for multivariate kernel density estimation}},
volume = {50},
year = {2006}
}
@phdthesis{Damasio2018,
author = {Dam\'asio, B.},
title = {{Essays on Econometrics: Multivariate Markov Chains}},
school = {Universidade de Lisboa, Instituto Superior de Economia e Gest\~ao},
type = {{PhD} dissertation},
url = {https://www.repository.utl.pt/bitstream/10400.5/18128/1/TD-BD-2019.pdf},
year = {2018}
}
@article{Raftery1985,
author = {Raftery, A.},
journal = {Journal of the Royal Statistical Society: Series B (Methodological)},
doi = {10.1111/j.2517-6161.1985.tb01383.x},
issn = {0035-9246},
number = {3},
pages = {528--539},
title = {{A Model for High-Order Markov Chains}},
volume = {47},
year = {1985}
}
@article{Kalbfleisch1985,
author = {Kalbfleisch, J. D. and Lawless, J. F.},
doi = {10.1080/01621459.1985.10478195},
issn = {1537274X},
journal = {Journal of the American Statistical Association},
number = {392},
pages = {863--871},
title = {{The analysis of panel data under a Markov assumption}},
volume = {80},
year = {1985}
}
@article{Wong2001,
author = {Wong, C. S. and Li, W. K.},
doi = {10.1198/016214501753208645},
journal = {Journal of the American Statistical Association},
keywords = {Autocorrelation,EM algorithm,Model selection,Predictive distributions,Stationarity},
number = {455},
pages = {982--995},
title = {{On a mixture autoregressive conditional heteroscedastic model}},
volume = {96},
year = {2001}
}
@article{Wasserman1980,
author = {Wasserman, S.},
doi = {10.1080/01621459.1980.10477465},
journal = {Journal of the American Statistical Association},
number = {370},
pages = {280--294},
title = {{Analyzing social networks as stochastic processes}},
volume = {75},
year = {1980}
}
@phdthesis{Damasio2013,
author = {Dam\'asio, B.},
title = {{Multivariate Markov Chains - Estimation, Inference and Forecast. A New Approach: What If We Use Them As Stochastic Covariates?}},
school = {Universidade de Lisboa, Instituto Superior de Economia e Gest\~ao},
type = {Master dissertation},
url = {http://hdl.handle.net/10400.5/6397},
year = {2013}
}
@article{Berchtold2002,
author = {{Berchtold}, A. and {Raftery }, A.},
doi = {10.1214/ss/1042727943},
issn = {08834237},
journal = {Statistical Science},
keywords = {DNA,EM algorithm,Financial time series,GMTD model,High-order dependences,Markov chains,Mixture transition distribution (MTD) model,Social behavior,Spatial statistics,Time series,Wind},
number = {3},
pages = {328--356},
title = {{The mixture transition distribution model for high-order Markov chains and non-Gaussian time series}},
volume = {17},
year = {2002}
}
@article{Tavare1994,
author = {Raftery, A. and Tavar√©, S.},
journal = {Applied Statistics},
doi = {10.2307/2986120},
title = {{Estimation and Modelling Repeated Patterns in High Order Markov Chains with the Mixture Transition Distribution Model}},
volume = {43},
number = {1},
pages = {179--199},
year = {1994}
}
@article{Le1996,
author = {Le, N. D. and Martin, R. D. and Raftery, A.},
journal = {Journal of the American Statistical Association},
doi = {10.1111/j.2517-6161.1985.tb01383.x},
number = {436},
pages = {1504--1515},
title = {{Modeling Flat Stretches, Brusts, and Outliers in Time Series Using Mixture Transition Distribution Models}},
volume = {91},
year = {1996}
}
@article{Ching2002,
    author = {Ching, W. K. and Fung, E. S. and Ng, M. K.},
  journal={IMA Journal of Management Mathematics}, 
  title={A multivariate Markov chain model for categorical data sequences and its applications in demand predictions}, 
  year={2002},
  volume={13},
  number={3},
  pages={187-199},
  doi={10.1093/imaman/13.3.187}
  }
@article{Logan1981,
author = { Logan, J. },
title = {{A structural model of the higher‚Äêorder Markov process incorporating reversion effects}},
journal = {The Journal of Mathematical Sociology},
volume = {8},
number = {1},
pages = {75-89},
year  = {1981},
publisher = {Routledge},
doi = {10.1080/0022250X.1981.9989916}
}
@article{Lebre2008,
author = {L√®bre, S. and Bourguignon, P. Y. },
title = {{An EM algorithm for estimation in the mixture transition distribution model}},
journal = {Journal of Statistical Computation and Simulation},
volume = {78},
number = {8},
pages = {713-729},
year  = {2008},
publisher = {Taylor \& Francis},
doi = {10.1080/00949650701266666}
}
@article{ChenLio2009,
author = {Chen, D. G.  and Lio, Y. L.},
title = {{A Novel Estimation Approach for Mixture Transition Distribution Model in High-Order Markov Chains}},
journal = {Communications in Statistics - Simulation and Computation},
volume = {38},
number = {5},
pages = {990-1003},
year  = {2009},
publisher = {Taylor \& Francis},
doi = {10.1080/03610910802715009}
}
@article{Berchtold1995,
author = {Berchtold, A.},
title = {{Autoregressive Modelling of Markov Chains}},
journal = {Proc. 10th International Workshop on Statistical Modelling},
volume = {104},
number = {},
pages = {19-26},
year  = {1995},
publisher = { Springer, New York, NY},
doi = {10.1007/978-1-4612-0789-4_3}
}
@article{Berchtold1996,
     author = {Berchtold, A.},
     title = {{Mod\'elisation autor\'egressive des chaines de Markov : utilisation d'une matrice diff\'erente pour chaque retard}},
     journal = {Revue de Statistique Appliqu\'ee},
     pages = {5--25},
     publisher = {Soci\'et\'e de Statistique de France},
     volume = {44},
     number = {3},
     year = {1996},
     language = {fr},
     url = {http://www.numdam.org/item/RSA_1996__44_3_5_0/}
}
@incollection{Mehran1989,
title = {{Analysis of Discrete Longitudinal Data: Infinite-Lag Markov Models}},
booktitle = {Statistical Data Analysis and Inference},
publisher = {North-Holland},
address = {Amsterdam},
pages = {533-541},
year = {1989},
isbn = {978-0-444-88029-1},
doi = {https://doi.org/10.1016/B978-0-444-88029-1.50053-8},
author = {Mehran, F.},
}
@article{Kijima2002,
author = {Kijima, M. and Komoribayashi, K. and Suzuki, E.},
year = {2002},
month = {07},
pages = {},
title = {{A multivariate Markov model for simulating correlated defaults}},
volume = {4},
journal = {Journal of Risk},
doi = {10.21314/JOR.2002.066}
}
@article{Regier1968,
author = {Regier, M. H.},
title = {{A Two-State Markov Model for Behavioral Change}},
journal = {Journal of the American Statistical Association},
volume = {63},
number = {323},
pages = {993-999},
year  = {1968},
publisher = {Taylor & Francis},
doi = {10.1080/01621459.1968.11009325}
}
@article{Bart1968,
author = {Bartholomew, J.},
title ={{Stochastic Models for Social Processes}},
journal = {The Australian and New Zealand Journal of Sociology},
publisher = {J. Wiley},
volume = {4},
number = {2},
pages = {171-172},
year = {1968},
doi = {https://doi.org/10.1177/144078336800400215}
}
@Manual{march,
    title = {march: Markov Chains},
    author = {Maitre, O. and Emery, K.},
    year = {2020},
    note = {R package version 3.3.2},
    url = {https://CRAN.R-project.org/package=march},
  }
@Article{markovchains,
    title = {Discrete Time Markov Chains with R},
    author = {Spedicato, G. A.},
    month = {07},
    year = {2017},
    journal = {The R Journal},
    url = {https://journal.r-project.org/archive/2017/RJ-2017-036/index.html},
    note = {R package version 0.6.9.7},
  }
 @Manual{alabama,
    title = {alabama: Constrained Nonlinear Optimization},
    author = {Varadhan, R.},
    year = {2015},
    note = {R package version 2015.3-1},
    url = {https://CRAN.R-project.org/package=alabama},
  }
 @Manual{msm,
    title = {msm: Multi-State Markov and Hidden Markov Models in Continuous Time},
    author = {Jackson, C},
    year = {2023},
    url = {https://cran.r-project.org/web/packages/msm/index.html},
  }
 @Manual{matrixcalc,
    title = {matrixcalc: Collection of functions for matrix calculations},
    author = {Novomestky, F.},
    year = {2012},
    note = {R package version 1.0-3},
    url = {https://CRAN.R-project.org/package=matrixcalc},
  }
@Manual{Hmisc,
    title = {Hmisc: Harrell Miscellaneous},
    author = {Harrell Jr, F. E.},
    year = {2021},
    note = {R package version 4.5-0},
    url = {https://CRAN.R-project.org/package=Hmisc},
  }
   @Article{maxLik,
    title = {maxLik: A package for maximum likelihood estimation in {R}},
    author = {Henningsen, A. and Toomet, O.},
    journal = {Computational Statistics},
    year = {2011},
    volume = {26},
    number = {3},
    pages = {443-458},
    doi = {10.1007/s00180-010-0217-1},
    url = {http://dx.doi.org/10.1007/s00180-010-0217-1},
  }
@Book{nnet,
    title = {Modern Applied Statistics with S},
    author = {Venables, W. N. and Ripley, B. D.},
    publisher = {Springer},
    edition = {Fourth},
    address = {New York},
    year = {2002},
    note = {ISBN 0-387-95457-0},
    url = {https://www.stats.ox.ac.uk/pub/MASS4/},
  }
@Manual{fastDummies,
    title = {fastDummies: Fast Creation of Dummy (Binary) Columns and Rows from
Categorical Variables},
    author = {Kaplan, J.},
    year = {2020},
    note = {R package version 1.6.3},
    url = {https://CRAN.R-project.org/package=fastDummies},
  }
@Manual{DTMCPack,
    title = {DTMCPack: Suite of functions related to discrete-time discrete-state
Markov Chains},
    author = {Nicholson, W.},
    year = {2013},
    note = {R package version 0.1-2},
    url = {https://CRAN.R-project.org/package=DTMCPack},
  }
@article{DAMASIO2014,
title = {{Combining a regression model with a multivariate Markov chain in a forecasting problem}},
journal = {Statistics \& Probability Letters},
volume = {90},
pages = {108-113},
year = {2014},
issn = {0167-7152},
doi = {https://doi.org/10.1016/j.spl.2014.03.026},
author = {Dam\'asio, B. and Nicolau, J.},
keywords = {Multivariate Markov chain, Higher-order Markov chain, Forecasting},
}
@article{Damasio2019,
author = {Dam\'asio, B. and Mendon\c{c}a, S.},
title = {{Modelling insurgent-incumbent dynamics: Vector autoregressions, multivariate Markov chains, and the nature of technological competition}},
journal = {Applied Economics Letters},
volume = {26},
number = {10},
pages = {843-849},
year  = {2019},
publisher = {Routledge},
doi = {10.1080/13504851.2018.1502863}
}
@article{hajnal1956, 
title={The ergodic properties of non-homogeneous finite Markov chains}, 
volume={52}, 
DOI={10.1017/S0305004100030991}, 
number={1},
journal={Mathematical Proceedings of the Cambridge Philosophical Society}, 
publisher={Cambridge University Press}, 
author={Hajnal, J. and Bartlett, M. S.},
year={1956}, 
pages={67‚Äì77}
}
@article{Ching2008,
author = {Ching, W. K. and Ng, M. K. and Fung, E. S.},
journal = {Linear Algebra and its Applications},
doi = {10.1016/j.laa.2007.05.021},
volume = {428},
number = {2-3},
pages = {492--507},
title = {{Higher-order multivariate Markov chains and their applications}},
year = {2008}
}
@article{Ching2003,
 author = {Ching, W. K. and Fung, E. S. and Ng, M. K.},
 journal = {The Journal of the Operational Research Society},
 number = {3},
 pages = {291--298},
 publisher = {Palgrave Macmillan Journals},
 title = {A Higher-Order Markov Model for the Newsboy's Problem},
 volume = {54},
 year = {2003}
}
@article{Ching2004,
 author = {Ching, W. K. and Fung, E. S. and Ng, M. K.},
 journal = {International Naval Research Logistics},
 pages = {557--574},
 publisher = {Wiley Periodicals, Inc},
 title = {Higher-Order Markov Chain Models for Categorical Data
Sequences},
 volume = {51},
 year = {2004},
 doi = {10.1002/nav.20017}
}
@book{Hayashi,
publisher = {Princeton University Press},
booktitle = {Econometrics},
isbn = {0691010188},
year = {2000},
title = {Econometrics / Fumio Hayashi.},
language = {eng},
address = {Princeton, N.J.},
author = {Hayashi, F.},
keywords = {Econometrics},
lccn = {00034665},
}
@article{Billingsey1961,
 URL = {http://www.jstor.org/stable/2034876},
 author = {Billingsley, P.},
 journal = {Proceedings of the American Mathematical Society},
 number = {5},
 pages = {788--792},
 publisher = {American Mathematical Society},
 title = {The Lindeberg-L√©vy Theorem for Martingales},
 volume = {12},
 year = {1961}
}
@misc{DamasioM2020,
 author = {Dam\'asio, B. and Mendon√ßa, S.},
 title = {Leader-follower dynamics in real historical time: A Markovian test of
non-linear causality between sail and steam (co-)development, mimeo},
 year = {2020}
}
@article{Estrella1996,
  author={Estrella, A. and Mishkin, F. S.},
  title={{The yield curve as a predictor of U.S. recessions}},
  journal={Current Issues in Economics and Finance},
  year=1996,
  volume={2},
  number={Jun},
  pages={},
  month={},
  keywords={Forecasting; Recessions; Treasury bills},
  url={https://www.newyorkfed.org/research/current_issues/ci2-7.html}
}
@article{Dombrosky1996,
title = {Predicting real growth using the yield curve},
author = {Dombrosky, A. M. and Haubrich, J.},
year = {1996},
journal = {Economic Review},
number = {Q},
volume = {I},
pages = {26-35},
url = {https://EconPapers.repec.org/RePEc:fip:fedcer:y:1996:i:qi:p:26-35}
}
@misc{data1,
author={FRED, Federal Reserve Bank of St. Louis},
title={10-Year Treasury Constant Maturity Minus 3-Month Treasury Constant Maturity [T10Y3M]},
publisher={FRED, Federal Reserve Bank of St. Louis},
year={2021},
url={https://fred.stlouisfed.org/series/T10Y3M}
}
@misc{data2,
author={FRED, Federal Reserve Bank of St. Louis},
title={S\&P Dow Jones Indices LLC, Dow Jones Industrial Average [DJIA]},
publisher={FRED, Federal Reserve Bank of St. Louis},
year={2021},
url={https://fred.stlouisfed.org/series/DJIA}
}
@misc{data3,
author={FRED, Federal Reserve Bank of St. Louis},
title={S\&P Dow Jones Indices LLC, S\&P 500 [SP500]},
publisher={FRED, Federal Reserve Bank of St. Louis},
year={2021},
url= {https://fred.stlouisfed.org/series/SP500}
}
@article{Chauvet2016,
title = {A dynamic factor model of the yield curve components as a predictor of the economy},
journal = {International Journal of Forecasting},
volume = {32},
number = {2},
pages = {324-343},
year = {2016},
issn = {0169-2070},
doi = {https://doi.org/10.1016/j.ijforecast.2015.05.007},
author = {Chauvet, M. and Senyuz, Z.},
}
@article{Tian2019,
author = {Tian, R. and Shen, G.},
title = {Predictive power of Markovian models: Evidence from US recession forecasting},
journal = {Journal of Forecasting},
volume = {38},
number = {6},
pages = {525-551},
doi = {https://doi.org/10.1002/for.2579},
year = {2019}
}
@article{McMillan2021,
author = {McMillan, D. G.},
title = {Predicting GDP growth with stock and bond markets: Do they contain different information?},
journal = {International Journal of Finance \& Economics},
volume = {26},
number = {3},
pages = {3651-3675},
doi = {https://doi.org/10.1002/ijfe.1980},
year = {2021}
}
@article{Damasio20182,
title = {The changing economic regimes and expected time to recover of the peripheral countries under the euro: A nonparametric approach},
journal = {Physica A: Statistical Mechanics and its Applications},
volume = {507},
pages = {524-533},
year = {2018},
issn = {0378-4371},
doi = {https://doi.org/10.1016/j.physa.2018.05.089},
author = {Dam√°sio, B. and Lou√ß√£, F. and Nicolau, J.}
}

@article{jackson2011multi,
  title={Multi-state models for panel data: the msm package for R},
  author={Jackson, Christopher},
  journal={Journal of statistical software},
  volume={38},
  pages={1--28},
  year={2011},
	doi = {10.18637/jss.v038.i0810.18637/jss.v038.i08}
}

@Manual{pracma,
    title = {pracma: Practical Numerical Math Functions},
    author = {Hans W. Borchers},
    year = {2022},
    note = {R package version 2.4.2},
    url = {https://CRAN.R-project.org/package=pracma},
  }

@Book{ggplot2,
    author = {Hadley Wickham},
    title = {ggplot2: Elegant Graphics for Data Analysis},
    publisher = {Springer-Verlag New York},
    year = {2016},
    isbn = {978-3-319-24277-4},
    url = {https://ggplot2.tidyverse.org},
}

@Manual{gridextra,
    title = {gridExtra: Miscellaneous Functions for "Grid" Graphics},
    author = {Baptiste Auguie},
    year = {2017},
    note = {R package version 2.3},
    url = {https://CRAN.R-project.org/package=gridExtra},
}