@Article{As85,
  author = {D. Asimov},
  journal = {SIAM Journal of Scientific and Statistical Computing},
  number = {1},
  pages = {128--143},
  title = {{T}he {G}rand {T}our: {A} {T}ool for {V}iewing {M}ultidimensional {D}ata},
  volume = {6},
  year = {1985},
  url = {https://doi.org/10.1137/0906011},
}

@InCollection{gt_pp_mc,
  author = {D. Cook and A. Buja and E. ~K. Lee and H. Wickham},
  year = {2007},
  title = {{G}rand {T}ours, {P}rojection {P}ursuit {G}uided {T}ours and {M}anual {C}ontrols},
  crossref = {CHU07},
}

@Book{CHU07,
  editor = {C.-H. Chen and W. HÃ¤rdle and A. Unwin},
  year = {2007},
  title = {Handbook of Computational Statistics (Volume III) Data Visualization},
  publisher = {Springer-Verlag},
  address = {Berlin, Heidelberg},
  url = {https://doi.org/10.1007/978-3-540-33037-0_13},
}

@Article{gt_pp,
  author = {Dianne Cook and Andreas Buja and Javier Cabrera and Catherine Hurley},
  title = {Grand Tour and Projection Pursuit},
  journal = {Journal of Computational and Graphical Statistics},
  year = {1995},
  volume = {4},
  number = {4},
  pages = {155--172},
}

@Article{tourr,
  title = {{tourr: An R Package for Exploring Multivariate Data with Projections}},
  author = {Hadley Wickham and Dianne Cook and Heike Hofmann and Andreas Buja},
  journal = {Journal of Statistical Software},
  year = {2011},
  volume = {40},
  number = {2},
  pages = {1--18},
  url = {https://doi.org/10.18637/jss.v040.i02},
}

@Article{tourrGui,
  title = {{tourrGui: A gWidgets GUI for the Tour to Explore High-Dimensional Data Using Low-Dimensional Projections}},
  author = {Bei Huang and Dianne Cook and Hadley Wickham},
  journal = {Journal of Statistical Software},
  year = {2012},
  volume = {49},
  number = {6},
  pages = {1--12},
  url = {https://doi.org/10.18637/jss.v049.i06},
}

@Article{RGtk2,
  title = {{RGtk2: A Graphical User Interface Toolkit for {R}}},
  author = {Michael Lawrence and Duncan {Temple Lang}},
  journal = {Journal of Statistical Software},
  year = {2010},
  volume = {37},
  number = {8},
  pages = {1--52},
  url = {https://doi.org/10.18637/jss.v037.i08},
}

@Manual{shiny,
  title = {Shiny: Web Application Framework for R},
  author = {Winston Chang and Joe Cheng and JJ Allaire and Yihui Xie and Jonathan McPherson},
  year = {2017},
  note = {R package version 1.0.5},
  url = {https://CRAN.R-project.org/package=shiny},
}

@Article{D3,
  title = {{D3: Data-Driven Documents}},
  author = {Michael Bostock and Vadim Ogievetsky and Jeffrey Heer},
  journal = {IEEE Transactions on Visualization and Computer Graphics},
  year = {2011},
  volume = {17},
  number = {12},
  pages = {2301--2309},
  url = {https://doi.org/10.1109/TVCG.2011.185},
}
