@article{An15,
  author =	 "W. An",
  title =	 "Multilevel Meta Network Analysis with Application to
                  Studying Network Dynamics of Network Interventions",
  journal =	 "Social Networks",
  year =	 2015,
  volume =	 43,
  pages =	 "48--56"
}

@article{Banerjee13,
  author =	 "A. Banerjee and A. G. Chandrasekhar and E. Duflo and
                  M. O. Jackson",
  title =	 "Diffusion of Microfinance",
  journal =	 "Science",
  year =	 2013,
  volume =	 341,
  number =	 6144,
  doi =		 {10.1126/science.1236498},
  pages =	 "1--7"
}

@unpublished{Banerjee14,
  author =	 "A. Banerjee and A. G. Chandrasekhar and E. Duflo and
                  M. O. Jackson",
  title =	 "Gossip: Identifying Central Individuals in a Social
                  Network",
  note =	 "Working Paper",
  year =	 2014
}

@article{Bonacich72,
  author =	 "P. Bonacich",
  title =	 "Factoring and weighting approaches to clique
                  identification",
  journal =	 "Journal of Mathematical Sociology",
  year =	 1972,
  volume =	 2,
  number =	 1,
  pages =	 "113--120"
}

@article{Borgatti:2006,
  author =	 "S. P. Borgatti",
  title =	 "Identifying Sets of Key Players in a Network",
  journal =	 "Computational, Mathematical and Organizational
                  Theory",
  year =	 2006,
  volume =	 12,
  pages =	 "21--34"
}

@book{Borgatti02,
  author =	 "S. P. Borgatti and M. G. Everett and L. C. Freeman",
  title =	 "{UCINET} for Windows: Software for Social Network
                  Analysis",
  publisher =	 "Analytic Technologies",
  address =	 {Harvard, MA},
  year =	 2002
}

@article{Butts08,
  author =	 "C. T. Butts",
  title =	 "Social Network Analysis with sna",
  journal =	 "Journal of Statistical Software",
  year =	 2008,
  volume =	 24,
  number =	 6,
  pages =	 {1--51},
  doi =		 {10.18637/jss.v024.i06},
}

@article{Campbell08,
  author =	 "R. Campbell and F. Starkey and J. Holliday and
                  S. Audrey and M. Bloor and N. Parry-Langdon and
                  R. Hughes and L. Moore",
  title =	 "An informal school-based peer-led intervention for
                  smoking prevention in adolescence ({ASSIST}): A
                  cluster randomised trial",
  journal =	 "Lancet",
  year =	 2008,
  volume =	 371,
  pages =	 "1595--1602"
}

@article{Everett99,
  author =	 "M. G. Everett and S. P. Borgatti",
  title =	 "The Centrality of Groups and Classes",
  journal =	 "Journal of Mathematical Sociology",
  year =	 1999,
  volume =	 23,
  number =	 3,
  pages =	 "181--201"
}

@article{Freeman78,
  author =	 "L. C. Freeman",
  title =	 "Centrality in Social Networks: Conceptual
                  Clarification",
  journal =	 "Social Networks",
  year =	 1978,
  volume =	 1,
  pages =	 "215--239"
}

@InProceedings{Gil96,
  author =	 "J. Gil and S. Schmidt",
  title =	 "The Origin of the {M}exican Network of Power",
  booktitle =	 "Proceedings of the International Social Network
                  Conference",
  year =	 "1996",
  address =	 "Charleston, SC",
  pages =	 "22--25"
}

@article{Kelly91,
  author =	 "J. A. Kelly and S. L. Janet and E. D. Yolanda and
                  L. Y. Stevenson and A. C. Hauth and T. L. Brasfiel
                  and S. C. Kalichman and J. E. Smith and
                  M. E. Andrew",
  title =	 "{HIV} risk behavior reduction following intervention
                  with key opinion leaders of population: An
                  experimental analysis",
  journal =	 "American Journal of Public Health",
  year =	 1991,
  volume =	 81,
  pages =	 "168--171"
}

@article{Krackhardt87,
  author =	 "D. Krackhardt",
  title =	 "Cognitive Social Structures",
  journal =	 "Social Networks",
  year =	 1987,
  volume =	 9,
  pages =	 "109--134"
}

@article{Latkin98,
  author =	 "C. A. Latkin",
  title =	 "Outreach in natural settings: The use of peer
                  leaders for {HIV} prevention among injecting drug
                  users' networks",
  journal =	 "Public Health Reports",
  year =	 1998,
  volume =	 113,
  pages =	 "S151--S159"
}

@article{Ressler:2006,
  author =	 "S. Ressler",
  title =	 "Social Network Analysis as an Approach to Combat
                  Terrorism: Past, Present, and Future Research",
  journal =	 "Homeland Security Affairs",
  year =	 2006,
  volume =	 2,
  number =	 2,
  pages =	 "1--9"
}

@article{Valente07,
  author =	 "T .W. Valente and P. Pumpuang",
  title =	 "Identifying Opinion Leaders to Promote Behavior
                  Change",
  journal =	 "Health Education and Behavior",
  year =	 2007,
  volume =	 34,
  pages =	 "881--896"
}

@book{Wasserman94,
  author =	 "S. Wasserman and K. Faust",
  title =	 "Social Network Analysis: Methods and Applications",
  publisher =	 "Cambridge University Press",
  address =	 {Cambridge, NY},
  year =	 1994
}

@article{Bonacich87,
  author =	 "P. Bonacich",
  title =	 "Power and Centrality: A Family of Measures",
  journal =	 "American Journal of Sociology",
  year =	 1987,
  volume =	 5,
  pages =	 "1170-1182"
}

@article{Katz53,
  author =	 "L. Katz",
  title =	 "A New Status Index Derived from Sociometric Index",
  journal =	 "Psychometrika",
  year =	 1953,
  volume =	 18,
  number =	 1,
  pages =	 "39-43"
}

@Manual{Jacobs15,
  title =	 {influenceR: Software Tools to Quantify Structural
                  Importance of Nodes in a Network},
  author =	 {Jacobs Simon and Khanna Aditya},
  year =	 2015,
  note =	 {R package version 0.1.0},
  url =		 {https://CRAN.R-project.org/package=influenceR},
}

@article{Valente10,
  author =	 "Thomas W. Valente and Kayo Fujimoto",
  title =	 "Bridging: Locating Critical Connectors in a Network",
  journal =	 "Social Networks",
  year =	 2010,
  volume =	 2,
  number =	 3,
  pages =	 "212-220"
}

@book{Burt92,
  author =	 "Ronald S. Burt",
  title =	 {Structural Holes: The Social Structure of
                  Competition},
  publisher =	 "Harvard University Press",
  address =	 {Cambridge, MA},
  year =	 1992
}

@Article{network,
  title =	 {network: A Package for Managing Relational Data in
                  {R}},
  author =	 {Carter T. Butts},
  journal =	 {Journal of Statistical Software},
  year =	 {2008},
  volume =	 {24},
  number =	 {2},
  pages =	 {1--36},
  doi =		 {10.18637/jss.v024.i02},
}

@Article{igraph,
  title =	 {The igraph software package for complex network
                  research},
  author =	 {Gabor Csardi and Tamas Nepusz},
  journal =	 {InterJournal},
  volume =	 {Complex Systems},
  pages =	 {1695},
  year =	 {2006},
  url =		 {http://igraph.org},
}

@Article{statnet,
  title =	 {statnet: Software Tools for the Representation,
                  Visualization, Analysis and Simulation of Network
                  Data},
  author =	 {Mark S. Handcock and David R. Hunter and Carter
                  T. Butts and Steven M. Goodreau and Martina Morris},
  journal =	 {Journal of Statistical Software},
  year =	 {2008},
  volume =	 {24},
  number =	 {1},
  pages =	 {1--11},
  doi =		 {10.18637/jss.v024.i01},
}

@Manual{RSiena,
  title =	 {RSiena: Siena -- Simulation Investigation for
                  Empirical Network Analysis},
  author =	 {Ruth Ripley and Krists Boitmanis and Tom
                  A. B. Snijders},
  year =	 {2013},
  note =	 {R package version 1.1-232},
  url =		 {https://CRAN.R-project.org/package=RSiena},
}

@Manual{keyplayer,
  title =	 {keyplayer: Locating Key Players in Social Networks},
  author =	 {Weihua An and Yu-Hsin Liu},
  year =	 {2016},
  note =	 {R package version 1.0.3},
  url =		 {https://CRAN.R-project.org/package=keyplayer},
}
@book{igraph1,
author = {G.~{Csardi and T.~Nepusz}},
title = {{The igraph software package for complex network research}},
publisher = {InterJournal Complex Systems: 1695},
year = {2006},
url = {http://igraph.org}
}









