%% This BibTeX bibliography file was created using BibDesk.
%% http://bibdesk.sourceforge.net/

%% Created for Christophe Ley at 2021-03-25 08:45:19 +0100 


%% Saved with string encoding Unicode (UTF-8) 



@article{OR83,
	Author = {Owen, J. and Rabinovitch, R.},
	Date-Added = {2020-10-27 19:05:10 +0000},
	Date-Modified = {2020-10-27 19:06:41 +0000},
	Journal = {Journal of Finance},
	Pages = {745--752},
	Title = {On the class of elliptical distributions and their applications to the theory of portfolio choice},
	Volume = {38},
	Year = {1983}}

@article{markowitz,
	Added-At = {2018-10-18T14:55:01.000+0200},
	Author = {Markowitz, Harry},
	Journal = {The Journal of Finance},
	Pages = {77-91},
	Title = {Portfolio Selection},
	Volume = 7,
	Year = 1952}

@book{schoemaker2013experiments,
	Author = {Schoemaker, Paul JH},
	Publisher = {Springer Science \& Business Media},
	Title = {Experiments on decisions under risk: The expected utility hypothesis},
	Year = {2013}}

@article{tversky1992advances,
	Author = {Tversky, Amos and Kahneman, Daniel},
	Journal = {Journal of Risk and uncertainty},
	Number = {4},
	Pages = {297--323},
	Publisher = {Springer},
	Title = {Advances in prospect theory: Cumulative representation of uncertainty},
	Volume = {5},
	Year = {1992}}

@article{BGHL19,
	Author = {Babi{\'c}, Sla{\dj}ana and Gelbgras, Laetitia and Hallin, Marc and Ley, Christophe},
	Date-Modified = {2021-03-25 07:45:19 +0000},
	Journal = {Bernoulli, in press},
	Title = {Optimal tests for elliptical symmetry: specified and unspecified location},
	Year = {2021}}

@article{telford1991sex,
	Author = {Telford, Richard and Cunningham, Ross},
	Journal = {Medicine \& Science in Sports \& Exercise},
	Number = {7},
	Pages = {788--794},
	Title = {Sex, sport, and body-size dependency of hematology in highly trained athletes},
	Volume = {23},
	Year = {1991}}

@book{fechner1897kollektivmasslehre,
	Author = {Fechner, Gustav Theodor},
	Publisher = {Engelmann},
	Title = {Kollektivmasslehre},
	Year = {1897}}

@article{ernst1998multivariate,
	Author = {Ernst, Michael D},
	Journal = {Computational Statistics},
	Number = {2},
	Pages = {227--232},
	Publisher = {PHYSICA VERLAG GMBH TIERGARTENSTRASSE 17, 69121 HEIDELBERG, GERMANY},
	Title = {A multivariate generalized Laplace distribution},
	Volume = {13},
	Year = {1998}}

@book{muller1966lecture,
	Author = {M{\"u}ller, C},
	Date-Modified = {2020-10-12 06:30:26 +0000},
	Publisher = {Springer-Verlag Berlin},
	Series = {Lecture Notes in Mathematics},
	Title = {Spherical Harmonics},
	Volume = {17},
	Year = {1966}}

@article{manzotti2001spherical,
	Author = {Manzotti, Alessandro and Quiroz, Adolfo J},
	Journal = {Test},
	Number = {1},
	Pages = {87--104},
	Publisher = {Springer},
	Title = {Spherical harmonics in quadratic forms for testing multivariate normality},
	Volume = {10},
	Year = {2001}}

@article{babic2019comparison,
	Author = {Babi{\'c}, Sla{\dj}ana and Ley, Christophe and Veredas, David},
	Date-Modified = {2021-03-25 07:42:54 +0000},
	Journal = {Symmetry},
	Number = {10},
	Pages = {1216},
	Publisher = {Multidisciplinary Digital Publishing Institute},
	Title = {Comparison and classification of flexible distributions for multivariate skew and heavy-tailed data},
	Volume = {11},
	Year = {2021}}

@article{CHPd2008JSPI,
	Author = {Cassart, D. and Hallin, M. and Paindaveine, D.},
	Date-Added = {2019-06-20 13:14:38 +0000},
	Date-Modified = {2019-09-02 09:54:13 +0000},
	Journal = {Journal of Statistical Planning and Inference},
	Pages = {2499--2525},
	Title = {Optimal detection of {F}echner-asymmetry},
	Volume = {138},
	Year = {2008}}

@article{HPdV2010JNPS,
	Author = {Hallin, M. and Paindaveine, D. and Verdebout, T.},
	Date-Added = {2019-06-20 13:14:38 +0000},
	Date-Modified = {2019-06-20 13:16:29 +0000},
	Journal = {Journal of Nonparametric Statistics},
	Pages = {4879--895},
	Title = {Testing for common principal components under heterokurticity},
	Volume = {22},
	Year = {2010}}

@article{HPdV2013Bernou,
	Author = {Hallin, M. and Paindaveine, D. and Verdebout, T.},
	Date-Added = {2019-06-20 13:14:38 +0000},
	Date-Modified = {2019-06-20 13:16:29 +0000},
	Journal = {Bernoulli},
	Pages = {2524--2556},
	Title = {Optimal rank-based tests for common principal components},
	Volume = {22},
	Year = {2013}}

@article{HPdV2014JASA,
	Author = {Hallin, M. and Paindaveine, D. and Verdebout, T.},
	Date-Added = {2019-06-20 13:14:38 +0000},
	Date-Modified = {2019-06-20 13:16:29 +0000},
	Journal = {Journal of the American Statistical Association},
	Pages = {1071--1083},
	Title = {Efficient {R}-estimation of principal and common principal components},
	Volume = {109},
	Year = {2014}}

@article{HPd2009JMVA,
	Author = {Hallin, M. and Paindaveine, D.},
	Date-Added = {2019-06-20 13:14:38 +0000},
	Date-Modified = {2019-06-20 13:16:29 +0000},
	Journal = {Journal of Multivariate Analysis},
	Pages = {422--444},
	Title = {Optimal tests for the homogeneity of covariance, scale, and shape},
	Volume = {100},
	Year = {2009}}

@article{HPd2005JMVA,
	Author = {Hallin, M. and Paindaveine, D.},
	Date-Added = {2019-06-20 13:14:38 +0000},
	Date-Modified = {2019-06-20 13:16:29 +0000},
	Journal = {Journal of Multivariate Analysis},
	Pages = {122--163},
	Title = {Affine-invariant aligned rank tests for the multivariate general linear model with {ARMA} errors},
	Volume = {93},
	Year = {2005}}

@article{HPd2008AoS,
	Author = {Hallin, M. and Paindaveine, D.},
	Date-Added = {2019-06-20 13:14:38 +0000},
	Date-Modified = {2019-06-20 13:16:29 +0000},
	Journal = {Annals of Statistics},
	Pages = {261--1298},
	Title = {Optimal rank-based tests for homogeneity of scatter},
	Volume = {36},
	Year = {2008}}

@article{HPd2004AoS,
	Author = {Hallin, M. and Paindaveine, D.},
	Date-Added = {2019-06-20 13:14:38 +0000},
	Date-Modified = {2019-06-20 13:16:29 +0000},
	Journal = {Annals of Statistics},
	Pages = {2642--2678},
	Title = {Rank-based optimal tests of the adequacy of an elliptic {VARMA} model},
	Volume = {32},
	Year = {2004}}

@article{HPd2004b,
	Author = {Hallin, M. and Paindaveine, D.},
	Date-Added = {2019-06-20 13:14:38 +0000},
	Date-Modified = {2019-06-20 13:16:29 +0000},
	Journal = {Statistical Science},
	Pages = {697--711},
	Title = {Multivariate signed rank tests in vector autoregressive order identification},
	Volume = {19},
	Year = {2004}}

@book{cormen2009introduction,
	Author = {Cormen, Thomas H and Leiserson, Charles E and Rivest, Ronald L and Stein, Clifford},
	Date-Modified = {2021-03-25 07:43:16 +0000},
	Publisher = {MIT press},
	Title = {Introduction to {A}lgorithms},
	Year = {2009}}

@article{magnus1988linear,
	Author = {Magnus, Jan R},
	Journal = {Griffin's statistical monographs and courses},
	Number = {42},
	Publisher = {Griffin},
	Title = {Linear structures},
	Year = {1988}}

@article{HPd2002b,
	Author = {Hallin, M. and Paindaveine, D.},
	Date-Added = {2019-06-20 13:14:38 +0000},
	Date-Modified = {2019-06-20 13:16:29 +0000},
	Journal = {Bernoulli},
	Pages = {87--815},
	Title = {Optimal procedures based on interdirections and pseudo-{M}ahalanobis ranks for testing multivariate elliptic white noise against {ARMA} dependence},
	Volume = {8},
	Year = {2002}}

@article{UmRandles98,
	Author = {Um, Y. and Randles, R.H.},
	Date-Added = {2019-06-20 13:14:38 +0000},
	Date-Modified = {2019-06-20 13:16:29 +0000},
	Journal = {Statistica Sinica},
	Pages = {801--812},
	Title = {Nonparametric tests for the multivariate multi-sample location problem},
	Volume = {8},
	Year = {1998}}

@article{zhu2004,
	Author = {Zhu, Li-Xing and Neuhaus, Georg},
	Date-Added = {2019-06-20 13:14:38 +0000},
	Date-Modified = {2019-06-20 13:16:29 +0000},
	Journal = {Journal of Multivariate Analysis},
	Pages = {284--298},
	Title = {Conditional tests for elliptical symmetry},
	Volume = {84},
	Year = {2004}}

@article{MO95,
	Author = {M\"ott\"onen, R.J. and Oja, Hannu},
	Date-Added = {2019-03-07 13:31:52 +0000},
	Date-Modified = {2019-03-07 13:33:31 +0000},
	Journal = {Journal of Nonparametric Statistics},
	Pages = {201--213},
	Title = {Multivariate spatial sign and rank methods},
	Volume = {5},
	Year = {1995}}

@article{GH95,
	Author = {Garel, B. and Hallin, M.},
	Date-Added = {2019-03-05 10:51:25 +0000},
	Date-Modified = {2019-03-07 09:59:06 +0000},
	Journal = {Annals of the Institute of Statistical Mathematics},
	Pages = {551--579},
	Title = {Local asymptotic normality of multivariate {ARMA} processes with a linear trend},
	Volume = {47},
	Year = {1995}}

@article{Swensen85,
	Author = {Swensen, A. R.},
	Date-Added = {2019-03-05 10:42:47 +0000},
	Date-Modified = {2019-03-05 10:51:17 +0000},
	Journal = {Journal of Multivariate Analysis},
	Pages = {54--70},
	Title = {The asymptotic distribution of the likelihood ratio for autoregressive time series with a regression trend},
	Volume = {16},
	Year = {1985}}

@unpublished{AHL19,
	Author = {Anastasiou, A. and Hallin, Marc and Ley, Christophe},
	Date-Added = {2019-03-05 10:30:52 +0000},
	Date-Modified = {2019-03-07 09:59:34 +0000},
	Note = {{T}echnical {R}eport},
	Title = {Optimal tests for normality against generalized skew-normal alternatives},
	Year = {2019}}

@phdthesis{Cassart07,
	Author = {Cassart, D.},
	Date-Added = {2019-03-05 10:28:30 +0000},
	Date-Modified = {2019-03-05 10:30:42 +0000},
	School = {Univ. libre de Bruxelles, Brussels},
	Title = {Optimal tests for symmetry},
	Year = {2007}}

@article{kreiss1987adaptive,
	Author = {Kreiss, Jens-Peter},
	Date-Modified = {2019-03-05 10:46:24 +0000},
	Journal = {The Annals of Statistics},
	Number = {1},
	Pages = {112--133},
	Publisher = {Institute of Mathematical Statistics},
	Title = {On adaptive estimation in stationary {ARMA} processes},
	Volume = {15},
	Year = {1987}}

@article{rousseeuw1984least,
	Author = {Rousseeuw, Peter J},
	Date-Modified = {2019-03-05 10:47:15 +0000},
	Journal = {Journal of the American Statistical Association},
	Number = {388},
	Pages = {871--880},
	Publisher = {Taylor \& Francis},
	Title = {Least median of squares regression},
	Volume = {79},
	Year = {1984}}

@book{yang2000asymptotics,
	Address = {Berlin, Germany},
	Author = {Yang, Grace L and Le Cam, L},
	Date-Modified = {2019-09-26 06:13:21 +0000},
	Publisher = {Springer},
	Title = {Asymptotics in {S}tatistics: some basic concepts},
	Year = {2000}}

@article{hubert2010minimum,
	Author = {Hubert, Mia and Debruyne, Michiel},
	Journal = {Wiley interdisciplinary reviews: Computational statistics},
	Number = {1},
	Pages = {36--43},
	Publisher = {Wiley Online Library},
	Title = {Minimum covariance determinant},
	Volume = {2},
	Year = {2010}}

@article{rousseeuw1999fast,
	Author = {Rousseeuw, Peter J and Driessen, Katrien Van},
	Journal = {Technometrics},
	Number = {3},
	Pages = {212--223},
	Publisher = {Taylor \& Francis Group},
	Title = {A fast algorithm for the minimum covariance determinant estimator},
	Volume = {41},
	Year = {1999}}

@article{sakhanenko2008testing,
	Author = {Sakhanenko, Lyudmila},
	Journal = {Computational Statistics \& Data Analysis},
	Number = {2},
	Pages = {565--581},
	Publisher = {Elsevier},
	Title = {Testing for ellipsoidal symmetry: A comparison study},
	Volume = {53},
	Year = {2008}}

@incollection{serfling2004multivariate,
	Author = {Serfling, Robert J},
	Booktitle = {Encyclopedia of Statistical Sciences, Second Edition},
	Date-Modified = {2019-09-26 06:11:15 +0000},
	Editor = {S. Kotz and N. Balakrishnan and C. B. Read and B. Vidakovic},
	Journal = {Encyclopedia of statistical sciences},
	Pages = {5338--5345},
	Publisher = {Wiley Online Library},
	Title = {Multivariate symmetry and asymmetry},
	Volume = {8},
	Year = {2006}}

@article{fang2004spherical,
	Author = {Fang, Kai-Tai and Liang, Jia-Juan},
	Journal = {Encyclopedia of statistical sciences},
	Publisher = {Wiley Online Library},
	Title = {Spherical and elliptical symmetry, tests of},
	Volume = {12},
	Year = {2004}}

@article{li1997some,
	Author = {Li, Run-Ze and Fang, Kai-Tai and Zhu, Li-Xing},
	Journal = {Journal of Computational and Graphical Statistics},
	Number = {4},
	Pages = {435--450},
	Publisher = {Taylor \& Francis Group},
	Title = {Some QQ probability plots to test spherical and elliptical symmetry},
	Volume = {6},
	Year = {1997}}

@article{zhu2000nonparametric,
	Author = {Zhu, Li-Xing and Neuhaus, Georg},
	Date-Modified = {2019-03-05 10:48:27 +0000},
	Journal = {Biometrika},
	Number = {4},
	Pages = {919--928},
	Publisher = {Oxford University Press},
	Title = {Nonparametric {M}onte {C}arlo tests for multivariate distributions},
	Volume = {87},
	Year = {2000}}

@article{diks1999test,
	Author = {Diks, Cees and Tong, Howell},
	Date-Modified = {2020-10-12 06:26:34 +0000},
	Journal = {Biometrika},
	Pages = {605--614},
	Publisher = {Oxford University Press},
	Title = {A test for symmetries of multivariate probability distributions},
	Volume = {86},
	Year = {1999}}

@article{huffer2007test,
	Author = {Huffer, Fred W and Park, Cheolyong},
	Journal = {Journal of Multivariate Analysis},
	Number = {2},
	Pages = {256--281},
	Publisher = {Elsevier},
	Title = {A test for elliptical symmetry},
	Volume = {98},
	Year = {2007}}

@article{schott2002testing,
	Author = {Schott, James R},
	Date-Modified = {2019-03-05 10:47:40 +0000},
	Journal = {Statistics \& Probability Letters},
	Number = {4},
	Pages = {395--404},
	Publisher = {Elsevier},
	Title = {Testing for elliptical symmetry in covariance-matrix-based analyses},
	Volume = {60},
	Year = {2002}}

@article{manzotti2002statistic,
	Author = {Manzotti, A and P{\'e}rez, Francisco J and Quiroz, Adolfo J},
	Journal = {Journal of Multivariate Analysis},
	Number = {2},
	Pages = {274--285},
	Publisher = {Academic Press},
	Title = {A statistic for testing the null hypothesis of elliptical symmetry},
	Volume = {81},
	Year = {2002}}

@incollection{koltchinskii2000testing,
	Author = {Koltchinskii, Vladimir and Sakhanenko, Lyudmila},
	Booktitle = {High Dimensional Probability II},
	Pages = {493--510},
	Publisher = {Springer},
	Title = {Testing for ellipsoidal symmetry of a multivariate distribution},
	Year = {2000}}

@article{dyckerhoff2015depth,
	Author = {Dyckerhoff, Rainer and Ley, Christophe and Paindaveine, Davy},
	Journal = {Annals of the Institute of Statistical Mathematics},
	Number = {5},
	Pages = {917--941},
	Publisher = {Springer},
	Title = {Depth-based runs tests for bivariate central symmetry},
	Volume = {67},
	Year = {2015}}

@article{baringhaus1991testing,
	Author = {Baringhaus, Ludwig},
	Date-Modified = {2019-03-05 10:42:43 +0000},
	Journal = {The Annals of Statistics},
	Pages = {899--917},
	Publisher = {JSTOR},
	Title = {Testing for spherical symmetry of a multivariate distribution},
	Volume = {19},
	Year = {1991}}

@article{beran1979testing,
	Author = {Beran, Rudolf},
	Date-Modified = {2019-03-05 10:43:03 +0000},
	Journal = {The Annals of Statistics},
	Pages = {150--162},
	Publisher = {JSTOR},
	Title = {Testing for ellipsoidal symmetry of a multivariate density},
	Volume = {7},
	Year = {1979}}

@article{hodgson2002testing,
	Author = {Hodgson, Douglas J and Linton, Oliver and Vorkink, Keith},
	Journal = {Journal of Applied Econometrics},
	Number = {6},
	Pages = {617--639},
	Publisher = {Wiley Online Library},
	Title = {Testing the capital asset pricing model efficiently under elliptical symmetry: A semiparametric approach},
	Volume = {17},
	Year = {2002}}

@book{mcneil2005quantitative,
	Author = {McNeil, Alexander J and Frey, R{\"u}diger and Embrechts, Paul and others},
	Publisher = {Princeton university press Princeton},
	Title = {Quantitative risk management: Concepts, techniques and tools},
	Volume = {3},
	Year = {2005}}

@incollection{paindaveine2014elliptical,
	Author = {Paindaveine, Davy},
	Booktitle = {Encyclopedia of Environmetrics, 2nd edition},
	Date-Modified = {2019-03-05 10:49:48 +0000},
	Editor = {A. H. El-Shaarawi and W. Piegorsch},
	Journal = {Wiley StatsRef: Statistics Reference Online},
	Pages = {802--807},
	Publisher = {John Wiley $\&$ Sons, Chichester, UK},
	Title = {Elliptical symmetry},
	Year = {2014}}

@article{lambert2002copula,
	Author = {Lambert, Philippe and Vandenhende, Francois},
	Journal = {Statistics in medicine},
	Number = {21},
	Pages = {3197--3217},
	Publisher = {Wiley Online Library},
	Title = {A copula-based model for multivariate non-normal longitudinal data: analysis of a dose titration safety study on a new antidepressant},
	Volume = {21},
	Year = {2002}}

@article{kelker1970distribution,
	Author = {Kelker, Douglas},
	Journal = {Sankhy{\=a}: The Indian Journal of Statistics, Series A},
	Pages = {419--430},
	Publisher = {JSTOR},
	Title = {Distribution theory of spherical distributions and a location-scale parameter generalization},
	Year = {1970}}

@article{cambanis1981theory,
	Author = {Cambanis, Stamatis and Huang, Steel and Simons, Gordon},
	Journal = {Journal of Multivariate Analysis},
	Number = {3},
	Pages = {368--385},
	Publisher = {Elsevier},
	Title = {On the theory of elliptically contoured distributions},
	Volume = {11},
	Year = {1981}}

@incollection{genton2004skew2,
	Author = {Genton, Marc G and Thompson, Keith R},
	Booktitle = {Time series analysis and applications to geophysical systems},
	Pages = {169--185},
	Publisher = {Springer},
	Title = {Skew-elliptical time series with application to flooding risk},
	Year = {2004}}

@article{fang36ng,
	Author = {Fang, KT and Kotz, S},
	Journal = {Monographs on Statistics and Applied Probability},
	Title = {Ng., KW, Symmetric Multivariate and Related Distributions},
	Volume = {36},
	Year = {1990}}

@article{jones2015families,
	Author = {Jones, MC},
	Journal = {International Statistical Review},
	Number = {2},
	Pages = {175--192},
	Publisher = {Wiley Online Library},
	Title = {On families of distributions with shape parameters},
	Volume = {83},
	Year = {2015}}

@article{hallin2002optimal,
	Author = {Hallin, Marc and Paindaveine, Davy},
	Date-Modified = {2019-03-05 10:45:22 +0000},
	Journal = {The Annals of Statistics},
	Number = {4},
	Pages = {1103--1133},
	Publisher = {Institute of Mathematical Statistics},
	Title = {Optimal tests for multivariate location based on interdirections and pseudo-{M}ahalanobis ranks},
	Volume = {30},
	Year = {2002}}

@article{hallin2006semiparametrically1,
	Author = {Hallin, Marc and Paindaveine, Davy},
	Date-Modified = {2019-03-05 10:45:08 +0000},
	Journal = {The Annals of Statistics},
	Number = {6},
	Pages = {2707--2756},
	Publisher = {Institute of Mathematical Statistics},
	Title = {Semiparametrically efficient rank-based inference for shape. {I}. {O}ptimal rank-based tests for sphericity},
	Volume = {34},
	Year = {2006}}

@article{liebscher2005semiparametric,
	Author = {Liebscher, Eckhard},
	Date-Modified = {2019-03-05 10:46:47 +0000},
	Journal = {Journal of Multivariate Analysis},
	Number = {1},
	Pages = {205--225},
	Publisher = {Elsevier},
	Title = {A semiparametric density estimator based on elliptical distributions},
	Volume = {92},
	Year = {2005}}

@article{bedford2001probability,
	Author = {Bedford, Tim and Cooke, Roger M},
	Journal = {Annals of Mathematics and Artificial intelligence},
	Number = {1-4},
	Pages = {245--268},
	Publisher = {Springer},
	Title = {Probability density decomposition for conditionally dependent random variables modeled by vines},
	Volume = {32},
	Year = {2001}}

@article{bedford2002vines,
	Author = {Bedford, Tim and Cooke, Roger M},
	Journal = {Annals of Statistics},
	Pages = {1031--1068},
	Publisher = {JSTOR},
	Title = {Vines: A new graphical model for dependent random variables},
	Year = {2002}}

@article{aas2009pair,
	Author = {Aas, Kjersti and Czado, Claudia and Frigessi, Arnoldo and Bakken, Henrik},
	Journal = {Insurance: Mathematics and economics},
	Number = {2},
	Pages = {182--198},
	Publisher = {Elsevier},
	Title = {Pair-copula constructions of multiple dependence},
	Volume = {44},
	Year = {2009}}

@article{shushi2018generalized,
	Author = {Shushi, Tomer},
	Journal = {Statistics \& Probability Letters},
	Pages = {1--4},
	Publisher = {Elsevier},
	Title = {Generalized skew-elliptical distributions are closed under affine transformations},
	Volume = {134},
	Year = {2018}}

@article{vogel2011elliptical,
	Author = {Vogel, Daniel and Fried, Roland},
	Journal = {Biometrika},
	Number = {4},
	Pages = {935--951},
	Publisher = {Oxford University Press},
	Title = {Elliptical graphical modelling},
	Volume = {98},
	Year = {2011}}

@article{hallin2006semiparametrically2,
	Author = {Hallin, Marc and Oja, Hannu and Paindaveine, Davy},
	Date-Modified = {2019-03-05 10:45:41 +0000},
	Journal = {The Annals of Statistics},
	Number = {6},
	Pages = {2757--2789},
	Publisher = {Institute of Mathematical Statistics},
	Title = {Semiparametrically efficient rank-based inference for shape. {II}. {O}ptimal R-estimation of shape},
	Volume = {34},
	Year = {2006}}

@article{hallin2010optimal,
	Author = {Hallin, Marc and Paindaveine, Davy and Verdebout, Thomas},
	Journal = {The Annals of Statistics},
	Number = {6},
	Pages = {3245--3299},
	Publisher = {Institute of Mathematical Statistics},
	Title = {Optimal rank-based testing for principal components},
	Volume = {38},
	Year = {2010}}

@article{lombardi2009indirect,
	Author = {Lombardi, Marco J and Veredas, David},
	Date-Modified = {2019-09-26 06:08:15 +0000},
	Journal = {Computational Statistics \& Data Analysis},
	Number = {6},
	Pages = {2309--2324},
	Publisher = {Elsevier},
	Title = {Indirect estimation of elliptical stable distributions},
	Volume = {53},
	Year = {2009}}

@article{dominicy2017multivariate,
	Author = {Dominicy, Yves and Ilmonen, Pauliina and Veredas, David},
	Date-Modified = {2019-03-05 10:43:27 +0000},
	Journal = {International Statistical Review},
	Number = {1},
	Pages = {108--142},
	Publisher = {Wiley Online Library},
	Title = {Multivariate {H}ill estimators},
	Volume = {85},
	Year = {2017}}

@article{genton2005generalized,
	Author = {Genton, Marc G and Loperfido, Nicola MR},
	Journal = {Annals of the Institute of Statistical Mathematics},
	Number = {2},
	Pages = {389--401},
	Publisher = {Springer},
	Title = {Generalized skew-elliptical distributions and their quadratic forms},
	Volume = {57},
	Year = {2005}}

@article{azzalini1999statistical,
	Author = {Azzalini, Adelchi and Capitanio, Antonella},
	Journal = {Journal of the Royal Statistical Society: Series B (Statistical Methodology)},
	Number = {3},
	Pages = {579--602},
	Publisher = {Wiley Online Library},
	Title = {Statistical applications of the multivariate skew normal distribution},
	Volume = {61},
	Year = {1999}}

@article{branco2001general,
	Author = {Branco, M{\'a}rcia D and Dey, Dipak K},
	Journal = {Journal of Multivariate Analysis},
	Number = {1},
	Pages = {99--113},
	Publisher = {Elsevier},
	Title = {A general class of multivariate skew-elliptical distributions},
	Volume = {79},
	Year = {2001}}

@article{azzalini2003distributions,
	Author = {Azzalini, Adelchi and Capitanio, Antonella},
	Journal = {Journal of the Royal Statistical Society: Series B (Statistical Methodology)},
	Number = {2},
	Pages = {367--389},
	Publisher = {Wiley Online Library},
	Title = {Distributions generated by perturbation of symmetry with emphasis on a multivariate skew t-distribution},
	Volume = {65},
	Year = {2003}}

@article{wang2004skew,
	Author = {Wang, Jiuzhou and Boyer, Joseph and Genton, Marc G},
	Journal = {Statistica Sinica},
	Pages = {1259--1270},
	Publisher = {JSTOR},
	Title = {A skew-symmetric representation of multivariate distributions},
	Year = {2004}}

@book{genton2004skew1,
	Address = {Boca Raton, FL},
	Author = {Genton, Marc G},
	Date-Modified = {2019-09-26 06:15:09 +0000},
	Publisher = {CRC Press},
	Title = {Skew-elliptical distributions and their applications: a journey beyond normality},
	Year = {2004}}

@article{azzalini1985class,
	Author = {Azzalini, Adelchi},
	Date-Modified = {2019-03-05 10:40:36 +0000},
	Journal = {Scandinavian Journal of Statistics},
	Pages = {171--178},
	Publisher = {JSTOR},
	Title = {A class of distributions which includes the normal ones},
	Volume = {12},
	Year = {1985}}

@article{azzalini1996multivariate,
	Author = {Azzalini, Adelchi and {Dalla~Valle}, A},
	Date-Modified = {2019-09-26 09:14:37 +0000},
	Journal = {Biometrika},
	Number = {4},
	Pages = {715--726},
	Publisher = {Oxford University Press},
	Title = {The multivariate skew-normal distribution},
	Volume = {83},
	Year = {1996}}

@article{hallin2012skew,
	Author = {Hallin, Marc and Ley, Christophe},
	Journal = {Bernoulli},
	Number = {3},
	Pages = {747--763},
	Publisher = {Bernoulli Society for Mathematical Statistics and Probability},
	Title = {Skew-symmetric distributions and Fisher information--a tale of two densities},
	Volume = {18},
	Year = {2012}}

@article{hallin2014skew,
	Author = {Hallin, Marc and Ley, Christophe},
	Journal = {Bernoulli},
	Number = {3},
	Pages = {1432--1453},
	Publisher = {Bernoulli Society for Mathematical Statistics and Probability},
	Title = {Skew-symmetric distributions and Fisher information: the double sin of the skew-normal},
	Volume = {20},
	Year = {2014}}

@article{ley2010singularity,
	Author = {Ley, Christophe and Paindaveine, Davy},
	Journal = {Journal of Multivariate Analysis},
	Number = {6},
	Pages = {1434--1444},
	Publisher = {Elsevier},
	Title = {On the singularity of multivariate skew-symmetric models},
	Volume = {101},
	Year = {2010}}

@article{arellano2010multivariate,
	Author = {Arellano-Valle, Reinaldo B and Genton, Marc G},
	Journal = {Metron},
	Number = {3},
	Pages = {201--234},
	Publisher = {Springer},
	Title = {Multivariate extended skew-t distributions and related families},
	Volume = {68},
	Year = {2010}}

@article{tyler1987distribution,
	Author = {Tyler, David E},
	Date-Modified = {2019-03-05 10:55:35 +0000},
	Journal = {The Annals of Statistics},
	Pages = {234--251},
	Publisher = {JSTOR},
	Title = {A distribution-free {M}-estimator of multivariate scatter},
	Volume = {15},
	Year = {1987}}

@article{nolan2013multivariate,
	Author = {Nolan, John P},
	Journal = {Computational Statistics},
	Number = {5},
	Pages = {2067--2089},
	Publisher = {Springer},
	Title = {Multivariate elliptically contoured stable distributions: theory and estimation},
	Volume = {28},
	Year = {2013}}

@book{ley2017modern,
	Author = {Ley, Christophe and Verdebout, Thomas},
	Publisher = {Chapman and Hall/CRC},
	Title = {Modern directional statistics},
	Year = {2017}}

@article{arellano2018scale,
	Author = {Arellano-Valle, Reinaldo B and Ferreira, Cl{\'e}cio S and Genton, Marc G},
	Journal = {Journal of Multivariate Analysis},
	Pages = {98--110},
	Publisher = {Elsevier},
	Title = {Scale and shape mixtures of multivariate skew-normal distributions},
	Volume = {166},
	Year = {2018}}

@article{embrechts2013statistical,
	Author = {Embrechts, Paul and Hofert, Marius},
	Journal = {ASTIN Bulletin: The Journal of the IAA},
	Number = {2},
	Pages = {81--95},
	Publisher = {Cambridge University Press},
	Title = {Statistical inference for copulas in high dimensions: A simulation study},
	Volume = {43},
	Year = {2013}}

@article{oh2017modeling,
	Author = {Oh, Dong Hwan and Patton, Andrew J},
	Journal = {Journal of Business \& Economic Statistics},
	Number = {1},
	Pages = {139--154},
	Publisher = {Taylor \& Francis},
	Title = {Modeling dependence in high dimensions with factor copulas},
	Volume = {35},
	Year = {2017}}

@article{joe1996families,
	Author = {Joe, Harry},
	Journal = {Lecture Notes-Monograph Series},
	Pages = {120--141},
	Publisher = {JSTOR},
	Title = {Families of m-variate distributions with given margins and m (m-1)/2 bivariate dependence parameters},
	Year = {1996}}

@article{nelsen2006introduction,
	Author = {Nelsen, Roger B},
	Journal = {New York: SpringerScience Business Media},
	Title = {An introduction to copulas, 2nd},
	Year = {2006}}

@book{joe1997multivariate,
	Author = {Joe, Harry},
	Publisher = {CRC Press},
	Title = {Multivariate models and multivariate dependence concepts},
	Year = {1997}}

@article{fang2002meta,
	Author = {Fang, Hong-Bin and Fang, Kai-Tai and Kotz, Samuel},
	Journal = {Journal of Multivariate Analysis},
	Number = {1},
	Pages = {1--16},
	Publisher = {Elsevier},
	Title = {The meta-elliptical distributions with given marginals},
	Volume = {82},
	Year = {2002}}

@article{krzysztofowicz1996meta,
	Author = {Krzysztofowicz, Roman and Kelly, K},
	Journal = {Technical Document},
	Title = {A meta-gaussian distribution with specified marginals},
	Year = {1996}}

@article{forbes2014new,
	Author = {Forbes, Florence and Wraith, Darren},
	Journal = {Statistics and Computing},
	Number = {6},
	Pages = {971--984},
	Publisher = {Springer},
	Title = {A new family of multivariate heavy-tailed distributions with variable marginal amounts of tailweight: application to robust clustering},
	Volume = {24},
	Year = {2014}}

@article{wraith2015location,
	Author = {Wraith, Darren and Forbes, Florence},
	Journal = {Computational Statistics \& Data Analysis},
	Pages = {61--73},
	Publisher = {Elsevier},
	Title = {Location and scale mixtures of Gaussians with flexible tail behaviour: Properties, inference and application to multivariate clustering},
	Volume = {90},
	Year = {2015}}

@article{jones2009sinh,
	Author = {Jones, MC and Pewsey, Arthur},
	Journal = {Biometrika},
	Number = {4},
	Pages = {761--780},
	Publisher = {Oxford University Press},
	Title = {Sinh-arcsinh distributions},
	Volume = {96},
	Year = {2009}}

@article{field2006multivariate,
	Author = {Field, Christopher and Genton, Marc G},
	Journal = {Technometrics},
	Number = {1},
	Pages = {104--111},
	Publisher = {Taylor \& Francis},
	Title = {The multivariate g-and-h distribution},
	Volume = {48},
	Year = {2006}}

@article{chakraborty2001affine,
	Author = {Chakraborty, Biman},
	Journal = {Annals of the Institute of Statistical Mathematics},
	Number = {2},
	Pages = {380--403},
	Publisher = {Springer},
	Title = {On affine equivariant multivariate quantiles},
	Volume = {53},
	Year = {2001}}

@article{chaudhuri1996geometric,
	Author = {Chaudhuri, Probal},
	Journal = {Journal of the American Statistical Association},
	Number = {434},
	Pages = {862--872},
	Publisher = {Taylor \& Francis},
	Title = {On a geometric notion of quantiles for multivariate data},
	Volume = {91},
	Year = {1996}}

@article{hoaglin1985summarizing,
	Author = {Hoaglin, David C},
	Journal = {Exploring data tables, trends, and shapes},
	Pages = {461--513},
	Publisher = {Wiley Online Library},
	Title = {Summarizing shape numerically: The g-and-h distributions},
	Year = {1983}}

@article{ley2010multivariate,
	Author = {Ley, Christophe and Paindaveine, Davy},
	Journal = {Statistics \& probability letters},
	Number = {23-24},
	Pages = {1685--1694},
	Publisher = {Elsevier},
	Title = {Multivariate skewing mechanisms: a unified perspective based on the transformation approach},
	Volume = {80},
	Year = {2010}}

@article{frechet1951tableaux,
	Author = {Fr{\'e}chet, Maurice},
	Journal = {Ann. Univ. Lyon, 3\^{} e serie, Sciences, Sect. A},
	Pages = {53--77},
	Title = {Sur les tableaux de corr{\'e}lation dont les marges sont donn{\'e}es},
	Volume = {14},
	Year = {1951}}

@article{sklar1959fonctions,
	Author = {Sklar, M},
	Journal = {Publ. Inst. Statist. Univ. Paris},
	Pages = {229--231},
	Title = {Fonctions de repartition an dimensions et leurs marges},
	Volume = {8},
	Year = {1959}}

@inproceedings{tukey1977modern,
	Author = {Tukey, John W},
	Booktitle = {Proceedings of the NSF-Sponsored Regional Research Conference},
	Organization = {Southern Massachusetts University},
	Title = {Modern techniques in data analysis},
	Volume = {7},
	Year = {1977}}

@article{edgeworth1898representation,
	Author = {Edgeworth, Francis Ysidro},
	Journal = {Journal of the Royal Statistical Society},
	Pages = {670--700},
	Publisher = {JSTOR},
	Title = {On the Representation of Statistics by Mathematical Formul{\ae} (Part I.)},
	Year = {1898}}

@book{KJ10,
	Author = {Kurowicka, D. and Joe, H.},
	Publisher = {World Scientific: Singapore},
	Title = {Dependence {M}odeling: {V}ine {C}opula {H}andbook},
	Year = {2010}}

@article{ley2015flexible,
	Author = {Ley, Christophe},
	Journal = {Journal de la Soci\'et\'e Fran\c caise de Statistique},
	Pages = {76--96},
	Title = {Flexible modelling in statistics: past, present and future},
	Volume = {156},
	Year = {2015}}

@article{zhang2011efficient,
	Author = {Zhang, Ran and Czado, Claudia and Min, Aleksey},
	Journal = {Computational Statistics \& Data Analysis},
	Number = {3},
	Pages = {1196--1214},
	Publisher = {Elsevier},
	Title = {Efficient maximum likelihood estimation of copula based meta t-distributions},
	Volume = {55},
	Year = {2011}}

@book{Cameron+Trivedi:2013,
	Address = {Cambridge},
	Author = {A. Colin Cameron and Pravin K. Trivedi},
	Edition = {2nd},
	Publisher = {Cambridge University Press},
	Title = {Regression Analysis of Count Data},
	Year = {2013}}

@article{chamberlain1983characterization,
	Author = {Chamberlain, Gary},
	Journal = {Journal of Economic Theory},
	Number = {1},
	Pages = {185--201},
	Publisher = {Elsevier},
	Title = {A characterization of the distributions that imply mean---Variance utility functions},
	Volume = {29},
	Year = {1983}}

@book{Chambers+Hastie:1992,
	Address = {London},
	Editor = {John M. Chambers and Trevor J. Hastie},
	Publisher = {Chapman \& Hall},
	Title = {Statistical Models in \proglang{S}},
	Year = {1992}}

@manual{Jackman:2015,
	Author = {Simon Jackman},
	Note = {\proglang{R} package version 1.4.9},
	Title = {\pkg{pscl}: Classes and Methods for \proglang{R} Developed in the Political Science Computational Laboratory, Stanford University},
	Url = {https://CRAN.R-project.org/package=pscl},
	Year = {2015},
	Bdsk-Url-1 = {https://CRAN.R-project.org/package=pscl}}

@article{Mullahy:1986,
	Author = {John Mullahy},
	Doi = {10.1016/0304-4076(86)90002-3},
	Journal = {Journal of Econometrics},
	Number = {3},
	Pages = {341--365},
	Title = {Specification and Testing of Some Modified Count Data Models},
	Volume = {33},
	Year = {1986},
	Bdsk-Url-1 = {http://dx.doi.org/10.1016/0304-4076(86)90002-3}}

@book{McCullagh+Nelder:1989,
	Address = {London},
	Author = {Peter McCullagh and John A. Nelder},
	Doi = {10.1007/978-1-4899-3242-6},
	Edition = {2nd},
	Publisher = {Chapman \& Hall},
	Title = {Generalized Linear Models},
	Year = {1989},
	Bdsk-Url-1 = {http://dx.doi.org/10.1007/978-1-4899-3242-6}}

@manual{R,
	Address = {Vienna, Austria},
	Author = {{\proglang{R} Core Team}},
	Organization = {\proglang{R} Foundation for Statistical Computing},
	Title = {\proglang{R}: {A} Language and Environment for Statistical Computing},
	Url = {https://www.R-project.org/},
	Year = {2017},
	Bdsk-Url-1 = {https://www.R-project.org/}}

@article{Stasinopoulos+Rigby:2007,
	Author = {D. Mikis Stasinopoulos and Robert A. Rigby},
	Doi = {10.18637/jss.v023.i07},
	Journal = {Journal of Statistical Software},
	Number = {7},
	Pages = {1--46},
	Title = {Generalized Additive Models for Location Scale and Shape ({GAMLSS}) in \proglang{R}},
	Volume = {23},
	Year = {2007},
	Bdsk-Url-1 = {http://dx.doi.org/10.18637/jss.v023.i07}}

@book{Venables+Ripley:2002,
	Address = {New York},
	Author = {William N. Venables and Brian D. Ripley},
	Doi = {10.1007/978-0-387-21706-2},
	Edition = {4th},
	Pages = {495},
	Publisher = {Springer-Verlag},
	Title = {Modern Applied Statistics with \proglang{S}},
	Year = {2002},
	Bdsk-Url-1 = {http://dx.doi.org/10.1007/978-0-387-21706-2}}

@book{Wood:2006,
	Address = {Boca Raton},
	Author = {Simon N. Wood},
	Publisher = {Chapman \& Hall/CRC},
	Title = {Generalized Additive Models: An Introduction with \proglang{R}},
	Year = {2006}}

@article{Yee:2009,
	Author = {Thomas W. Yee},
	Doi = {10.18637/jss.v032.i10},
	Journal = {Journal of Statistical Software},
	Number = {10},
	Pages = {1--34},
	Title = {The \pkg{VGAM} Package for Categorical Data Analysis},
	Volume = {32},
	Year = {2010},
	Bdsk-Url-1 = {http://dx.doi.org/10.18637/jss.v032.i10}}

@article{Zeileis+Kleiber+Jackman:2008,
	Author = {Achim Zeileis and Christian Kleiber and Simon Jackman},
	Doi = {10.18637/jss.v027.i08},
	Journal = {Journal of Statistical Software},
	Number = {8},
	Pages = {1--25},
	Title = {Regression Models for Count Data in \proglang{R}},
	Volume = {27},
	Year = {2008},
	Bdsk-Url-1 = {http://dx.doi.org/10.18637/jss.v027.i08}}
