@Manual{R,
  title = {R: A Language and Environment for Statistical Computing},
  author = {{R Core Team}},
  organization = {R Foundation for Statistical Computing},
  address = {Vienna, Austria},
  year = {2016},
  note = {{ISBN} 3-900051-07-0},
  url = {https://www.R-project.org/},
}



% A
@article{austin2015moving,
  title={Moving towards best practice when using inverse probability of treatment weighting (IPTW) using the propensity score to estimate causal treatment effects in observational studies},
  author={Austin, Peter C and Stuart, Elizabeth A},
  journal={Statistics in Medicine},
  doi = {10.1002/sim.6607},
  volume={34},
  number={28},
  pages={3661--3679},
  year={2015},
  publisher={Wiley Online Library}
}


@book{agresti2003categorical,
  title={Categorical Data Analysis},
  author={Agresti, Alan},
  volume={482},
  year={2003},
  publisher={John Wiley \& Sons},
  doi = {10.1080/02664763.2013.854979}
}



%B

@article{battistin2011misclassified,
  title={{Misclassified treatment status and treatment effects: {A}n application to returns to education in the {U}nited {K}ingdom}},
  author={Battistin, Erich and Sianesi, Barbara},
  journal={Review of Economics and Statistics},
  volume={93},
  number={2},
  pages={495--509},
  year={2011},
  doi = {10.1162/REST_a_00175}
}

@misc{DVNEPCYUL2012,
author = {Battistin, Erich and Sianesi, Barbara},
publisher = {Harvard Dataverse},
title = {Replication data for: {M}isclassified treatment status and treatment effects: {A}n application to returns to education in the {U}nited {K}ingdom},
year = {2012},
version = {V1},
doi = {10.7910/DVN/EPCYUL},
url = {https://doi.org/10.7910/DVN/EPCYUL}
}

@article{bang2005doubly,
  title={Doubly robust estimation in missing data and causal inference models},
  author={Bang, Heejung and Robins, James M},
  journal={Biometrics},
  volume={61},
  number={4},
  pages={962--973},
  year={2005},
  publisher={Wiley Online Library},
  doi = {10.1111/j.1541-0420.2005.00377.x}
}


%C


@Manual{causalweight,
    title = {\pkg{causalweight}: Causal Inference Based on Inverse Probability Weighting, Doubly
Robust Estimation, and Double Machine Learning},
    author = {Hugo Bodory and Martin Huber},
    year = {2020},
    note = {R package version 0.2.1},
     url = {https://CRAN.R-project.org/package=causalweight}
}
  

@Manual{CBPS,
    title = {\pkg{CBPS}: Covariate Balancing Propensity Score},
    author = {Christian Fong and Marc Ratkovic and Kosuke Imai},
    year = {2019},
    note = {R package version 0.21},
    url = {https://CRAN.R-project.org/package=CBPS},
  }



%M 
 
 

@article{thomas2020overlap,
  title={Overlap weighting: {A} propensity score method that mimics attributes of a randomized clinical trial},
  author={Thomas, Laine E and Li, Fan and Pencina, Michael J},
  journal={Journal of the American Medical Association},
  number = {23},
  volume = {323},
pages = {2417--2418},
  year={2020},
  doi = {10.1001/jama.2020.7819}
}

@article{thomas2020using,
  title={Using propensity score methods to create target populations in observational clinical research},
  author={Thomas, Laine E and Li, Fan and Pencina, Michael J},
  journal={Journal of the American Medical Association},
  volume = {323},
  number = {5},
pages = {466--467},
  year={2020},
  doi = {10.1001/jama.2019.21558}
}


@Manual{gbmpkg,
    title = {\pkg{gbm}: Generalized Boosted Regression Models},
    author = {Brandon Greenwell and Bradley Boehmke and Jay Cunningham and GBM Developers},
    year = {2019},
    note = {R package version 2.1.5},
    url = {https://CRAN.R-project.org/package=gbm}
  }


%Multiple Treatment Bib File


% A
@Manual{ATE,
    title = {\pkg{ATE}: Inference for Average Treatment Effects using Covariate
Balancing},
    author = {Asad Haris and Gary Chan},
    year = {2015},
    note = {R package version 0.2.0},
     url = {https://CRAN.R-project.org/package=ATE}
  }
  
   


% B
@article{buuren2010mice,
  title={\pkg{mice}: Multivariate imputation by chained equations in {R}},
  author={Buuren, S van and Groothuis-Oudshoorn, Karin},
  journal={Journal of Statistical Software},
  pages={1--68},
  year={2010},
  publisher={University of California, Los Angeles},
  doi = {10.18637/jss.v045.i03}
}
 

@Manual{slpkg,
    title = {\pkg{SuperLearner}: Super Learner Prediction},
    author = {Eric Polley and Erin LeDell and Chris Kennedy and Mark {van der Laan}},
    year = {2019},
    note = {R package version 2.0-26},
    url = {https://CRAN.R-project.org/package=SuperLearner},
  }


@article{freund1997decision,
  title={A decision-theoretic generalization of on-line learning and an application to boosting},
  author={Freund, Yoav and Schapire, Robert E},
  journal={Journal of Computer and System Sciences},
  volume={55},
  number={1},
  pages={119--139},
  year={1997},
  doi = {10.1006/jcss.1997.1504},
  publisher={Elsevier}
}


 


% C
 
@article{Crump2009,
author = {Crump, Richard K. and Hotz, V. Joseph and Imbens, Guido W. and Mitnik, Oscar A.},
journal = {Biometrika},
number = {1},
pages = {187--199},
title = {{Dealing with limited overlap in estimation of average treatment effects}},
volume = {96},
year = {2009},
doi = {10.1093/biomet/asn055}
}
 
 
% F
@article{funk2011doubly,
  title={Doubly robust estimation of causal effects},
  author={Funk, Michele Jonsson and Westreich, Daniel and Wiesen, Chris and St{\"u}rmer, Til and Brookhart, M Alan and Davidian, Marie},
  journal={American Journal of Epidemiology},
  volume={173},
  number={7},
  pages={761--767},
  year={2011},
  publisher={Oxford University Press},
doi = {10.1093/aje/kwq439}
}
 

@article{Friedman2000,
author = {Friedman, Jerome and  Hastie, Trevor and Tibshirani, Robert},
journal = {The Annals of Statistics},
number = {2},
pages = {337--407},
title = {{Additive logistic regression: {A} statistical view of boosting}},
volume = {28},
year = {2000},
doi = {10.1214/aos/1016218223}
}

%G
@TechReport{Greifer,
  author={Greifer, N.},
  title={{Covariate balance tables and plots: A guide to the cobalt package}},
  Institution={Johns Hopkins University},
  year={2018}
}


% H

@ARTICLE{Hirano2001,
   author  = {Hirano, K and Imbens, G W},
   TITLE   = {Estimation of causal effects using propensity score weighting: {A}n application to data on right heart catheterization},
   YEAR    = {2001},
   JOURNAL = {Health Services and Outcomes Research Methodology},
   VOLUME = {2},
   PAGES   = {259-278},
doi = {10.1023/A:1020371312283}
}


@Manual{hrIPW,
    title = {\pkg{hrIPW}: Hazard Ratio Estimation using Cox Model Weighted by the
Estimated Propensity Score},
    author = {David Hajage},
    year = {2020},
    note = {R package version 0.1.3},
     url = {https://CRAN.R-project.org/package=hrIPW}
  }


@article{Hirano2003,
	author = {Hirano, K and Imbens, GW and Ridder, G},
	journal = {Econometrica},
	pages = {1161--1189},
	title = {Efficient Estimation of Average Treatment Effects Using the Estimated Propensity Score},
	volume = {71},
	year = {2003},
doi = {10.3386/t0251}
}

 
@article{Horvitz1952,
	author = {Horvitz, D. G. and Thompson, D. J.},
	journal = {Journal of the American Statistical Association},
	pages = {663--685},
	title = {{A Generalization of Sampling Without Replacement From a Finite Universe}},
	volume = {47},
	year = {1952},
doi = {10.2307/2280784}
}



 



% I


@article{Imbens2000,
author = {Imbens, Guido W.},
journal = {Biometrika},
number = {3},
pages = {706--710},
title = {{The role of the propensity score in estimating dose-response functions}},
volume = {87},
year = {2000},
doi = {10.1093/biomet/87.3.706}
}
 

@article{Imai2014,
author = {Kosuke Imai and Marc Ratkovic},
journal = {Journal of the Royal Statistical Society. Series B (Statistical Methodology)},
number = {1},
pages = {243--263},
title = {{Covariate balancing propensity score}},
volume = {76},
 year={2014},
 doi = {10.1111/rssb.12027}
}




% J

@article{hill2011bayesian,
  title={Bayesian nonparametric modeling for causal inference},
  author={Hill, Jennifer L},
  journal={Journal of Computational and Graphical Statistics},
  volume={20},
  number={1},
  pages={217--240},
  year={2011},
  publisher={Taylor \& Francis},
doi = {10.1198/jcgs.2010.08162}
}



 
 


% L
@incollection{lechner2001,
  title={Identification and estimation of causal effects of multiple treatments under the conditional independence assumption},
  author={Lechner, Michael},
  booktitle={Econometric Evaluation of Labour Market Policies},
  pages={43--58},
  year={2001},
  publisher={Springer},
  doi = {10.2139/ssrn.177089}
}



@article{LiGreene13,
	author  = {Li, Liang and Greene, Tom},
	title   = {A Weighting analogue to pair matching in propensity score analysis},
	year    = {2013},
	journal = {International Journal of Biostatistics},
	volume = {9},
	number  = {2},
	pages   = {1-20},
doi = {10.1515/ijb-2012-0030}
}



@article{lee2010improving,
  title={Improving propensity score weighting using machine learning},
  author={Lee, Brian K and Lessler, Justin and Stuart, Elizabeth A},
  journal={Statistics in Medicine},
  volume={29},
  number={3},
  pages={337--346},
  year={2010},
  publisher={Wiley Online Library},
doi = {10.1002/sim.3782}
}
@article{li2019propensity,
  title={Propensity score weighting for causal inference with multiple treatments},
  author={Li, Fan and F Li},
  journal={The Annals of Applied Statistics},
  volume={13},
  number={4},
  pages={2389--2415},
  year={2019},
  publisher={Institute of Mathematical Statistics},
doi = {10.1214/19-AOAS1282}
}

@article{LiMorganZaslavsky2018,
author = {Li, Fan and Morgan, Kari Lock and Zaslavsky, Alan M.},
journal = {Journal of the American Statistical Association},
number = {521},
pages = {390--400},
title = {{Balancing covariates via propensity score weighting}},
volume = {113},
year = {2018},
doi = {10.1080/01621459.2016.1260466}
}
@article{LiZaslavskyLandrum2013,
author = {Li, Fan and Zaslavsky, Alan M. and Landrum, Mary Beth},
journal = {Statistics in Medicine},
number = {19},
pages = {3373--3387},
title = {{Propensity Score Weighting with Multilevel Data}},
volume = {32},
year = {2013},
doi = {10.1002/sim.5786}
}
@article{LiThomasLi2018,
author = {Li, Fan and Thomas, Laine E. and Li, Fan},
journal = {American Journal of Epidemiology},
title = {{Addressing extreme propensity scores via the overlap weights}},
number = {188},
volume = {1},
pages = {250--257},
year = {2019},
doi = {10.1093/aje/kwy201}
}



@article{Lunceford2004,
author = {Lunceford, Jared K. and Davidian, Marie},
journal = {Statistics in Medicine},
number = {19},
pages = {2937--2960},
title = {{Stratification and weighting via the propensity score in estimation of causal treatment effects: {A} comparative study}},
volume = {23},
year = {2004},
doi = {10.1002/sim.1903}
}
 



% M

@article{McCaffrey2004,
author = {McCaffrey, Daniel F. and Ridgeway, G. and  Morral, A.},
journal = {Psychological Methods},
volume={9},
number={4},
pages = {403--425},
title = {{Propensity score estimation with boosted regression for evaluating causal effects in observational studies}},
year = {2004},
doi = {10.1037/1082-989X.9.4.403}
}

 

@article{McCaffrey2013,
author = {McCaffrey, Daniel F. and Griffin, Beth Ann and Almirall, Daniel and Slaughter, Mary Ellen and Ramchand, Rajeev and Burgette, Lane F.},
journal = {Statistics in Medicine},
number = {19},
pages = {3388--3414},
title = {{A tutorial on propensity score estimation for multiple treatments using generalized boosted models}},
volume = {32},
year = {2013},
doi = {10.1002/sim.5753}
}
@article{MercatantiLi2014,
	author = {Mercatanti, Andrea and Li, Fan},
	journal = {Annals of Applied Statistics},
	pages = {2405-2508},
	title = {{Do Debit Cards Increase Household Spending? Evidence From a Semiparametric Causal Analysis of a Survey}},
	volume = {8},
	year = {2014},
doi = {10.1214/14-AOAS784}
}


@article{Mao2018,
	author = {Mao, H. and Li, L. and Greene, T.},
	journal = {Statistical Methods in Medical Research},
	pages = {In press},
	title = {{Propensity score weighting analysis and treatment effect discovery}},
	doi = {10.1177/0962280218781171},
	year = {2018}
}



% N
@article{nurminen1995use,
  title={{To use or not to use the odds ratio in epidemiologic analyses?}},
  author={Nurminen, Markku},
  journal={European Journal of Epidemiology},
  volume={11},
  number={4},
  pages={365--371},
  year={1995},
  publisher={Springer},
doi = {10.1007/BF01721219}
}

% O

@Manual{optweight,
    title = {\pkg{optweight}: Targeted Stable Balancing Weights Using Optimization},
    author = {Noah Greifer},
    year = {2019},
    note = {R package version 0.2.5},
    url = {https://CRAN.R-project.org/package=optweight},
}

% P


@Manual{PSW,
    title = {\pkg{PSW}: Propensity Score Weighting Methods for Dichotomous Treatments},
    author = {Huzhang Mao and Liang Li},
    year = {2018},
    note = {R package version 1.1-3},
    url = {https://CRAN.R-project.org/package=PSW},
 }

 @Manual{PSweight,
    title = {\pkg{PSweight}: Propensity Score Weighting for Causal Inference},
    author = {Tianhui Zhou and Guangyu Tong and Fan Li},
    year = {2020},
    note = {R package version 1.1.4},
    url = {https://CRAN.R-project.org/package=PSweight},
  }




@article{robins2001comment,
  title={{Comment on the Bickel and Kwon Article,“{I}nference for Semiparametric Models: Some Questions and an Answer”}},
  author={Robins, James M and Rotnitzky, Andrea},
  journal={Statistica Sinica},
  volume={11},
  number={4},
  pages={920--936},
  year={2001},
doi = {}
}





@article{Robins2000,
	author = {Robins, J.M. and Hern\'{a}n, M.A. and Brumback, B},
	journal = {Epidemiology},	
	pages = {550--560},
	title = {{Marginal Structural Models and Causal Inference}},
	volume = {11},
	year = {2000},
	doi = {10.1093/ndt/gfw341}
}
 
 
  
@article{Rosenbaum1987,
author = {Rosenbaum, P.R.},
journal = {Journal of American Statistics},
number = {398},
pages = {387--394},
title = {{Model-based Direct Adjustment}},
volume = {82},
year = {1987},
doi = {10.2307/2289440
}
}

 



@article{Robins1994,
author = {Robins, J M and Rotnitzky, A and Zhao, L P},
journal = {Journal of the American Statistical Association},
number = {427},
pages = {846--866},
title = {{Estimation of regression-coefficients when some regressors are not always observed}},
volume = {89},
year = {1994},
doi = {10.2307/2290910}
}


@article{Rosenbaum1983,
author = {Rosenbaum, Paul R. and Rubin, Donald B.},
journal = {Biometrika},
number = {1},
pages = {41--55},
title = {{The central role of the propensity score in observational studies for causal effects}},
volume = {70},
year = {1983},
doi = {10.1093/biomet/70.1.41}
}

% S


@Manual{sbw,
    title = {\pkg{sbw}: Stable Balancing Weights for Causal Inference and Estimation
with Incomplete Outcome Data},
    author = {Jose R. Zubizarreta and Yige Li},
    year = {2020},
    note = {R package version 1.1.1},
     url = {https://CRAN.R-project.org/package=sbw}
  }

 

@article{shen2014inverse,
  title={{Inverse probability weighting for covariate adjustment in randomized studies}},
  author={Shen, Changyu and Li, Xiaochun and Li, Lingling},
  journal={Statistics in Medicine},
  volume={33},
  number={4},
  pages={555--568},
  year={2014},
  publisher={Wiley Online Library},
  doi = {10.1186/s12874-020-00947-7}
}

@article{Stefanski2002,
author = {Stefanski, L. A. and Boos, D. D},
journal = {American Statistician},
number = {1},
pages = {29--38},
title = {{The calculus of m-estimation}},
volume = {56},
year = {2002},
doi = {10.1198/000313002753631330}
}

% T
 

@Manual{twang,
    title = {\pkg{twang}: Toolkit for Weighting and Analysis of Nonequivalent Groups},
    author = {Greg Ridgeway and Dan McCaffrey and Andrew Morral and Beth Ann Griffin and Lane Burgette and Matthew Cefalu},
    year = {2020},
    note = {R package version 1.6},
    url = {https://CRAN.R-project.org/package=twang},
}

@article{tsiatis2008covariate,
  title={{Covariate adjustment for two-sample treatment comparisons in randomized clinical trials: {A} principled yet flexible approach}},
  author={Tsiatis, Anastasios A and Davidian, Marie and Zhang, Min and Lu, Xiaomin},
  journal={Statistics in Medicine},
  volume={27},
  number={23},
  pages={4658--4677},
  year={2008},
  publisher={Wiley Online Library},
doi = {10.1002/sim.3113}
}

% V
 
 


@article{van2007super,
  title={{Super Learner}},
  author={Van der Laan, Mark J and Polley, Eric C and Hubbard, Alan E},
  journal={Statistical Applications in Genetics and Molecular Biology},
  volume={6},
  number={1},
  year={2007},
  publisher={De Gruyter},
doi = {10.2202/1544-6115.1309}
}


% W 
@article{williamson2014variance,
  title={{Variance reduction in randomised trials by inverse probability weighting using the propensity score}},
  author={Williamson, Elizabeth J and Forbes, Andrew and White, Ian R},
  journal={Statistics in Medicine},
  volume={33},
  number={5},
  pages={721--737},
  year={2014},
  publisher={Wiley Online Library},
doi = {10.1002/sim.5991}
}

 @Manual{WeightIt,
    title = {\pkg{WeightIt}: Weighting for Covariate Balance in Observational Studies},
    author = {Noah Greifer},
    year = {2020},
    note = {R package version 0.10.2},
    url = {https://CRAN.R-project.org/package=WeightIt},
  }

@article{Yoshida2017,
author = {Yoshida, Kazuki and Hern{\'{a}}ndez-D{\'{i}}az, Sonia and Solomon, Daniel H. and Jackson, John W. and Gagne, Joshua J. and Glynn, Robert J. and Franklin, Jessica M.},
journal = {Epidemiology},
number = {3},
pages = {387--395},
title = {{Matching weights to simultaneously compare three treatment groups comparison to three-way matching}},
volume = {28},
year = {2017},
doi = {10.1097/EDE.0000000000000627}
}

@article{Yang2016,
author = {Yang, Shu and Imbens, Guido W. and Cui, Zhanglin and Faries, Douglas E. and Kadziola, Zbigniew},
journal = {Biometrics},
number = {4},
pages = {1055--1065},
title = {{Propensity score matching and subclassification in observational studies with multi-level treatments}},
volume = {72},
year = {2016},
doi = {10.1111/biom.12505}
}

 
@article{Yoshida2019,
author = {Yoshida, K. and Solomon, D.H. and Haneuse, S. and Kim, S.C. and Patorno, E. and Tedeschi, S.K. and Lyu, H. and Franklin, J.M.and Stürmer, T. and Hernández-Díaz, S. and Glynn, R.J.},
journal = {American Journal of Epidemiology},
pages = {609--616},
title = {{Multinomial extension of propensity Score trimming methods: {A} simulation study}},
volume = {183},
number = {3},
year = {2018},
doi = {10.1093/aje/kwy263}
}

@article{yang2020propensity,
  title={{Propensity score weighting for causal subgroup analysis}},
  author={Yang, Siyun and Lorenzi, Elizabeth and Papadogeorgou, Georgia and Wojdyla, Daniel M and Li, Fan and Thomas, Laine E},
  journal={Statistics in Medicine},
  year={2021},
}
% Z


@article{Zhou2020,
author = {Yunji Zhou and Roland A Matsouaka and Laine Thomas},
title ={{Propensity core weighting under limited overlap and model misspecification}},
journal = {Statistical Methods in Medical Research},
volume = {29},
number = {12},
pages = {3721-3756},
year = {2020},
doi = {10.1177/0962280220940334}
}



@article{zeng2020RCT,
author = {Zeng, S and Li, F and Wang, R and Li, F},
journal={Statistics in Medicine},
title = {{Propensity Score weighting for covariate adjustment in randomized clinical trials}},
year = {2020},
volume = {40},
number = {4},
pages = {842-858}
}

 