%% This BibTeX bibliography file was created using BibDesk.
%% http://bibdesk.sourceforge.net/


%% Created for Christoph Sax at 2013-08-20 12:34:52 +0200 


%% Saved with string encoding Unicode (UTF-8) 



@article{BarboneBodoVisco1981,
	Author = {Barbone, Luca and Bodo, Giorgio and Visco, Ignazio},
	Journal = {Bolletino della Banca d'Italia},
	Language = {italian},
	Pages = {467--510},
	Title = {Costi e profitti nell'industria in senso stretto: Un'analisi su serie trimestrali, 1970--1980},
	Year = {1981}}

@article{BootFeibesLisman1967,
	Author = {Boot, John C.G. and Feibes, Walter and Lisman, Johannes Hubertus Cornelius},
	Journal = {Journal of the Royal Statistical Society. Series C (Applied Statistics)},
	Language = {english},
	Number = {1},
	Pages = {65--75},
	Title = {Further Methods of Derivation of Quarterly Figures from Annual Data},
	Volume = {16},
	Year = {1967}}

@article{BournayLaroque1979,
	Author = {Bournay, Jacques and Laroque, Guy},
	Journal = {Annales de l'{INS\'{E}\'{E}}},
	Language = {french},
	Volume = {36},
	Pages = {3--30},
	Title = {R\'{e}flexions sur la m\'{e}thode d'\'{e}laboration des comptes trimestriels},
	Year = {1979}}

@article{Buse1973,
	Author = {Buse, Adolf},
	Journal = {The American Statistician},
	Language = {english},
	Number = {3},
	Pages = {106--108},
	Title = {Goodness of Fit in Generalized Least Squares Estimation},
	Volume = {27},
	Year = {1973}}

@article{ChowLin1971,
	Author = {Chow, Gregory C. and Lin, An-Loh},
	Journal = {The Review of Economics and Statistics},
	Language = {english},
	Month = nov,
	Number = {4},
	Pages = {372--375},
	Title = {Best Linear Unbiased Interpolation, Distribution, and Extrapolation of Time Series by Related Series},
	Volume = {53},
	Year = {1971}}

@article{CochraneOrcutt1949,
	Author = {Cochrane, Donald and Orcutt, Guy H.},
	Journal = {Journal of the American Statistical Association},
	Language = {english},
	Month = mar,
	Number = {245},
	Pages = {32--61},
	Title = {Application of Least Squares Regression to Relationships containing Autocorrelated Error Terms},
	Volume = {44},
	Year = {1949}}

@article{Denton1971,
	Author = {Denton, Frank T.},
	Journal = {Journal of the American Statistical Association},
	Language = {english},
	Month = mar,
	Pages = {99--102},
	Title = {Adjustment of Monthly or Quarterly Series to Annual Totals: An Approach Based on Quadratic Minimization},
	Volume = {66},
	Year = {1971}}

@article{Fernandez1981,
	Author = {Fern\'{a}ndez, Roque B.},
	Journal = {The Review of Economics and Statistics},
	Language = {english},
	Number = {3},
	Pages = {471--476},
	Title = {A Methodological Note on the Estimation of Time Series},
	Volume = {63},
	Year = {1981}}

@article{Litterman1983,
	Author = {Litterman, Robert B.},
	Journal = {Journal of Business \& Economic Statistics},
	Language = {english},
	Number = {2},
	Pages = {169--173},
	Title = {A Random Walk, {M}arkov Model for the Distribution of Time Series},
	Volume = {1},
	Year = {1983}}

@article{Paige1979,
	Author = {Paige, Christopher C},
	Journal = {SIAM Journal on Numerical Analysis},
	Number = {1},
	Pages = {165--171},
	Publisher = {SIAM},
	Title = {Fast Numerically Stable Computations for Generalized Linear Least Squares Problems},
	Volume = {16},
	Year = {1979}}

@book{DagumCholette2006,
	Address = {New York},
	Author = {Dagum, Estela Bee and Cholette, Pierre A.},
	Nr = {186},
	Publisher = {Springer-Verlag},
	Series = {Lecture Notes in Statistics},
	Title = {Benchmarking, Temporal Distribution, and Reconciliation Methods for Time Series},
	Year = {2006}}

@book{Greene1993,
	Address = {New York},
	Author = {Greene, William H.},
	Edition = {2},
	Isbn = {0023463910},
	Publisher = {Macmillan},
	Title = {Econometric Analysis},
	Year = {1993}}

@conference{DiFonzo1994,
	Address = {Paris},
	Author = {Di Fonzo, Tommaso},
	Booktitle = {Workshop on Quarterly National Accounts},
	Language = {english},
	Month = dec,
	Organization = {Eurostat},
	Pages = {63--77},
	Title = {Temporal disaggregation of a system of time series when the aggregate is known: Optimal vs.~adjustment methods},
	Year = {1994}}

@manual{Barcellan2003,
	Author = {Barcellan, R. and Di Fonzo, T. and Raffaele, D. and Staplehurst, V. and Buono, D.},
	Date-Modified = {2013-08-20 10:32:23 +0000},
	Note = {Version 1.01},
	Title = {Ecotrim: A Program for Temporal Disaggregation of Time Series},
	Url = {https://circabc.europa.eu/w/browse/c6049bc0-c633-4cab-9811-b476ffe08370},
	Year = {2003}
}

@manual{Quilis2009,
	Author = {Quilis, Enrique M.},
	Date-Modified = {2013-08-20 10:34:45 +0000},
	Language = {english},
	Url = {www.mathworks.com/matlabcentral/fileexchange/24438-},
	Title = {Temporal Disaggregation Library},
  Note = {Matlab library version May 08, 2012},
	Year = {2012}
}

@manual{Doan2010,
	Author = {Doan, Tom},
	Title = {Disaggregate: A General Procedure for Interpolation},
	Url = {www.estima.com/procs_perl/disaggregate.src},
  Note = {RATS library version Apr.~07, 2008},
	Year = {2008}
}

@manual{tempdisagg2013,
	Author = {Christoph Sax and Peter Steiner},
	Note = {R package version 0.22},
	Title = {tempdisagg: Methods for Temporal Disaggregation and Interpolation of Time Series},
	Url = {http://CRAN.R-project.org/package=tempdisagg},
	Year = {2013}
}

