@Misc{Amazon2012,
  Title =	 {{Amazon Mechanical Turk} Getting Started Guide},
  Author =	 {Amazon.com},
  Year =	 2012,
  Keywords =	 {MTurkR},
  Url =
                  {http://docs.amazonwebservices.com/AWSMechTurk/latest/AWSMechanicalTurkGettingStartedGuide/Welcome.html?r=4925}
}

@Article{BainbridgeIsolaOliva2013,
  Title =	 {The Instrinsic Memorability of Face Photographs},
  Author =	 {Bainbridge, Wilma A. and Isola, Phillip and Oliva,
                  Aude},
  Journal =	 {Journal of Experimental Psychology: General},
  Year =	 2013,
  Number =	 4,
  Pages =	 {1323--1334},
  Volume =	 142,
  Doi =		 {10.1037/a0033872},
}

@Unpublished{BerinskyHuberLenz2010,
  Title =	 {Using {Mechanical Turk} as a Subject Recruitment
                  Tool for Experimental Research},
  Author =	 {Berinsky, Adam J. and Huber, Gregory A. and Lenz,
                  Gabriel S.},
  Note =	 {Unpublished paper},
  Year =	 2010,
  Institution =	 {Massachusetts Institution of Technology},
}

@Article{BuhrmesterKwangGosling2011,
  Title =	 {{Amazon's Mechanical Turk}: A New Source of
                  Inexpensive, Yet High-Quality, Data?},
  Author =	 {Buhrmester, Michael and Kwang, Tracy and Gosling,
                  Samuel D.},
  Journal =	 {Perspectives on Psychological Science},
  Year =	 2011,
  Month =	 feb,
  Number =	 1,
  Pages =	 {3--5},
  Volume =	 6,
  Doi =		 {10.1177/1745691610393980},
}

@Unpublished{ChenMenezesBradley2011,
  Title =	 {Opportunities for Crowdsourcing Research on {Amazon
                  Mechanical Turk}},
  Author =	 {Chen, Jenny J. and Menezes, Natala J. and Bradley,
                  Adam D.},
  Note =	 {Unpublished paper},
  Year =	 2011,
  Institution =	 {Amazon.com},
}

@InProceedings{KitturChiSuh2008,
  Title =	 {Crowdsourcing User Studies with {Mechanical Turk}},
  Author =	 {Kittur, Aniket and Chi, Ed H. and Suh, Bongwon},
  Booktitle =	 {CHI 2008 -- Proceedings of the SIGCHI Conference on
                  Human Factors in Computing Systems},
  Year =	 2008,
  Address =	 {New York, New York, USA},
  Pages =	 453,
  Publisher =	 {ACM Press},
  Doi =		 {10.1145/1357054.1357127},
}

@Article{Leeper2013a,
  Title =	 {Crowdsourcing with {R} and the {MTurk} {API}},
  Author =	 {Leeper, Thomas J.},
  Journal =	 {The Political Methodologist},
  Year =	 2013,
  Number =	 2,
  Pages =	 {2--7},
  Volume =	 20,
}

@Manual{Leeper2012c,
  title =	 {{MTurkR}: R Client for the MTurk Requester API},
  Author =	 {Leeper, Thomas J.},
  year =	 {2016},
  note =	 {R package version 0.7.0},
  Url =		 {https://www.github.com/leeper/MTurkR}
}

@Manual{mturkrgui,
  title =	 {{MTurkRGUI}: A Graphical User Interface for
                  {MTurkR}},
  author =	 {Thomas J. Leeper},
  year =	 {2015},
  note =	 {R package version 0.1.5},
  url =		 {https://CRAN.R-project.org/package=MTurkRGUI},
}


@Article{MasonSuri2011,
  Title =	 {Conducting Behavioral Research on {Amazon's
                  Mechanical Turk}},
  Author =	 {Mason, Winter and Suri, Siddharth},
  Month =	 mar,
  year =	 2012,
  journal =	 {Behavior Research Methods},
  Doi =		 {10.3758/s13428-011-0124-6},
  volume =	 44,
  number =	 1,
  pages =	 {1--23},
}

@Manual{Ooms2015,
  title =	 {{curl}: A Modern and Flexible Web Client for {R}},
  author =	 {Jeroen Ooms},
  year =	 2016,
  note =	 {R package version 0.9.6},
  url =		 {https://CRAN.R-project.org/package=curl},
}

@Article{PaolacciChandlerStern2010,
  Title =	 {Running Experiments on {Amazon Mechanical Turk}},
  Author =	 {Paolacci, Gabriele and Chandler, Jesse and Stern,
                  Leonard N.},
  Journal =	 {Judgment and Decision Making},
  Year =	 2010,
  Number =	 5,
  Pages =	 {411--419},
  Volume =	 5,
}

@InProceedings{Schmidt2010,
  Title =	 {Crowdsourcing for Human Subjects Research},
  Author =	 {Schmidt, Lauren A},
  Booktitle =	 {CrowdConf 2010},
  Year =	 2010,
  Address =	 {San Francisco, CA},
}

@Manual{TempleLang2012b,
  Title =	 {{XML}: Tools for Parsing and Generating {XML} within
                  {R} and {S-Plus}},
  Author =	 {Temple Lang, Duncan},
  Year =	 2012,
  note =	 {R package version 3.9-4.1},
  Url =		 {http://CRAN.R-project.org/package=XML}
}

