@Manual{gender-pkg,
  title = {gender: Predict Gender from Names Using Historical Data},
  author = {Lincoln Mullen},
  year = {2016},
  note = {R package version 0.5.1},
  url = {https://github.com/ropensci/gender},
}
@article{blevins+mullen:15,
  title = {Jane, {J}ohn $\ldots$ {L}eslie? A Historical Method for Algorithmic Gender Prediction},
  author = {Cameron Blevins and Lincoln Mullen},
  journal = {Digital Humanities Quarterly},
  year = {2015},
  volume = {9},
  issue = {3},
  url = {http://www.digitalhumanities.org/dhq/vol/9/3/000223/000223.html}
}

@Manual{genderizeR-pkg,
  title = {genderizeR: Gender Prediction Based on First Names},
  author = {Kamil Wais},
  year = {2016},
  note = {R package version 2.0.0},
  url = {https://CRAN.R-project.org/package=genderizeR},
}

@article{RJ-2016-002,
  author = {Kamil Wais},
  title = {{Gender Prediction Methods Based on First Names with
          genderizeR}},
  year = {2016},
  journal = {{The R Journal}},
  url = {https://journal.r-project.org/archive/2016/RJ-2016-002/index.html},
  pages = {17--37},
  volume = {8},
  number = {1}
}

