@Manual{R.rsp,
  title = {R.rsp: Dynamic generation of scientific reports},
  author = {Henrik Bengtsson},
  year = {2012},
  note = {R package version 0.7.1},
  url = {http://CRAN.R-project.org/package=R.rsp},
}

@manual{brew,
	author = {Jeffrey Horner},
	note = {R package version 1.0-6},
	title = {brew: Templating framework for report generation},
	url = {http://CRAN.R-project.org/package=brew},
	year = {2011}}

@manual{Rook,
	author = {Jeffrey Horner},
	note = {R package version 1.0-3},
	title = {Rook: a web server interface for {R}},
	url = {http://CRAN.R-project.org/package=Rook},
	year = {2012}}

@electronic{rApache,
  author = {Jeffrey Horner},
	title = {{rApache}: Web application development with {R} and {Apache}},
	url = {http://www.rapache.net},
	year = {2012}}

@electronic{rfaq,
  author = {Kurt Hornik},
  note = {Version 2.13.2011-07-05, ISBN 3-900051-08-9},
	title = {{R FAQ}: Frequently asked questions on {R}},
  year = {2011},
	url = {http://cran.r-project.org/doc/FAQ/R-FAQ.html#R-Web-Interfaces}}

@Article{R2HTML,
  title = {The {R2HTML} Package},
  author = {Eric Lecoutre},
  journal = {R News},
  year = {2003},
  volume = {3},
  number = {3},
  pages = {33--36},
  month = {December},
  url = {http://cran.r-project.org/doc/Rnews/Rnews_2003-3.pdf},
}

@inproceedings{Sweave,
  author = {Friedrich Leisch},
  title = {Sweave: Dynamic Generation of Statistical Reports Using
  	  Literate Data Analysis},
  booktitle = {Compstat 2002 --- Proceedings in Computational
		  Statistics},
  pages = {575--580},
  year = 2002,
  editor = {Wolfgang H{\"a}rdle and Bernd R{\"o}nz},
  publisher = {Physica Verlag, Heidelberg},
  note = {ISBN 3-7908-1517-9},
  url = {http://www.stat.uni-muenchen.de/~leisch/Sweave}
}

@Manual{Rpad,
  title = {Rpad: Workbook-style, web-based interface to {R}},
  author = {Tom Short and Philippe Grosjean},
  year = {2007},
  note = {R package version 1.3.0},
  url = {http://www.rpad.org/Rpad},
}

@inproceedings{Rserve,
  author = {Simon Urbanek},
	title = {{Rserve}:  A fast way to provide {R} functionality to applications},
  address = {Vienna, Austria},
	editor = {Kurt Hornik and Friedrich Leisch and Achim Zeileis},
	note = {ISSN 1609-395X},
	month = {March 20-22},
	booktitle = {Proceedings of the 3rd International Workshop on Distributed Statistical Computing (DSC 2003)},
	url = {http://www.ci.tuwien.ac.at/Conferences/DSC-2003/},
	year = {2003}}
@book{sweave,
author = {F.~{Leisch}},
title = {{Sweave: Dynamic generation of statistical reports using literate data analysis}},
publisher = {In W.~H"ardle and B.~R"onz editors Compstat  ---Proceedings in Computational Statistics pages  Physica Verlag,Heidelberg   ~leisch/Sweave},
pages = {575--580},
year = {2002},
url = {http://www.stat.uni-muenchen.de/},
isbn = {3-7908-1517-9}
}
@book{RServe,
author = {S.~{Urbanek}},
title = {{Rserve: A fast way to provide R functionality to applications}},
publisher = {In K.~Hornik F.~Leisch and A.~Zeileis editors Proceedingsof the 3rd International Workshop on Distributed Statistical Computing (DSC) Vienna Austria March 20-22    ISSN 1609-395X},
year = {2003},
url = {http://www.ci.tuwien.ac.at/Conferences/DSC-2003/}
}

