@book{NOMAD,
author = {M.~{Abramson, C.~Audet, G.~Couture, J.~{Dennis Jr.}, and S.~{Le Digabel}}},
title = {{The NOMAD project, }},
year = {2011},
url = {http://www.gerad.ca/nomad}
}
@book{rgl,
author = {D.~{Adler and D.~Murdoch}},
title = {{rgl: 3D visualization device system (OpenGL), }},
publisher = {R package version 0.92.892},
year = {2012},
url = {http://CRAN.R-project.org/package=rgl}
}
@book{AITCHISON_AITKEN:1976,
author = {J.~{Aitchison and C.~G.~G. Aitken}},
title = {{Multivariate binary discrimination by the kernel method}},
publisher = {Biometrika 63 (3):},
pages = {413--420},
year = {1976}
}
@book{CRAVEN_WAHBA:1979,
author = {P.~{Craven and G.~Wahba}},
title = {{Smoothing noisy data with spline functions}},
publisher = {Numerische Mathematik 13:},
pages = {377--403},
year = {1979}
}
@book{gsl,
author = {M.~{Galassi, J.~Davies, J.~Theiler, B.~Gough, G.~Jungman, P.~Alken, M.~Booth, and F.~Rossi}},
title = {{GNU Scientific Library Reference Manual, third edition, January }},
publisher = {Version 1.12},
year = {2009},
url = {http://http://www.gnu.org/software/gsl/}
}
@book{gss,
author = {C.~{Gu}},
title = {{gss: General Smoothing Splines, }},
publisher = {R package version 2.0-9},
year = {2012},
url = {http://CRAN.R-project.org/package=gss}
}
@book{HALL_RACINE_LI:2004,
author = {P.~{Hall, J.~S. Racine, and Q.~Li}},
title = {{Cross-validation and the estimation of conditional probability densities}},
publisher = {Journal of the American Statistical Association 99(468):},
pages = {1015--1026},
year = {2004}
}
@book{HALL_LI_RACINE:2007,
author = {P.~{Hall, Q.~Li, and J.~S. Racine}},
title = {{Nonparametric estimation of regression functions in the presence of irrelevant regressors}},
publisher = {The Review of Economics and Statistics 89:},
pages = {784--789},
year = {2007}
}
@book{gam,
author = {T.~{Hastie}},
title = {{gam: Generalized Additive Models, }},
publisher = {R package version 1.06.2},
year = {2011},
url = {http://CRAN.R-project.org/package=gam}
}
@book{HURVICH_SIMONOFF_TSAI:1998,
author = {C.~M. {Hurvich, J.~S. Simonoff, and C.~L. Tsai}},
title = {{Smoothing parameter selection in nonparametric regression using an improved Akaike information criterion}},
publisher = {Journal of the Royal Statistical Society Series B,60:},
pages = {271--293},
year = {1998}
}
@book{LEDIGABEL:2011,
author = {S.~{{Le Digabel}}},
title = {{Algorithm 909: NOMAD: Nonlinear optimization with the MADS algorithm}},
publisher = {ACM Transactions on Mathematical Software 37(4): 44::15},
pages = {1--44},
year = {2011}
}
@book{MA_RACINE:2011,
author = {S.~{Ma and J.~S. Racine}},
title = {{Additive regression splines with irrelevant categorical and continuous regressors}},
publisher = {Statistica Sinica  In Press},
year = {2012}
}
@book{MA_RACINE_YANG:2012,
author = {S.~{Ma, J.~S. Racine, and L.~Yang}},
title = {{Spline regression in the presence of categorical predictors}},
publisher = {Journal of Multivariate Analysis  Revised and Resubmitted},
year = {2012}
}
@book{RACINE_LI:2004,
author = {J.~S. {Racine and Q.~Li}},
title = {{Nonparametric estimation of regression functions with both categorical and continuous data}},
publisher = {Journal of Econometrics 119 (1):},
pages = {99--130},
year = {2004}
}
@book{STONE:1974,
author = {C.~J. {Stone}},
title = {{Cross-validatory choice and assessment of statistical predictions (with discussion)}},
publisher = {Journal of the Royal Statistical Society 36:},
pages = {111--147},
year = {1974}
}
@book{STONE:1977,
author = {C.~J. {Stone}},
title = {{Consistent nonparametric regression}},
publisher = {Annals of Statistics 5:},
pages = {595--645},
year = {1977}
}
@book{ipopt,
author = {A.~{W\"{a}chter and L.~T. Biegler}},
title = {{On the implementation of an interior-point filter line-search algorithm for large-scale nonlinear programming}},
publisher = {Mathematical Programming 106 (1):},
pages = {25--57},
year = {2006},
url = {http://projects.coin-or.org/ipopt}
}
@book{WAHBA:1990,
author = {G.~{Wahba}},
title = {{Spline Models for Observational Data}},
publisher = {SIAM},
year = {1990}
}
@book{SemiPar,
author = {M.~{Wand}},
title = {{SemiPar: Semiparametic Regression, }},
publisher = {R package version 1.0-3},
year = {2010},
url = {http://CRAN.R-project.org/package=SemiPar}
}
@book{WOOD:2006,
author = {S.~{Wood}},
title = {{Generalized Additive Models: An Introduction with R}},
publisher = {Chapman and Hall/CRC},
year = {2006}
}
@book{ZHOU_WOLFE:2000,
author = {S.~{Zhou and D.~A. Wolfe}},
title = {{On derivative estimation in spline regression}},
publisher = {Statistica Sinica 10:},
pages = {93--108},
year = {2000}
}







