@article{breiman_random_2001,
	title = {Random Forests},
	volume = {45},
	issn = {0885-6125},
	doi = {10.1023/A:1010933404324},
	number = {1},
	journal = {Machine Learning},
	author = {Breiman, Leo},
	year = {2001},
	pages = {5--32}
}
@article{ishwaran_random_2008,
	title = {Random Survival Forests},
	volume = {2},
	issn = {1932-6157},
	doi = {10.1214/08-AOAS169},
	number = {3},
	journal = {The Annals of Applied Statistics},
	author = {Ishwaran, Hemant and Kogalur, Udaya B. and Blackstone, Eugene H. and Lauer, Michael S.},
	year = {2008},
	pages = {841--860}
}
@article{ishwaran_random_2014,
	title = {Random Survival Forests for Competing Risks},
	volume = {15},
	issn = {1468-4357, 1465-4644},
	doi = {10.1093/biostatistics/kxu010},
	number = {4},
	journal = {Biostatistics},
	author = {Ishwaran, Hemant and Gerds, Thomas A. and Kogalur, Udaya B. and Moore, Richard D. and Gange, Stephen J. and Lau, Bryan M.},
	year = {2014},
	pages = {757--773}
}
@manual{ishwaran_fast_2022,
	title = {Fast Unified Random Forests for Survival, Regression, and Classification ({RF-SRC})},
	author = {Ishwaran, H. and Kogalur, U. B.},
	year = {2022},
	note = {{R} package version 3.1.1},
	url = {https://cran.r-project.org/package=randomForestSRC}
}
@manual{R_2019,
	title = {{R}: A Language and Environment for Statistical Computing},
	author = {{R Core Team}},
	organization = {R Foundation for Statistical Computing},
	address = {Vienna, Austria},
	year = {2019},
	url = {https://www.R-project.org/}
}
@article{wright_ranger_2017,
	title = {{ranger}: A Fast Implementation of Random Forests for High Dimensional Data in {C++} and {R}},
	volume = {77},
	issn = {1548-7660},
	doi = {10.18637/jss.v077.i01},
	number = {1},
	journal = {Journal of Statistical Software},
	author = {Wright, Marvin N. and Ziegler, Andreas},
	year = {2017}
}
@inproceedings{chen_xgboost_2016,
	title = {{XGBoost}: A Scalable Tree Boosting System},
	author = {Chen, Tianqi and Guestrin, Carlos},
	doi = {10.1145/2939672.2939785},
	booktitle = {Proceedings of the 22nd {ACM} {SIGKDD} International Conference on Knowledge Discovery and Data Mining},
	pages = {785--794},
	year = {2016}
}
@article{devaux_random_2023,
	title = {Random Survival Forests with Multivariate Longitudinal Endogenous Covariates},
	author = {Devaux, Anthony and Helmer, Catherine and Genuer, Robin and Proust-Lima, C{\'e}cile},
	journal = {Statistical Methods in Medical Research},
	volume = {32},
	number = {12},
	pages = {2331--2346},
	doi = {10.1177/09622802231206477},
	year = {2023}
}
@article{shannon_mathematical_1948,
	title = {A Mathematical Theory of Communication},
	author = {Shannon, Claude Elwood},
	journal = {The Bell System Technical Journal},
	doi = {10.1002/j.1538-7305.1948.tb01338.x},
	volume = {27},
	number = {3},
	pages = {379--423},
	year = {1948}
}
@article{peto_asymptotically_1972,
	title = {Asymptotically Efficient Rank Invariant Test Procedures},
	author = {Peto, Richard and Peto, Julian},
	journal = {Journal of the Royal Statistical Society: Series A (General)},
	doi = {10.2307/2344317},
	volume = {135},
	number = {2},
	pages = {185--198},
	year = {1972}
}
@article{gray_class_1988,
	title = {A Class of \$K\$-Sample Tests for Comparing the Cumulative Incidence of a Competing Risk},
	volume = {16},
	issn = {0090-5364},
	number = {3},
	journal = {The Annals of Statistics},
	author = {Gray, Robert J.},
	year = {1988},
	pages = {1141--1154},
	url = {https://www.jstor.org/stable/2241622}
}
@article{nelson_hazard_1969,
	title = {Hazard Plotting for Incomplete Failure Data},
	volume = {1},
	issn = {0022-4065},
	doi = {10.1080/00224065.1969.11980344},
	number = {1},
	journal = {Journal of Quality Technology},
	author = {Nelson, Wayne},
	year = {1969},
	pages = {27--52}
}
@article{aalen_nonparametric_1976,
	title = {Nonparametric Inference in Connection with Multiple Decrement Models},
	volume = {3},
	issn = {0303-6898},
	number = {1},
	journal = {Scandinavian Journal of Statistics},
	author = {Aalen, Odd},
	year = {1976},
	pages = {15--27},
	url = {https://www.jstor.org/stable/4615603}
}
@article{aalen_empirical_1978,
	title = {An Empirical Transition Matrix for Non-Homogeneous Markov Chains Based on Censored Observations},
	volume = {5},
	issn = {0303-6898},
	number = {3},
	journal = {Scandinavian Journal of Statistics},
	author = {Aalen, Odd O. and Johansen, S{\o}ren},
	year = {1978},
	pages = {141--150},
	url = {https://www.jstor.org/stable/4615704}
}
@article{sene_individualized_2016,
	title = {Individualized Dynamic Prediction of Prostate Cancer Recurrence with and without the Initiation of a Second Treatment: Development and Validation},
	author = {S{\`e}ne, Mb{\'e}ry and Taylor, Jeremy M. G. and Dignam, James J. and Jacqmin-Gadda, H{\'e}l{\`e}ne and Proust-Lima, C{\'e}cile},
	journal = {Statistical Methods in Medical Research},
	volume = {25},
	number = {6},
	pages = {2972--2991},
	year = {2016},
	doi = {10.1177/0962280214535763}
}
@article{gregorutti_correlation_2017,
	title = {Correlation and Variable Importance in Random Forests},
	author = {Gregorutti, Baptiste and Michel, Bertrand and Saint-Pierre, Philippe},
	journal = {Statistics and Computing},
	volume = {27},
	number = {3},
	pages = {659--678},
	year = {2017},
	doi = {10.1007/s11222-016-9646-1}
}
@manual{devaux_dynforest_2024,
	title = {{DynForest}: Random Forest with Multivariate Longitudinal Predictors},
	author = {Devaux, Anthony},
	year = {2024},
	note = {{R} package version: 1.1.3},
	url = {https://CRAN.R-project.org/package=DynForest}
}
@article{proust_lima_estimation_2017,
	title = {Estimation of Extended Mixed Models Using Latent Classes and Latent Processes: The {R} Package {lcmm}},
	volume = {78},
	doi = {10.18637/jss.v078.i02},
	number = {2},
	journal = {Journal of Statistical Software},
	author = {Proust-Lima, C{\'e}cile and Philipps, Viviane and Liquet, Benoit},
	year = {2017},
	pages = {1--56}
}
@manual{therneau_2022_survival,
	title = {A Package for Survival Analysis in {R}},
	author = {Therneau, Terry M.},
	year = {2022},
	note = {{R} package version 3.4-0},
	url = {https://CRAN.R-project.org/package=survival}
}
@manual{gray_cmprsk_2020,
	title = {{cmprsk}: Subdistribution Analysis of Competing Risks},
	author = {Gray, Bob},
	year = {2020},
	note = {{R} package version 2.2-10},
	url = {https://CRAN.R-project.org/package=cmprsk}
}
@article{murtaugh_primary_1994,
	title = {Primary Biliary Cirrhosis: Prediction of Short-Term Survival Based on Repeated Patient Visits},
	volume = {20},
	issn = {0270-9139, 1527-3350},
	doi = {10.1002/hep.1840200120},
	number = {1},
	journal = {Hepatology},
	author = {Murtaugh, Paul A. and Dickson, E. Rolland and Van Dam, Gooitzen M. and Malinchoc, Michael and Grambsch, Patricia M. and Langworthy, Alice L. and Gips, Chris H.},
	year = {1994},
	pages = {126--134}
}
@article{gerds_consistent_2006,
	title = {Consistent Estimation of the Expected Brier Score in General Survival Models with Right-Censored Event Times},
	volume = {48},
	issn = {1521-4036},
	doi = {10.1002/bimj.200610301},
	number = {6},
	journal = {Biometrical Journal},
	author = {Gerds, Thomas A. and Schumacher, Martin},
	year = {2006},
	pages = {1029--1040}
}
@inproceedings{bernard_influence_2009,
	title = {Influence of Hyperparameters on Random Forest Accuracy},
	author = {Bernard, Simon and Heutte, Laurent and Adam, S{\'e}bastien},
	booktitle = {International Workshop on Multiple Classifier Systems},
	pages = {171--180},
	year = {2009},
	organization = {Springer},
	doi = {10.1007/978-3-642-02326-2_18}
}
@article{yao_functional_2005,
	title = {Functional Data Analysis for Sparse Longitudinal Data},
	volume = {100},
	issn = {0162-1459, 1537-274X},
	doi = {10.1198/016214504000001745},
	number = {470},
	journal = {Journal of the American Statistical Association},
	author = {Yao, Fang and M{\"u}ller, Hans-Georg and Wang, Jane-Ling},
	year = {2005},
	pages = {577--590}
}
@article{laird_random_effects_1982,
	title = {Random-Effects Models for Longitudinal Data},
	volume = {38},
	issn = {0006-341X},
	doi = {10.2307/2529876},
	number = {4},
	journal = {Biometrics},
	author = {Laird, Nan M. and Ware, James H.},
	year = {1982},
	pages = {963--974}
}
