@article{alexander2002comparison,
  title={A comparison of models for estimating the riverine export of nitrogen from large watersheds},
  author={Alexander, Richard B and Johnes, Penny J and Boyer, Elizabeth W and Smith, Richard A},
  journal={Biogeochemistry},
  volume={57},
  number={1},
  pages={295--339},
  year={2002},
  publisher={Springer},
  doi={10.1023/A:1015752801818},
  url={https://doi.org/10.1023/A:1015752801818}
}

@article{althoff2021goodness,
  title={Goodness-of-fit criteria for hydrological models: Model calibration and performance assessment},
  author={Althoff, Daniel and Rodrigues, Lineu Neiva},
  journal={Journal of Hydrology},
  volume={600},
  pages={126674},
  year={2021},
  publisher={Elsevier}, 
  doi={10.1016/j.jhydrol.2021.126674},
  url={https://www.sciencedirect.com/science/article/pii/S0022169421007228}
}

@article{arheimer2012climate,
  title={Climate change impact on riverine nutrient load and land-based remedial measures of the Baltic Sea Action Plan},
  author={Arheimer, Berit and Dahn{\'e}, Joel and Donnelly, Chantal},
  journal={Ambio},
  volume={41},
  number={6},
  pages={600--612},
  year={2012},
  publisher={Springer},
  doi = {10.1007/s13280-012-0323-0},
  url = {https://doi.org/10.1007/s13280-012-0323-0}
}

@article{bartosova2019future,
  title={Future socioeconomic conditions may have a larger impact than climate change on nutrient loads to the Baltic Sea},
  author={Bartosova, Alena and Capell, Ren{\'e} and Olesen, J{\o}rgen E and Jabloun, Mohamed and Refsgaard, Jens Christian and Donnelly, Chantal and Hyyti{\"a}inen, Kari and Pihlainen, Sampo and Zandersen, Marianne and Arheimer, Berit},
  journal={Ambio},
  volume={48},
  number={11},
  pages={1325--1336},
  year={2019},
  publisher={Springer},
  doi = {10.1007/s13280-019-01243-5},
  url = {https://doi.org/10.1007/s13280-019-01243-5}
}

@article{BEUSEN2022102426,
title = {Exploring river nitrogen and phosphorus loading and export to global coastal waters in the Shared Socio-economic pathways},
journal = {Global Environmental Change},
volume = {72},
pages = {102426},
year = {2022},
issn = {0959-3780},
doi = {https://doi.org/10.1016/j.gloenvcha.2021.102426},
url = {https://www.sciencedirect.com/science/article/pii/S0959378021002053},
author = {A.H.W. Beusen and J.C. Doelman and L.P.H. {Van Beek} and P.J.T.M. {Van Puijenbroek} and J.M. Mogollón and H.J.M. {Van Grinsven} and E. Stehfest and D.P. {Van Vuuren} and A.F. Bouwman},
keywords = {Agriculture, Freshwater, Nitrogen, Phosphorus, Sewage, Scenario},
abstract = {This global spatially explicit (0.5 by 0.5 degree) analysis presents the nitrogen (N) and phosphorus (P) inputs, processing and biogeochemical retention and delivery to surface waters and river export to coastal seas according to the five shared socioeconomic pathways (SSP). Four systems are considered: (i) human system; (ii) agriculture; (iii) aquaculture; (iv) nature. Exploring the changes during 1980–2015 and 2015–2050 according to the SSPs shows that the natural nutrient sources have been declining in the past decades and will continue to decline in all SSPs in future decades due to massive land transformations, while agriculture, human sewage and aquaculture are becoming increasingly dominant (globally up to 80% of nutrient delivery). More efforts than those employed in any of the SSPs are needed to slow down the global nutrient cycles. One of the drivers of the proliferation of harmful algal blooms is the tendency towards increasing N:P ratios in global freshwaters and export to the global coastal seas; this is the result of increasing N:P in inputs in food production, more efficient biogeochemical retention of P than of N in river basins, and groundwater N legacies, which seems to be most pronounced in a united world that strives after sustainability. The diverging strategies to achieve UN Sustainable Development Goals 14 (life below water), 2 (zero hunger) and 6 (clean water and sanitation) therefore require a balanced management system for both N and P in all systems, that accounts for future nutrient legacies.}
}


@misc{bivand2013applied,
  title={Applied spatial data analysis with R},
  author={Bivand Roger, S and Edzer, Pebesma and Virgilio, Gomez-Rubio},
  year={2013},
  publisher={New York, NY: Springer New York}
}

@article{bouraoui2011long,
  title={Long term change of nutrient concentrations of rivers discharging in European seas},
  author={Bouraoui, Fay{\c{c}}al and Grizzetti, Bruna},
  journal={Science of the Total Environment},
  volume={409},
  number={23},
  pages={4899--4916},
  year={2011},
  publisher={Elsevier},
  doi = {10.1016/j.scitotenv.2011.08.015},
  url = {https://www.sciencedirect.com/science/article/pii/S0048969711008394}
}

@article{bouraoui2014scenario,
  title={Scenario analysis for nutrient emission reduction in the European inland waters},
  author={Bouraoui, F and Thieu, V and Grizzetti, B and Britz, W and Bidoglio, G},
  journal={Environmental Research Letters},
  volume={9},
  number={12},
  pages={125007},
  year={2014},
  publisher={IOP Publishing},
  doi = {10.1088/1748-9326/9/12/125007},
  url = {https://doi.org/10.1088/1748-9326/9/12/125007}
}

@article{burigato2019applicability,
  title={Applicability of water quality models around the world-a review},
  author={Burigato Costa, C{\'a}ssia Monteiro da Silva and da Silva Marques, Leidiane and Almeida, Aleska Kaufmann and Leite, Izabel Rodrigues and de Almeida, Isabel Kaufmann},
  journal={Environmental Science and Pollution Research},
  volume={26},
  number={36},
  pages={36141--36162},
  year={2019},
  publisher={Springer},
  doi = {10.1007/s11356-019-06637-2},
  url = {https://doi.org/10.1007/s11356-019-06637-2}
}

@article{butler2014identifying,
  title={Identifying parametric controls and dependencies in integrated assessment models using global sensitivity analysis},
  author={Butler, Martha P and Reed, Patrick M and Fisher-Vanden, Karen and Keller, Klaus and Wagener, Thorsten},
  journal={Environmental modelling \& software},
  volume={59},
  pages={10--29},
  year={2014},
  publisher={Elsevier},
  doi = {10.1016/j.envsoft.2014.05.001},
  url = {https://www.sciencedirect.com/science/article/pii/S1364815214001327}
}

@Manual{carnell2012lhs,
  title = {lhs: Latin Hypercube Samples},
  author = {Rob Carnell},
  year = {2012},
  note = {R package version 0.10},
  url = {https://CRAN.R-project.org/package=lhs},
}

@article{criss2008nash,
  title={Do Nash values have value? Discussion and alternate proposals},
  author={Criss, Robert E and Winston, William E},
  journal={Hydrological Processes: An International Journal},
  volume={22},
  number={14},
  pages={2723--2725},
  year={2008},
  publisher={Citeseer},
  doi = {10.1002/hyp.7072},
  url = {https://doi.org/10.1002/hyp.7072}
}

@article{de2007rivers,
  title={Rivers and Catchments of Europe-Catchment Characterisation Model (CCM)},
  author={De Jager, A and Vogt, J},
  journal={European Commission, Joint Research Centre (JRC), Ispra, Italy},
  year={2007}
}

@article{doherty2006advanced,
  title={An advanced regularization methodology for use in watershed model calibration},
  author={Doherty, John and Skahill, Brian E},
  journal={Journal of Hydrology},
  volume={327},
  number={3-4},
  pages={564--577},
  year={2006},
  publisher={Elsevier},
  doi = {10.1016/j.jhydrol.2005.11.058},
  url = {https://www.sciencedirect.com/science/article/pii/S0022169405006542}
}

@misc{EEA_2019,
  author = {EEA},
  title = {{European Environment Agency (EEA)}},
  journal = {WISE Water Framework Directive Database},
  url = {https://www.eea.europa.eu/data-and-maps/data/wise-wfd-4},
  year = {2021},
  note = {Accessed: 2022-07-10}
}

@book{fitzpatrick1998revised,
  title={Revised methods for characterizing stream habitat in the National Water-Quality Assessment Program},
  author={Fitzpatrick, Faith A},
  volume={98},
  number={4052},
  year={1998},
  publisher={US Department of the Interior, US Geological Survey}
}

@book{frank1994data,
  title={The data analysis handbook},
  author={Frank, Ildiko E and Todeschini, Roberto},
  year={1994},
  publisher={Elsevier}
}

@article{fu2019review,
  title={A review of catchment-scale water quality and erosion models and a synthesis of future prospects},
  author={Fu, Baihua and Merritt, Wendy S and Croke, Barry FW and Weber, Tony R and Jakeman, Anthony J},
  journal={Environmental modelling \& software},
  volume={114},
  pages={75--97},
  year={2019},
  publisher={Elsevier},
  doi = {10.1016/j.envsoft.2018.12.008},
  url = {https://www.sciencedirect.com/science/article/pii/S1364815218307461}
}

@article{grizzetti2005statistical,
  title={A statistical method for source apportionment of riverine nitrogen loads},
  author={Grizzetti, B and Bouraoui, F and De Marsily, G and Bidoglio, G},
  journal={Journal of Hydrology},
  volume={304},
  number={1-4},
  pages={302--315},
  year={2005},
  publisher={Elsevier},
  doi = {10.1016/j.jhydrol.2004.07.036},
  url = {https://www.sciencedirect.com/science/article/pii/S0022169404005013}
}

@article{grizzetti2008assessing,
  title={Assessing nitrogen pressures on European surface water},
  author={Grizzetti, B and Bouraoui, F and De Marsily, G},
  journal={Global Biogeochemical Cycles},
  volume={22},
  number={4},
  year={2008},
  publisher={Wiley Online Library},
  doi = {10.1029/2007GB003085},
  url = {https://doi.org/10.1029/2007GB003085}
}

@article{grizzetti2012changes,
  title={Changes of nitrogen and phosphorus loads to European seas},
  author={Grizzetti, Bruna and Bouraoui, Fay{\c{c}}al and Aloe, Alberto},
  journal={Global Change Biology},
  volume={18},
  number={2},
  pages={769--782},
  year={2012},
  publisher={Wiley Online Library},
  doi = {10.1111/j.1365-2486.2011.02576.x},
  url = {https://doi.org/10.1111/j.1365-2486.2011.02576.x}
}

@article{grizzetti2021eu,
  title={How EU policies could reduce nutrient pollution in European inland and coastal waters},
  author={Grizzetti, Bruna and Vigiak, Olga and Udias, Angel and Aloe, Alberto and Zanni, Michela and Bouraoui, Faycal and Pistocchi, Alberto and Dorati, Chiara and Friedland, Rene and De Roo, Ad and others},
  journal={Global Environmental Change},
  volume={69},
  pages={102281},
  year={2021},
  doi = {10.1016/j.gloenvcha.2021.102281},
  url = {https://www.sciencedirect.com/science/article/pii/S0959378021000601},
  publisher={Elsevier}
}

@article{gupta1998toward,
  title={Toward improved calibration of hydrologic models: Multiple and noncommensurable measures of information},
  author={Gupta, Hoshin Vijai and Sorooshian, Soroosh and Yapo, Patrice Ogou},
  journal={Water Resources Research},
  volume={34},
  number={4},
  pages={751--763},
  year={1998},
  publisher={Wiley Online Library},
  doi = {10.1029/97WR03495},
  url = {https://doi.org/10.1029/97WR03495}
}

@article{gupta2009decomposition,
  title={Decomposition of the mean squared error and NSE performance criteria: Implications for improving hydrological modelling},
  author={Gupta, Hoshin V and Kling, Harald and Yilmaz, Koray K and Martinez, Guillermo F},
  journal={Journal of hydrology},
  volume={377},
  number={1-2},
  pages={80--91},
  year={2009},
  publisher={Elsevier},
  doi = {10.1016/j.jhydrol.2009.08.003},
  url = {https://www.sciencedirect.com/science/article/pii/S0022169409004843}
}

@techreport{helcom2003,
  title = {Fourth Baltic Sea Load Compilation (PLC-4)},
  author = {HELCOM, Helsinki Commission},
  journal = {Fourth Baltic Sea Load Compilation},
  number = {93},
  pages = {189},
  year = {2003}
}

@article{kitanidis1980real,
  title={Real-time forecasting with a conceptual hydrologic model: 2. Applications and results},
  author={Kitanidis, Peter K and Bras, Rafael L},
  journal={Water Resources Research},
  volume={16},
  number={6},
  pages={1034--1044},
  year={1980},
  publisher={Wiley Online Library},
  doi = {10.1029/WR016i006p01034},
  url = {https://doi.org/10.1029/WR016i006p01034}
}

@article{krause2005comparison,
  title={Comparison of different efficiency criteria for hydrological model assessment},
  author={Krause, Peter and Boyle, DP and B{\"a}se, Frank},
  journal={Advances in geosciences},
  volume={5},
  pages={89--97},
  year={2005},
  url = {https://adgeo.copernicus.org/articles/5/89/2005/},
  doi = {10.5194/adgeo-5-89-2005},
  publisher={Copernicus GmbH}
}

@article{kronvang2004nutrient,
  title={Nutrient retention handbook},
  author={Kronvang, Brian and Hezlar, Josef and Boers, Paul and Jensen, Jens P and Behrendt, Horst and Anderson, Tom and Arheimer, Berit and Venohr, Marcus and Hoffmann, Carl Christian and Nielsen, CB},
  journal={Software Manual for EUROHARP-NUTRET and Scientific review on nutrient retention. EUROHARP report},
  pages={9--2004},
  year={2004}
}

@article{kumarasamy2018calibration,
  title={Calibration parameter selection and watershed hydrology model evaluation in time and frequency domains},
  author={Kumarasamy, Karthik and Belmont, Patrick},
  journal={Water},
  volume={10},
  number={6},
  pages={710},
  year={2018},
  publisher={MDPI},
  doi = {10.3390/w10060710},
  url = {https://doi.org/10.3390/w10060710}
}

@article{la2017physical,
  title={Physical and monetary ecosystem service accounts for Europe: A case study for in-stream nitrogen retention},
  author={La Notte, Alessandra and Maes, Joachim and Dalmazzone, Silvana and Crossman, Neville D and Grizzetti, Bruna and Bidoglio, Giovanni},
  journal={Ecosystem services},
  volume={23},
  pages={18--29},
  year={2017},
  publisher={Elsevier},
  doi = {10.1016/j.ecoser.2016.11.002},
  url = {https://www.sciencedirect.com/science/article/pii/S2212041616304545}
}

@article{leip2015impacts,
  title={Impacts of European livestock production: nitrogen, sulphur, phosphorus and greenhouse gas emissions, land-use, water eutrophication and biodiversity},
  author={Leip, Adrian and Billen, Gilles and Garnier, Josette and Grizzetti, Bruna and Lassaletta, Luis and Reis, Stefan and Simpson, David and Sutton, Mark A and De Vries, Wim and Weiss, Franz and others},
  journal={Environmental Research Letters},
  volume={10},
  number={11},
  pages={115004},
  year={2015},
  publisher={IOP Publishing},
  doi = {10.1088/1748-9326/10/11/115004},
  url = {https://doi.org/10.1088/1748-9326/10/11/115004}
}

@article{ludwig2010water,
  title={Water and nutrient fluxes from major Mediterranean and Black Sea rivers: Past and future trends and their implications for the basin-scale budgets},
  author={Ludwig, W and Bouwman, AF and Dumont, E and Lespinas, F},
  journal={Global biogeochemical cycles},
  volume={24},
  number={4},
  year={2010},
  publisher={Wiley Online Library},
  doi = {10.1029/2009GB003594},
  url = {https://doi.org/10.1029/2009GB003594}
}

@article{madsen2003parameter,
  title={Parameter estimation in distributed hydrological catchment modelling using automatic calibration with multiple objectives},
  author={Madsen, Henrik},
  journal={Advances in water resources},
  volume={26},
  number={2},
  pages={205--216},
  year={2003},
  publisher={Elsevier},
  doi = {10.1016/S0309-1708(02)00092-1},
  url = {https://www.sciencedirect.com/science/article/pii/S0309170802000921}
}

@article{malago2019modelling,
  title={Modelling nutrient fluxes into the Mediterranean Sea},
  author={Malag{\'o}, Anna and Bouraoui, Fay{\c{c}}al and Grizzetti, Bruna and De Roo, Ad},
  journal={Journal of Hydrology: Regional Studies},
  volume={22},
  pages={100592},
  year={2019},
  publisher={Elsevier},
  doi = {10.1016/j.ejrh.2019.01.004},
  url = {https://www.sciencedirect.com/science/article/pii/S221458181830226X}
}

@article{manache2004sensitivity,
  title={Sensitivity analysis of a water-quality model using Latin hypercube sampling},
  author={Manache, Gemma and Melching, Charles S},
  journal={Journal of Water Resources Planning and Management},
  volume={130},
  number={3},
  pages={232--242},
  year={2004},
  publisher={American Society of Civil Engineers},
  doi = {10.1061/(ASCE)0733-9496(2004)130:3(232)},
  url = {https://doi.org/10.1061/(ASCE)0733-9496(2004)130:3(232)}
}

@article{mannina2018global,
  title={Global sensitivity analysis in wastewater treatment modelling},
  author={Mannina, G and Cosenza, A and Neumann, MB and Vanrolleghem, PA},
  journal={Advances in Wastewater Treatment},
  volume={1},
  pages={32},
  year={2018},
  publisher={IWA Publishing}
}

@article{mckay1979acomparisonof,
  title={A comparison of three methods for selecting values of input variables in the analysis of output from a computer code},
  author={McKay, MD and Beckman, RJ and Conover, WJ},
  journal={Technometrics},
  volume={21},
  number={2},
  pages={239--245},
  year={1979},
  doi = {10.2307/1268522},
  url = {https://doi.org/10.2307/1268522}
}

@article{melching2001uncertainty,
  title={Uncertainty in coupled nonpoint source and stream water-quality models},
  author={Melching, Charles S and Bauwens, Willy},
  journal={Journal of Water Resources Planning and Management},
  volume={127},
  number={6},
  pages={403--413},
  year={2001},
  publisher={American Society of Civil Engineers},
  doi = {10.1061/(ASCE)0733-9496(2001)127:6(403)},
  url = {https://doi.org/10.1061/(ASCE)0733-9496(2001)127:6(403)}
}

@article{messager2016estimating,
  title={Estimating the volume and age of water stored in global lakes using a geo-statistical approach},
  author={Messager, Mathis Lo{\"i}c and Lehner, Bernhard and Grill, G{\"u}nther and Nedeva, Irena and Schmitt, Oliver},
  journal={Nature communications},
  volume={7},
  number={1},
  pages={1--11},
  year={2016},
  publisher={Nature Publishing Group},
  doi = {10.1038/ncomms13603},
  url = {https://doi.org/10.1038/ncomms13603}
}

@article{nash1970river,
  title={River flow forecasting through conceptual models part I-A discussion of principles},
  author={Nash, J Eamonn and Sutcliffe, Jonh V},
  journal={Journal of hydrology},
  volume={10},
  number={3},
  pages={282--290},
  year={1970},
  publisher={Elsevier},
  doi = {10.1016/0022-1694(70)90255-6},
  url = {https://www.sciencedirect.com/science/article/pii/0022169470902556}
}

@article{norton2015introduction,
  title={An introduction to sensitivity assessment of simulation models},
  author={Norton, John},
  journal={Environmental Modelling \& Software},
  volume={69},
  pages={166--174},
  year={2015},
  publisher={Elsevier},
  doi = {10.1016/j.envsoft.2015.03.020},
  url = {https://www.sciencedirect.com/science/article/pii/S1364815215001085}
}

@article{papacharalampous2019comparison,
  title={Comparison of stochastic and machine learning methods for multi-step ahead forecasting of hydrological processes},
  author={Papacharalampous, Georgia and Tyralis, Hristos and Koutsoyiannis, Demetris},
  journal={Stochastic environmental research and risk assessment},
  volume={33},
  number={2},
  pages={481--514},
  year={2019},
  publisher={Springer},
  doi = {10.1007/s00477-018-1638-6},
  url = {https://doi.org/10.1007/s00477-018-1638-6}
}

@article{pebesma2005s,
  title={S classes and methods for spatial data: the sp package},
  author={Pebesma, Edzer and Bivand, Roger S},
  journal={R news},
  volume={5},
  number={2},
  pages={9--13},
  year={2005}
}

@article{pianosi2016sensitivity,
  title={Sensitivity analysis of environmental models: A systematic review with practical workflow},
  author={Pianosi, Francesca and Beven, Keith and Freer, Jim and Hall, Jim W and Rougier, Jonathan and Stephenson, David B and Wagener, Thorsten},
  journal={Environmental Modelling \& Software},
  volume={79},
  pages={214--232},
  year={2016},
  publisher={Elsevier},
  doi={10.1016/j.envsoft.2016.02.008},
  url={https://www.sciencedirect.com/science/article/pii/S1364815216300287}
}

@article{puy2022sensobol,
 title={sensobol: An R Package to Compute Variance-Based Sensitivity Indices},
 volume={102},
 url={https://www.jstatsoft.org/index.php/jss/article/view/v102i05},
 doi={10.18637/jss.v102.i05},
 number={5},
 journal={Journal of Statistical Software},
 author={Puy, Arnald and Lo Piano, Samuele and Saltelli, Andrea and Levin, Simon A.},
 year={2022},
 pages={1–37}
}

@article{refsgaard2004modelling,
  title={Modelling guidelines----terminology and guiding principles},
  author={Refsgaard, Jens Christian and Henriksen, Hans J{\o}rgen},
  journal={Advances in Water Resources},
  volume={27},
  number={1},
  pages={71--82},
  year={2004},
  publisher={Elsevier},
  doi={10.1016/j.advwatres.2003.08.006},
  url={https://www.sciencedirect.com/science/article/pii/S0309170803001489}
}

@article{saltelli2000sensitivity,
  title={Sensitivity analysis as an ingredient of modeling},
  author={Saltelli, Andrea and Tarantola, Stefano and Campolongo, Francesca},
  journal={Statistical Science},
  pages={377--395},
  year={2000},
  publisher={JSTOR},
  url = {http://www.jstor.org/stable/2676831}
}

@misc{saltelli2011,
  title={Sensitivity Analysis.},
  author={Saltelli, Andrea and Annoni, Paola and others},
  year={2011}
}

@article{schwarz2006sparrow,
  title={The SPARROW surface water-quality model: theory, application and user documentation},
  author={Schwarz, Gregory E and Hoos, Anne B and Alexander, RB and Smith, RA},
  year={2006}
}

@article{seitzinger2005sources,
  title={Sources and delivery of carbon, nitrogen, and phosphorus to the coastal zone: An overview of Global Nutrient Export from Watersheds ({NEWS}) models and their application},
  author={Seitzinger, SP and Harrison, JA and Dumont, Egon and Beusen, Arthur HW and Bouwman, AF},
  journal={Global biogeochemical cycles},
  volume={19},
  number={4},
  year={2005},
  publisher={Wiley Online Library},
  doi = {10.1029/2005GB002606},
  url = {https://doi.org/10.1029/2005GB002606}
}

@article{shreve1966statistical,
  title={Statistical law of stream numbers},
  author={Shreve, Ronald L},
  journal={The Journal of Geology},
  volume={74},
  number={1},
  pages={17--37},
  year={1966},
  publisher={University of Chicago Press},
  url = {http://www.jstor.org/stable/30075174}
}

@book{singh2002mathematical,
  title={Mathematical models of large watershed hydrology},
  author={Singh, Vijay P and Frevert, Donald K},
  year={2002},
  publisher={Water Resources Publication}
}

@article{smith1997regional,
  title={Regional interpretation of water-quality monitoring data},
  author={Smith, Richard A and Schwarz, Gregory E and Alexander, Richard B},
  journal={Water resources research},
  volume={33},
  number={12},
  pages={2781--2798},
  year={1997},
  publisher={Wiley Online Library}, 
  doi = {10.1029/97WR02171},
  url = {https://doi.org/10.1029/97WR02171}
}

@article{strahler1957quantitative,
  title={Quantitative analysis of watershed geomorphology},
  author={Strahler, Arthur N},
  journal={Eos, Transactions American Geophysical Union},
  volume={38},
  number={6},
  pages={913--920},
  year={1957},
  publisher={Wiley Online Library},
  doi = {10.1029/TR038i006p00913},
  url = {https://doi.org/10.1029/TR038i006p00913}
}

@article{team2019r,
  title={R: A language and environment for statistical computing},
  author={Team, R Core},
  year={2019},
  url={https://www.r-project.org/},
  publisher={Vienna, Austria}
}

@article{vigiak2020domestic,
  title={Domestic waste emissions to European waters in the 2010s},
  author={Vigiak, Olga and Grizzetti, Bruna and Zanni, Michela and Aloe, Alberto and Dorati, Chiara and Bouraoui, Fay{\c{c}}al and Pistocchi, Alberto},
  journal={Scientific Data},
  volume={7},
  number={1},
  pages={1--13},
  year={2020},
  publisher={Nature Publishing Group},
  doi = {10.1038/s41597-020-0367-0},
  url = {https://doi.org/10.1038/s41597-020-0367-0}
}

@article{vigiak2023recent,
  title={Recent regional changes in nutrient fluxes of European surface waters},
  author={Vigiak, Olga and Ud{\'{i}}as, Angel and Grizzetti, Bruna and Zanni, Michela and Aloe, Alberto and Weiss, Franz and Hristov, Jordan and Bisselink, Berny and de Roo, Ad and Pistocchi, Alberto},
  journal={Science of The Total Environment},
  volume={858},
  pages={160063},
  year={2023},
  publisher={Elsevier},
  url={https://data.jrc.ec.europa.eu/collection/wpi}
}

@misc{Waterbase,
  title = {{European Environment Agency (EEA). Waterbase - Water Quality ICM}},
  url = {https://www.eea.europa.eu/data-and-maps/data/waterbase-water-quality-icm-2},
  year = {2021},
  note = {Accessed: 2021-09-10}
}

@article{westerberg2011calibration,
  title={Calibration of hydrological models using flow-duration curves},
  author={Westerberg, IK and Guerrero, J-L and Younger, PM and Beven, KJ and Seibert, Jan and Halldin, Sven and Freer, JE and Xu, C-Y},
  journal={Hydrology and Earth System Sciences},
  volume={15},
  number={7},
  pages={2205--2227},
  year={2011},
  publisher={Copernicus GmbH},
  url = {https://doi.org/10.5194/hess-15-2205-2011},
  doi = {10.5194/hess-15-2205-2011}
}

@article{wohling2013evaluating,
  title={Evaluating multiple performance criteria to calibrate the distributed hydrological model of the upper Neckar catchment},
  author={W{\"o}hling, Thomas and Samaniego, Luis and Kumar, Rohini},
  journal={Environmental earth sciences},
  volume={69},
  number={2},
  pages={453--468},
  year={2013},
  publisher={Springer},
  doi={10.1007/s12665-013-2306-2},
  url={10.1007/s12665-013-2306-2}
}

@article{yapo1996automatic,
  title={Automatic calibration of conceptual rainfall-runoff models: sensitivity to calibration data},
  author={Yapo, Patrice O and Gupta, Hoshin Vijai and Sorooshian, Soroosh},
  journal={Journal of hydrology},
  volume={181},
  number={1-4},
  pages={23--48},
  year={1996},
  publisher={Elsevier},
  doi={10.1016/0022-1694(95)02918-4},
  url={https://www.sciencedirect.com/science/article/pii/0022169495029184}
}

@Manual{zambrano2014hydrogof,
  title = {hydroGOF: Goodness-of-fit functions for comparison of simulated and observed hydrological time series},
  author = {{Mauricio Zambrano-Bigiarini}},
  year = {2014},
  note = {R package version 0.3-8},
  url = {https://github.com/hzambran/hydroGOF},
  doi = {10.5281/zenodo.839854},
}