@Manual{R,
  title = {R: A Language and Environment for Statistical Computing},
  author = {{R Core Team}},
  organization = {R Foundation for Statistical Computing},
  address = {Vienna, Austria},
  year = {2016},
  note = {{ISBN} 3-900051-07-0},
  url = {https://www.R-project.org/},
}

@Manual{PAsso,
    title = {PAsso: Assessing the Partial Association Between Ordinal Variables},
    author = {Xiaorui Zhu and Shaobo Li and Yuejie Chen and Dungang Liu},
    year = {2021},
    note = {R package version 0.1.10},
    url = {https://CRAN.R-project.org/package=PAsso},
  }

@Manual{copbasic,
    title = {copBasic---General Bivariate Copula Theory and Many Utility Functions},
    author = {W.H. Asquith},
    year = {2020},
    note = {R package version 2.1.5},
  }

@Manual{rms,
    title = {rms: Regression Modeling Strategies},
    author = {Frank E {Harrell Jr}},
    year = {2019},
    note = {R package version 5.1-4},
    url = {https://CRAN.R-project.org/package=rms},
  }

@Manual{pcaPP,
    title = {pcaPP: Robust PCA by Projection Pursuit},
    author = {Peter Filzmoser and Heinrich Fritz and Klaudius Kalcher},
    year = {2018},
    note = {R package version 1.9-73},
    url = {https://CRAN.R-project.org/package=pcaPP},
  }

@Misc{ordinal,
    title = {ordinal---Regression Models for Ordinal Data },
    author = {R. H. B. Christensen},
    year = {2019},
    note = {R package version 2019.12-10. https://CRAN.R-project.org/package=ordinal},
  }

@Manual{GGally,
    title = {GGally: Extension to 'ggplot2'},
    author = {Barret Schloerke and Jason Crowley and Di Cook and Francois Briatte and Moritz Marbach and Edwin Thoen and Amos Elberg and Joseph Larmarange},
    year = {2020},
    note = {R package version 1.5.0},
    url = {https://CRAN.R-project.org/package=GGally},
  }

@Book{plotly,
    author = {Carson Sievert},
    title = {Interactive Web-Based Data Visualization with R, plotly, and shiny},
    publisher = {Chapman and Hall/CRC},
    year = {2020},
    isbn = {9781138331457},
    url = {https://plotly-r.com},
  }

@article{ihaka:1996,
  Author = {Ihaka, Ross and Gentleman, Robert},
	Journal = {Journal of Computational and Graphical Statistics},
	Number = 3,
	Pages = {299--314},
	Title = {R: A Language for Data Analysis and Graphics},
	Volume = 5,
	Year = 1996,
        url = {https://doi.org/10.1080/10618600.1996.10474713}
}

@book{agresti2010analysis,
	title={Analysis of Ordinal Categorical Data},
	author={Agresti, Alan},
	year={2010},
	edition   = 2,
	publisher={John Wiley \& Sons: Hoboken, New Jersey}
}

@article{anderson1984regression,
  title={Regression and ordered categorical variables},
  author={Anderson, John A},
  journal={Journal of the Royal Statistical Society: Series B (Methodological)},
  volume={46},
  number={1},
  pages={1--22},
  year={1984},
  publisher={Wiley Online Library}
}

@article{debell2010analyze,
  title={How to analyze ANES survey data},
  author={DeBell, Matthew},
  journal={Am. Nat'l Election Stud.(May 2010), http://electionstudies. org/resources/papers/neso12492. pdf [http://perma. ee/Y4VG-X47F]},
  year={2010},
  publisher={Citeseer}
}


@incollection{efron1992bootstrap,
  title={Bootstrap methods: another look at the jackknife},
  author={Efron, Bradley},
  booktitle={Breakthroughs in statistics},
  pages={569--593},
  year={1992},
  publisher={Springer}
}


@book{franses2001quantitative,
  title={Quantitative Models in Marketing Research},
  author={Franses, Philip Hans and Paap, Richard},
  year={2001},
  publisher={Cambridge University Press: Cambridge, UK}
}

@article{greenwell2018residuals,
  title={Residuals and diagnostics for binary and ordinal regression models: An introduction to the sure package},
  author={Greenwell, Brandon M and McCarthy, Andrew J and Boehmke, Bradley C and Liu, Dungang},
  journal={The R Journal},
  volume={10},
  number={1},
  pages={381--394},
  year={2018}
}

@article{kendall1938new,
  title={A new measure of rank correlation},
  author={Kendall, Maurice G},
  journal={Biometrika},
  volume={30},
  number={1/2},
  pages={81--93},
  year={1938},
  publisher={JSTOR}
}

@article{li2012new,
  title={A new residual for ordinal outcomes},
  author={Li, C. and Shepherd, B.E.},
  journal={Biometrika},
  volume={99},
  number={2},
  pages={473--480},
  year={2012},
  publisher={Biometrika Trust}
}

@article{liu2020jasa,
	title={Assessing partial association between ordinal variables: quantification, visualization, and hypothesis testing},
	author={Liu, Dungang and Li, Shaobo and Yu, Yan and Moustaki, Irini},
	journal={Journal of the American Statistical Association},
	volume = {116},
	number = {534},
	pages = {955-968},
	year  = {2021},
	publisher = {Taylor & Francis},
	doi = {10.1080/01621459.2020.1796394}
}

@article{liu2018residuals,
	title={Residuals and diagnostics for ordinal regression models: A surrogate approach},
	author={Liu, Dungang and Zhang, Heping},
	journal={Journal of the American Statistical Association},
	volume={113},
	number={522},
	pages={845--854},
	year={2018},
	publisher={Taylor \& Francis}
}

@article{mccullagh1980regression,
  title={Regression models for ordinal data (with discussion)},
  author={McCullagh, Peter},
  journal={Journal of the Royal Statistical Society. Series B (Methodological)},
  pages={109--142},
  volume={42},
  year={1980},
  publisher={JSTOR}
}

@article{pearson1922polychoric,
  title={On polychoric coefficients of correlation},
  author={Pearson, Karl and Pearson, Egon S},
  journal={Biometrika},
  pages={127--156},
  volume={14},
  year={1922},
  publisher={JSTOR}
}

@article{schweizer1981nonparametric,
	title={On nonparametric measures of dependence for random variables},
	author={Schweizer, Berthold and Wolff, Edward F},
	journal={The Annals of Statistics},
	volume={9},
	number={4},
	pages={879--885},
	year={1981},
	publisher={JSTOR}
}

@article{sklar1959fonctions,
  title={Fonctions de r\'{e}partition \`{a} n dimensions et leurs marges},
  author={Sklar, A},
  journal={Publ. Inst. Statist. Univ. Paris},
  volume={8},
  pages={229--231},
  year={1959}
}

@article{tallis1962maximum,
  title={The maximum likelihood estimation of correlation from contingency tables},
  author={Tallis, GM},
  journal={Biometrics},
  volume={18},
  number={3},
  pages={342--353},
  year={1962},
  publisher={JSTOR}
}

@Book{venables2002,
    title = {Modern Applied Statistics with S},
    author = {W. N. Venables and B. D. Ripley},
    publisher = {Springer},
    edition = {Fourth},
    address = {New York},
    year = {2002},
    note = {ISBN 0-387-95457-0},
    url = {https://www.stats.ox.ac.uk/pub/MASS4/}
  }

@book{wickham2016ggplot2,
  title={ggplot2: elegant graphics for data analysis},
  author={Wickham, Hadley},
  year={2016},
  publisher={Springer}
}

@article{yee2010vgam,
  title={The VGAM package for categorical data analysis},
  author={Yee, Thomas W and others},
  journal={Journal of Statistical Software},
  volume={32},
  number={10},
  pages={1--34},
  year={2010},
  publisher={Citeseer}
}
