@Manual{altunkaynak:2019,
  title = {{npordtests}: An R Package for Nonparametric Tests for Equality of Location Against Ordered Alternatives},
  author = {Altunkaynak, B. and Gamgam, H.},
  note = {R package version 1.2},
  year = {2019},
  url ={https://CRAN.R-project.org/package=npordtests}
}

@article{Bradley:1978,
   author = {Bradley, J. V.},
   title = {Robustness?},
   journal = {British Journal of Mathematical and Statistical Psychology},
   volume = 31,
   pages = {144-152},
   url = {https://doi.org/10.1111/j.2044-8317.1978.tb00581.x},
   year = 1978
}

@article{Bredella:2006,
	author = {Bredella, Miriam A. and Steinbach, Lynne S. and Morgan, Stephanie and Ward, Michael and Davis, John C.},
	title = {MRI of the Sacroiliac Joints in Patients with Moderate to Severe Ankylosing Spondylitis},
	journal = {American Journal of Roentgenology},
	volume = 187,
	number = 6,
	pages = {1420-1426},
	url = {https://doi.org/10.2214/AJR.05.1423},
	year = 2006
}

@article{Beier:1997,
   author = {Beier, F. and Buning, H.},
   title = {An Adaptive Test Against Ordered Alternatives},
   journal = {Computational Statistics and Data Analysis},
   volume = 25,
   number = 4,
   pages = {441-452},
   url = {https://doi.org/10.1016/S0167-9473(97)00014-5},
   year = 1997
}

@article{Buning:1996,
   author = {Buning, H. and Kossler, W.},
   title = {Robustness and Efficiency of Some Tests for Ordered Alternatives in the c-sample Location Problem},
   journal = {Journal of Statistical Computation and Simulation},
   volume = 55,
   number = 4,
   pages = {337-352},
   url = {https://doi.org/10.1080/00949659608811774},
   year = 1996
}

@article{Buning:1999,
   author = {Buning, H. and Kossler, W.},
   title = {The Asymptotic Power of {Jonckheere-type} Tests for Ordered Alternatives},
   journal = {Australian \&  New Zealand Journal of Statistics},
   volume = 41,
   number = 1,
   pages = {67-77},
   url = {https://doi.org/10.1111/1467-842x.00062},
   year = 1999
}

@article{Chacko:1963,
   author = {Chacko, V. J.},
   title = {Testing Homogeneity Against Ordered Alternatives},
   journal = {Ann. Math. Statist.},
   volume = 34,
   number = 3,
   pages = {945-956},
   year = 1963
}

@article{Chang:2011,
   author = {Chang, C. H. and Yen, C. H.},
   title = {A Nonparametric Test for the Ordered Alternative based on Fast Discrete Fourier Transform Coefficient},
   journal = {Journal of Testing and Evaluation},
   volume = 39,
   number = 6,
   pages = {1131-1143},
   url = {https://doi.org/10.1520/Jte103464},
   year = 2011
}

@article{Chang:2013,
   author = {Chang, C. H. and Chin, C. C. and Yu, W. W. and Huang, Y. Y.},
   title = {Using the {Bernoulli} Trial Approaches for Detecting Ordered Alternatives},
   journal = {Bmc Medical Research Methodology},
   volume = 13,
   pages = {1-8},
   url = {https://doi.org/10.1186/1471-2288-13-148},
   year = 2013
}

@article{Cheng:2005,
	author = {Cheng, Qing and Yang, WenJian and Raimondi, Susana C. and Pui, Ching-Hon and Relling, Mary V. and Evans, William E.},
	title = {Karyotypic Abnormalities Create Discordance of Germline Genotype and Cancer Cell Phenotypes},
	journal = {Nature Genetics},
	volume = 37,
	number = 8,
	pages = {878-882},
	url = {https://doi.org/10.1038/ng1612},
	year = 2005
}

@article{Cuzick:1985,
author = {Cuzick, Jack},
title = {A {Wilcoxon-Type} Test for Trend},
journal = {Statistics in Medicine},
year = 1985,
volume = 4,
number = 1,
pages = {87-90},
url = {https://doi.org/10.1002/sim.4780040112}
}

@Book{Desu:2004,
	author = {Desu, M. and Raghavarao, D.},
	title = {Nonparametric Statistical Methods for Complete and Censored Data},
	edition = {1st},
	year = {2004}, 
	publisher = {Chapman and Hall/CRC},
	address   = {New York}
}

@Book{Dmitrienko:2006,
	author = {Dmitrienko, A. and Chuang-Stein, C. and D’Agostino, R.},
	title = {Pharmaceutical Statistics using {SAS®}: A practical guide ({SAS Press})},
	edition = {1st},
	year = {2006}, 
	publisher = {SAS Institute},
	address   = {NC},
	isbn      = {159047886X}
}

@article{Ferdhiana:2008,
   author = {Ferdhiana, R. and Terpstra, J. and Magel, R. C.},
   title = {A Nonparametric Test for the Ordered Alternative based on {Kendall's Correlation Coefficient}},
   journal = {Communications in Statistics-Simulation and Computation},
   volume = 37,
   number = 6,
   pages = {1117-1128},
   url = {https://doi.org/10.1080/03610910801894870},
   year = 2008
}

@article{Gastwirth:1965,
   author = {Gastwirth, Joseph L.},
   title = {Asymptotically Most Powerful Rank Tests for the Two-Sample Problem with Censored Data},
   journal = {Ann. Math. Statist.},
   volume = 36,
   number = 4,
   pages = {1243-1247},
   url = {https://doi.org/10.1214/aoms/1177699995},
   year = 1965
}

@article{Gaur:2014,
   author = {Gaur, A.},
   title = {A New Class of Distribution-free Tests for Testing Ordered Location Parameters Based on Sub-samples},
   journal = {Statistics and Probability Letters},
   volume = 90,
   number = 1,
   pages = {53-59},
   url = {https://doi.org/10.1016/j.spl.2014.03.011},
   year = 2014
}

@article{Gaur:2017,
   author = {Gaur, A.},
   title = {A Class of k-sample Distribution-free Tests for Location Against Ordered Alternatives},
   journal = {Communications in Statistics-Theory and Methods},
   volume = 46,
   number = 5,
   pages = {2343-2353},
   url = {https://doi.org/10.1080/03610926.2015.1041986},
   year = 2017
}

@incollection{Govindarajulu:1971,
author = {Govindarajulu, Z and Haller, H. S.},
title ={c-sample Tests of Homogeneity Against Ordered Alternatives},
editor = {Jagdish S. Rustagi},
booktitle = {Optimizing Methods in Statistics},
publisher = {Academic Press},
pages = {479},
year = {1971},
isbn = {978-0-12-604550-5},
url = {https://doi.org/10.1016/B978-0-12-604550-5.50030-4}
}

@article{Hettmansperger:1987,
   author = {Hettmansperger, Thomas P. and Norton, Robert M.},
   title = {Tests for Patterned Alternatives in k-Sample Problems},
   journal = {Journal of the American Statistical Association},
   volume = 82,
   number = 397,
   pages = {292-299},
   url = {https://doi.org/10.2307/2289166},
   year = 1987
}

@article{Hoffmeyer:2000,
	author = {Hoffmeyer, S. and Burk, O. and von Richter, O. and Arnold, H. P. and Brockmöller, J. and Johne, A. and Cascorbi, I. and Gerloff, T. and Roots, I. and Eichelbaum, M. and Brinkmann, U.},
	title = {Functional Polymorphisms of the Human Multidrug Resistance Gene: Multiple Sequence Variations and Correlation of One Allele with P Glycoprotein Expression and Activity in Vivo},
	journal = {Proceedings of the National Academy of Sciences of the United States of America},
	volume = 97,
	number = 7,
	pages = {3473-3478},
	url = {https://doi.org/10.1073/pnas.050585397},
	year = 2000
}


@article{Hogg:1975,
   author = {Hogg, Robert V. and Fisher, Doris M. and Randles, Ronald H.},
   title = {A Two-Sample Adaptive Distribution-Free Test},
   journal = {Journal of the American Statistical Association},
   volume = 70,
   number = 351,
   pages = {656-661},
   url = {https://doi.org/10.2307/2285950},
   year = 1975
}

@book{HoggBook,
	author = {Hogg, Robert V. McKean, Joseph W. and Craig, Allen T.},
	title = {Introduction to Mathematical Statistics},
	edition   = {7},
	year = {2013}, 
	publisher = {Pearson},
	address   = {Boston},
	isbn      = {9780321795434}
}

@article{Jonckheere:1954,
   author = {Jonckheere, A. R.},
   title = {A Distribution-Free k-Sample Test Against Ordered Alternatives},
   journal = {Biometrika},
   volume = 41,
   number = 1,
   pages = {133-145},
   url = {https://doi.org/10.2307/2333011},
   year = 1954
}

@article{Kawaguchi:2012,
	author = {Kawaguchi, Takahisa and Sumida, Yoshio and Umemura, Atsushi and Matsuo, Keitaro and Takahashi, Meiko and Takamura, Toshinari and Yasui, Kohichiroh and Saibara, Toshiji and Hashimoto, Etsuko and Kawanaka, Miwa and Watanabe, Sumio and Kawata, Sumio and Imai, Yasuharu and Kokubo, Miki and Shima, Toshihide and Park, Hyohun and Tanaka, Hideo and Tajima, Kazuo and Yamada, Ryo and Matsuda, Fumihiko and Okanoue, Takeshi and Japan Study Group of Nonalcoholic Fatty Liver, Disease},
	title = {Genetic Polymorphisms of the Human {PNPLA3} Gene are Strongly Associated with Severity of Non-alcoholic Fatty Liver Disease in {Japanese}},
	journal = {PloS one},
	volume = 7,
	number = 6,
	pages = {e38322-e38322},
	url = {https://doi.org/10.1371/journal.pone.0038322},
	year = 2012
}

@article{Le:1988,
author = {Le, C.T.},
title = {A New Rank Test against Ordered-Alternatives in K-Sample Problems},
journal = {Biometrical Journal},
year = {1988},
volume = 30,
number = 1,
pages = {87-92},
url = {https://doi.org/10.1002/bimj.4710300116}
}

@Book{Lehmann:1975,
	author = {Lehmann, E.L.},
	title = {Nonparametrics: Statistical Methods based on Ranks},
    edition = {1st},
	year = {1975}, 
	publisher = {Holden-Day},
	address   = {San Francisco},
    isbn      = {9780387352121}
}

@Manual{Lin:2017a,
  title = {{jtGWAS}: Efficient Jonckheere-Terpstra Test Statistics},
  author = {Lin, J. and Sibley, A. and Shterev, I. and Owzar, K.},
  note = {R package version 1.5.1},
  year = {2017},
  url ={https://CRAN.R-project.org/package=jtGWAS}
}

@Manual{Lin:2017b,
  title = {{fastJT}: Efficient Jonckheere-Terpstra Test Statistics for Robust Machine Learning and Genome-Wide Association Studies},
  author = {Lin, J. and Sibley, A. and Shterev, I. and Owzar, K.},
  note = {R package version 1.0.4},
  year = {2017},
  url ={https://CRAN.R-project.org/package=fastJT}
}


@article{Neuhauser:1998,
   author = {Neuhäuser, Markus and Liu, Ping-Yu and Hothorn, Ludwig A.},
   title = {Nonparametric Tests for Trend: {Jonckheere's Test}, a Modification and a Maximum Test},
   journal = {Biometrical Journal},
   volume = 40,
   number = 8,
   pages = {899-909},
   url = {https://doi.org/10.1002/(SICI)1521-4036(199812)40:8<899::AID-BIMJ899>3.0.CO;2-9},
   year = 1998
}

@article{Odeh:1971,
   author = {Odeh, Robert E.},
   title = {On {Jonckheere}'s k-Sample Test Against Ordered Alternatives},
   journal = {Technometrics},
   volume = 13,
   number = 4,
   pages = {912-918},
   url = {https://doi.org/10.1080/00401706.1971.10488867},
   year = 1971
}

@article{Ong:2003,
	author = {Ong, Janus P. and Aggarwal, Anjana and Krieger, Derk and Easley, Kirk A. and Karafa, Matthew T. and Van Lente, Frederick and Arroliga, Alejandro C. and Mullen, Kevin D.},
	title = {Correlation Between Ammonia Levels and the Severity of Hepatic Encephalopathy},
	journal = {The American Journal of Medicine},
	volume = 114,
	number = 3,
	pages = {188-193},
	url = {https://doi.org/10.1016/S0002-9343(02)01477-8},
	year = 2003
}

@article{Pedersen:2008,
	author = {Pedersen, Jan Fog and Madsen, Lone Galmstrup and Larsen, Vibeke Andrée and Hamberg, Ole and Horn, Thomas and Federspiel, Birgitte and Bytzer, Peter},
	title = {A Doppler Waveform Index to Characterize Hepatic Vein Velocity Pattern and Evaluate Hepatic Fibrosis},
	journal = {Journal of Clinical Ultrasound},
	volume = 36,
	number = 4,
	pages = {208-211},
	url = {https://doi.org/10.1002/jcu.20446},
	year = 2008
}

@Manual{Pohlert:2018,
  title = {{PMCMRplus}: Calculate Pairwise Multiple Comparisons of Mean Rank Sums Extended},
  author = {Pohlert, T.},
  note = {R package version 1.4.1},
  year = {2018},
  url ={https://CRAN.R-project.org/package=PMCMRplus}
}

@article{Puri:1965,
   author = {Puri, Madan L.},
   title = {Some Distribution-free K-sample Rank Tests of Homogeneity Against Ordered Alternatives},
   journal = {Communications on Pure and Applied Mathematics},
   volume = 18,
   number = 1,
   pages = {51-63},
   url = {https://doi.org/10.1002/cpa.3160180108},
   year = 1965
}

@Manual{Scholz:2018,
  title = {{kSamples}: K-Sample Rank Tests and Their Combinations},
  author = {Scholz,F. and  Zhu, A.},
  note = {R package version 1.2-8},
  year = {2018},
  url ={https://CRAN.R-project.org/package=kSamples}
}


@article{Shan:2014,
   author = {Shan, G. G. and Young, D. and Kang, L.},
   title = {A New Powerful Nonparametric Rank Test for Ordered Alternative Problem},
   journal = {Plos One},
   volume = 9,
   number = 11,
   pages = {1-10},
   url = {https://doi.org/10.1371/journal.pone.0112924},
   year = 2014
}

@Manual{Swintek:2018,
  title = {{StatCharrms}: Statistical Analysis of Chemistry, Histopathology, and Reproduction Endpoints Including Repeated Measures and Multi-Generation Studies},
  author = {Swintek, J. and Flynn, K. and Haselman, J.},
  note = {R package version 0.90.91},
  year = {2018},
  url ={https://CRAN.R-project.org/package=StatCharrms}
}

@article{Tan:2014,
	author = {Tan, Hwa-Li and Zain, Shamsul Mohd and Mohamed, Rosmawati and Rampal, Sanjay and Chin, Kin-Fah and Basu, Roma Choudhury and Cheah, Phaik-Leng and Mahadeva, Sanjiv and Mohamed, Zahurin},
	title = {Association of Glucokinase Regulatory Gene Polymorphisms with Risk and Severity of Non-alcoholic Fatty Liver Disease: An Interaction Study with Adiponutrin Gene},
	journal = {Journal of Gastroenterology},
	volume = 49,
	number = 6,
	pages = {1056-1064},
	url = {https://doi.org/10.1007/s00535-013-0850-x},
	year = 2014
}

@article{Terpstra:1952,
   author = {Terpstra, J. T.},
   title = {The Asymptotic Normality and Consistency of {Kendall}'s Test Against trend, when Ties are Present in One Ranking},
   journal = {Indagationes Mathematicae},
   volume = 14,
   number = 3,
   pages = {327-333},
   year = 1952
}

@article{Terpstra:2003,
   author = {Terpstra, J. T. and Magel, R. C.},
   title = {A New Nonparametric Test for the Ordered Alternative Problem},
   journal = {Journal of Nonparametric Statistics},
   volume = 15,
   number = 3,
   pages = {289-301},
   url = {https://doi.org/10.1080/1048525031000078349},
   year = 2003
}

@article{Terpstra:2011,
   author = {Terpstra, J. T. and Chang, C. H. and Magel, R. C.},
   title = {On the Use of {Spearman's Correlation Coefficient} for Testing Ordered Alternatives},
   journal = {Journal of Statistical Computation and Simulation},
   volume = 81,
   number = 11,
   pages = {1381-1392},
   url = {https://doi.org/10.1080/00949655.2010.485316},
   year = 2011
}

@article{Tryon:1973,
   author = {Tryon, P.V. and Hettmansperger, T.P.},
   title = {A Class of Nonparametric Tests for Homogeneity Against Ordered Alternatives},
   journal = {Annals of Statistics},
   volume = 1,
   pages = {1061-1070},
   year = 1973
}

@article{Uchiyama:2012,
	author = {Uchiyama, Toshitaka and Kanno, Hitoshi and Ishitani, Ken and Fujii, Hisaichi and Ohta, Hiroaki and Matsui, Hideo and Kamatani, Naoyuki and Saito, Kayoko},
	title = {An SNP in {CYP39A1} is Associated with Severe Neutropenia Induced by Docetaxel},
	journal = {Cancer Chemotherapy and Pharmacology},
	volume = 69,
	number = 6,
	pages = {1617-1624},
	url = {https://doi.org/10.1007/s00280-012-1872-4},
	year = 2012
}


@Manual{Venkatraman:2018,
  title = {clinfun: Clinical Trial Design and Data Analysis Functions},
  author = {Venkatraman, E.S.},
  note = {R package version 1.0.15},
  year = {2018},
  url ={https://CRAN.R-project.org/package=clinfun}
}

@article{Yorifuji:2018,
	author = {Yorifuji, Kennosuke and Uemura, Yuko and Horibata, Shinji and Tsuji, Goh and Suzuki, Yoko and Miyagawa, Kazuya and Nakayama, Kazuhiko and Hirata, Ken-ichi and Kumagai, Shunichi and Emoto, Noriaki},
	title = {{CHST3} and {CHST13} Polymorphisms as Predictors of Bosentan-induced Liver Toxicity in {Japanese} Patients with Pulmonary Arterial Hypertension},
	journal = {Pharmacological Research},
	volume = 135,
	pages = {259-264},
	url = {https://doi.org/10.1016/j.phrs.2018.08.011},
	year = 2018
}