@article{mosley2023sparsedfm,
  title={{sparseDFM: An R package to estimate dynamic factor models with sparse loadings}},
  author={Mosley, Luke and Chan, Tak-Shing and Gibberd, Alex},
  journal={arXiv preprint arXiv:2303.14125},
  year={2023},
  url={https://doi.org/10.48550/arXiv.2303.14125}
}

@article{forni2005generalized,
  title={The generalized dynamic factor model: one-sided estimation and forecasting},
  author={Forni, Mario and Hallin, Marc and Lippi, Marco and Reichlin, Lucrezia},
  journal={Journal of the American statistical association},
  volume={100},
  number={471},
  pages={830--840},
  year={2005},
  publisher={Taylor \& Francis},
  url={https://doi.org/10.1198/016214504000002050}
}

@article{javanmard2014confidence,
  title={Confidence intervals and hypothesis testing for high-dimensional regression},
  author={Javanmard, Adel and Montanari, Andrea},
  journal={The Journal of Machine Learning Research},
  volume={15},
  number={1},
  pages={2869--2909},
  year={2014},
  publisher={JMLR. org},
  url={}
}

@article{barigozzi2023inferential,
  title={Inferential theory for generalized dynamic factor models},
  author={Barigozzi, Matteo and Hallin, Marc and Luciani, Matteo and Zaffaroni, Paolo},
  journal={Journal of Econometrics (in press)},
  year={2023},
  publisher={Elsevier},
  url={https://doi.org/10.1016/j.jeconom.2023.02.003}
}

@article{wang2021rate,
  title={Rate-Optimal Robust Estimation of High-Dimensional Vector Autoregressive Models},
  author={Wang, Di and Tsay, Ruey S},
  journal={arXiv preprint arXiv:2107.11002},
  year={2021},
  url={https://doi.org/10.48550/arXiv.2107.11002}
}

@article{barigozzi2020generalized,
  title={Generalized dynamic factor models and volatilities: Consistency, rates, and prediction intervals},
  author={Barigozzi, Matteo and Hallin, Marc},
  journal={Journal of Econometrics},
  volume={216},
  number={1},
  pages={4--34},
  year={2020},
  publisher={Elsevier},
  url={https://doi.org/10.1016/j.jeconom.2020.01.003}
}

@article{sakia1992box,
  title={The Box-Cox transformation technique: a review},
  author={Sakia, Remi M},
  journal={Journal of the Royal Statistical Society: Series D (The Statistician)},
  volume={41},
  number={2},
  pages={169--178},
  year={1992},
  publisher={Wiley Online Library},
  url={https://doi.org/10.2307/2348250}
}
@article{petris2010r,
  title={An R package for dynamic linear models},
  author={Petris, Giovanni},
  journal={Journal of statistical software},
  volume={36},
  pages={1--16},
  year={2010},
  url={https://doi.org/10.18637/jss.v036.i12}
}
@article{bernanke2005measuring,
  title={Measuring the effects of monetary policy: a factor-augmented vector autoregressive (FAVAR) approach},
  author={Bernanke, Ben S and Boivin, Jean and Eliasz, Piotr},
  journal={The Quarterly journal of economics},
  volume={120},
  number={1},
  pages={387--422},
  year={2005},
  publisher={MIT Press},
  url={https://doi.org/10.1162/0033553053327452}
}
@Manual{dfms,
  title = {dfms: Dynamic Factor Models},
  author = {Sebastian Krantz and Rytis Bagdziunas},
  year = {2023},
  note = {R package version 0.2.1},
  url = {https://sebkrantz.github.io/dfms/},
}
@article{bose2020farmtest,
  title={Farmtest: An r package for factor-adjusted robust multiple testing},
  author={Bose, Koushiki and Fan, Jianqing and Ke, Yuan and Pan, Xiaoou and Zhou, Wen-Xin},
  journal={The R Journal},
  volume={12},
  number={2},
  pages={372--372},
  year={2020},
  url={}
}
@article{bergmeir2018note,
  title={A note on the validity of cross-validation for evaluating autoregressive time series prediction},
  author={Bergmeir, Christoph and Hyndman, Rob J and Koo, Bonsoo},
  journal={Computational Statistics \& Data Analysis},
  volume={120},
  pages={70--83},
  year={2018},
  publisher={Elsevier},
  url={}
}
@article{knight2020generalized,
  title={Generalized Network Autoregressive Processes and the GNAR Package},
  author={Knight, Marina and Leeming, Kathryn and Nason, Guy and Nunes, Matthew},
  journal={Journal of Statistical Software},
  volume={96},
  pages={1--36},
  year={2020},
  url={}
}
@article{peng2009partial,
  title={Partial correlation estimation by joint sparse regression models},
  author={Peng, Jie and Wang, Pei and Zhou, Nengfeng and Zhu, Ji},
  journal={Journal of the American Statistical Association},
  volume={104},
  number={486},
  pages={735--746},
  year={2009},
  publisher={Taylor \& Francis},
  url={10.32614/RJ-2021-023}
}

@techreport{avarucci2022main,
  title={The Main Business Cycle Shock(s): Frequency-Band Estimation of the Number of Dynamic Factors},
  author={Avarucci, Marco and Cavicchioli, Maddalena and Forni, Mario and Zaffaroni, Paolo},
  year={2022},
  type = {{CEPR Discussion Paper No. DP17281}},
  url={https://dx.doi.org/10.2139/ssrn.3970658}
}

@article{alessi2010improved,
  title={Improved penalization for determining the number of factors in approximate factor models},
  author={Alessi, Lucia and Barigozzi, Matteo and Capasso, Marco},
  journal={Statistics \& Probability Letters},
  volume={80},
  number={23-24},
  pages={1806--1813},
  year={2010},
  publisher={Elsevier},
  url={https://doi.org/10.1016/j.spl.2010.08.005}
}

@Manual{R,
  title = {R: A Language and Environment for Statistical Computing},
  author = {{R Core Team}},
  organization = {R Foundation for Statistical Computing},
  address = {Vienna, Austria},
  year = {2016},
  note = {{ISBN} 3-900051-07-0},
  url= {https://www.R-project.org/},
}

@article{ihaka:1996,
  Author = {Ihaka, Ross and Gentleman, Robert},
	Journal = {Journal of Computational and Graphical Statistics},
	Number = 3,
	Pages = {299--314},
	Title = {R: A Language for Data Analysis and Graphics},
	Volume = 5,
	Year = 1996,
        url= {https://doi.org/10.1080/10618600.1996.10474713}
}

 
@article{nicholson2017bigvar,
  title={Bigvar: Tools for modeling sparse high-dimensional multivariate time series},
  author={Nicholson, William and Matteson, David and Bien, Jacob},
  journal={arXiv preprint arXiv:1702.07094},
  year={2017},
  url={https://doi.org/10.48550/arXiv.1702.07094}
}

@article{epskamp2018gaussian,
  title={The Gaussian graphical model in cross-sectional and time-series data},
  author={Epskamp, Sacha and Waldorp, Lourens J and M{\~o}ttus, Ren{\'e} and Borsboom, Denny},
  journal={Multivariate Behavioral Research},
  volume={53},
  number={4},
  pages={453--480},
  year={2018},
  publisher={Taylor \& Francis},
  url={https://doi.org/10.1080/00273171.2018.1454823}
}
@article{haslbeck2020mgm,
  title={mgm: Estimating Time-Varying Mixed Graphical Models in High-Dimensional Data},
  author={Haslbeck, Jonas MB and Waldorp, Lourens J},
  journal={Journal of Statistical Software},
  volume={93},
  pages={1--46},
  year={2020},
  url={https://doi.org/10.18637/jss.v093.i08}
}
@article{drton2017structure,
  title={Structure Learning in Graphical Modeling},
  author={Drton, Mathias and Maathuis, Marloes H},
  journal={Annual Review of Statistics and Its Application},
  volume={4},
  number={1},
  pages={365--393},
  year={2017},
  url={https://doi.org/10.1146/annurev-statistics-060116-053803}
}

@article{yin2021general,
  title={A General Modeling Framework for Network Autoregressive Processes},
  author={Yin, Hang and Safikhani, Abolfazl and Michailidis, George},
  journal={arXiv preprint arXiv:2110.09596},
  year={2021},
  url={https://doi.org/10.1080/00401706.2023.2203184}
}
@inproceedings{palm2018autoregressive,
  title={Autoregressive model for multi-pass SAR change detection based on image stacks},
  author={Palm, Bruna G and Alves, Dimas I and Vu, Viet T and Pettersson, Mats I and Bayer, Fabio M and Cintra, Renato J and Machado, Renato and Dammert, Patrik and Hellsten, Hans},
  booktitle={Image and Signal Processing for Remote Sensing XXIV},
  volume={10789},
  pages={1078916},
  year={2018},
  organization={International Society for Optics and Photonics},
  url={https://doi.org/10.1117/12.2325661}
}

@article{koo2015structural,
  title={Structural-break models under mis-specification: Implications for forecasting},
  author={Koo, Bonsoo and Seo, Myung Hwan},
  journal={Journal of Econometrics},
  volume={188},
  number={1},
  pages={166--181},
  year={2015},
  publisher={Elsevier},
  url={https://doi.org/10.1016/j.jeconom.2015.03.046}
}
@article{koop2013forecasting,
  title={Forecasting with medium and large Bayesian VARs},
  author={Koop, Gary M},
  journal={Journal of Applied Econometrics},
  volume={28},
  number={2},
  pages={177--203},
  year={2013},
  publisher={Wiley Online Library},
  url={https://doi.org/10.1002/jae.1270}
}

@article{nasiadka2022calibration,
  title={Calibration window selection based on change-point detection for forecasting electricity prices},
  author={Nasiadka, Julia and Nitka, Weronika and Weron, Rafal},
  journal={arXiv preprint arXiv:2204.00872},
  year={2022},
  url={https://doi.org/10.48550/arXiv.2204.00872}
}

@inproceedings{kakade2010learning,
  title={Learning exponential families in high-dimensions: Strong convexity and sparsity},
  author={Kakade, Sham and Shamir, Ohad and Sindharan, Karthik and Tewari, Ambuj},
  booktitle={Proceedings of the Thirteenth International Conference on Artificial Intelligence and Statistics},
  pages={381--388},
  year={2010},
  organization={JMLR Workshop and Conference Proceedings},
  url={}
}

@article{cho2022,
  title={High-Dimensional Time Series Segmentation via Factor-Adjusted Vector Autoregressive Modeling},
  author={Cho, Haeran and Maeng, Hyeyoung and Eckley, Idris A and Fearnhead, Paul},
  journal={Journal of the American Statistical Association},
  pages={1--13},
  year={2023},
url= {https://doi.org/10.1080/01621459.2023.2240054},
  publisher={Taylor \& Francis}
}
@article{zheng2022interpretable,
  author = {Zheng, Yao},
  title = {An Interpretable and Efficient Infinite-Order Vector Autoregressive Model for High-Dimensional Time Series},
  journal = {arXiv preprint arXiv:2209.01172},
  year = {2022},
  url={https://doi.org/10.48550/arXiv.2209.01172}
}

 @article{tibshirani1996regression,
  title={Regression shrinkage and selection via the Lasso},
  author={Tibshirani, Robert},
   journal={Journal of the Royal Statistical Society, Series B (Statistical Methodology)},
  volume={58},
  number={1},
  pages={267--288},
  year={1996},
  publisher={Wiley Online Library},
  url={https://doi.org/10.1111/j.2517-6161.1996.tb02080.x}
}
@article{tibshirani2011regression,
  title={Regression shrinkage and selection via the Lasso: a retrospective},
  author={Tibshirani, Robert},
  journal={Journal of the Royal Statistical Society: Series B (Statistical Methodology)},
  volume={73},
  number={3},
  pages={273--282},
  year={2011},
  publisher={Wiley Online Library},
  url={https://doi.org/10.1111/j.1467-9868.2011.00771.x}
}
@article{negahban2012unified,
  title={A unified framework for high-dimensional analysis of $ M $-estimators with decomposable regularizers},
  author={Negahban, Sahand N and Ravikumar, Pradeep and Wainwright, Martin J and Yu, Bin},
  journal={Statistical Science},
  volume={27},
  number={4},
  pages={538--557},
  year={2012},
  publisher={Institute of Mathematical Statistics},
  url={10.1214/12-STS400}
}


@inproceedings{anderson2008generalized,
  title={Generalized linear dynamic factor models -- a structure theory},
  author={Anderson, Brian DO and Deistler, Manfred},
  booktitle={2008 47th IEEE Conference on Decision and Control},
  pages={1980--1985},
  year={2008},
  organization={IEEE},
  url={}
}
@article{barigozzi2017network,
  title={A network analysis of the volatility of high dimensional financial series},
  author={Barigozzi, Matteo and Hallin, Marc},
  journal={Journal of the Royal Statistical Society: Series C (Applied Statistics)},
  volume={66},
  number={3},
  pages={581--605},
  year={2017},
  publisher={Wiley Online Library},
  url={https://doi.org/10.1109/CDC.2008.4739367}
}
@article{basu2015regularized,
  title={Regularized estimation in sparse high-dimensional time series models},
  author={Basu, Sumanta and Michailidis, George},
  journal={The Annals of Statistics},
  volume={43},
  pages={1535--1567},
  year={2015},
  url={ 10.1214/15-AOS1315}
}
@article{basu2019,
  title={Low rank and structured modeling of high-dimensional vector autoregressions},
  author={Basu, Sumanta and Li, Xianqi and Michailidis, George},
  journal={IEEE Transactions on Signal Processing},
  volume={67},
  pages={1207--1222},
  year={2019},
  url={https://doi.org/10.1109/TSP.2018.2887401}
}
@article{bai2002,
 author               = {Bai, Jushan and Ng, Serena},
 journal              = {Econometrica},
 pages                = {191--221},
 title                = {Determining the number of factors in approximate factor models},
 volume               = {70},
 year                 = {2002},
  url={https://doi.org/10.1111/1468-0262.00273}
 }
@article{bai2003,
  title={Inferential theory for factor models of large dimensions},
  author={Bai, Jushan},
  journal={Econometrica},
  volume={71},
  number={1},
  pages={135--171},
  year={2003},
  publisher={Wiley Online Library},
  url={https://doi.org/10.1111/1468-0262.00392}
}
@article{banbura2010large,
  title={Large Bayesian vector auto regressions},
  author={Ba{\'n}bura, Marta and Giannone, Domenico and Reichlin, Lucrezia},
  journal={Journal of Applied Econometrics},
  volume={25},
  number={1},
  pages={71--92},
  year={2010},
  url={https://doi.org/10.1002/jae.1137}
}
@article{barigozzi2017,
  title={A network analysis of the volatility of high dimensional financial series},
  author={Barigozzi, Matteo and Hallin, Marc},
  journal={Journal of the Royal Statistical Society: Series C (Applied Statistics)},
  volume={66},
  pages={581--605},
  year={2017},
  url={https://doi.org/10.1111/rssc.12177}
}
@article{barigozzi2019nets,
  title={Nets: Network estimation for time series},
  author={Barigozzi, Matteo and Brownlees, Christian},
  journal={Journal of Applied Econometrics},
  volume={34},
  pages={347--364},
  year={2019},
  url={https://doi.org/10.1002/jae.2676}
}
@article{barigozzi2022fnets,
  title={FNETS: Factor-adjusted network estimation and forecasting for high-dimensional time series},
  author={Barigozzi, Matteo and Cho, Haeran and Owens, Dom},
  journal={Journal of Business \& Economic Statistics},
  pages={1--13},
  year={2023},
  publisher={Taylor \& Francis},
url={https://doi.org/10.1080/07350015.2023.2257270}
}

@article{billio2012econometric,
  title={Econometric measures of connectedness and systemic risk in the finance and insurance sectors},
  author={Billio, Monica and Getmansky, Mila and Lo, Andrew W and Pelizzon, Loriana},
  journal={Journal of Financial Economics},
  volume={104},
  number={3},
  pages={535--559},
  year={2012},
  publisher={Elsevier},
  url={https://doi.org/10.1016/j.jfineco.2011.12.010}
}
@article{cai2016estimating,
  title={Estimating sparse precision matrix: Optimal rates of convergence and adaptive estimation},
  author={Cai, T Tony and Liu, Weidong and Zhou, Harrison H},
  journal={The Annals of Statistics},
  volume={44},
  number={2},
  pages={455--488},
  year={2016},
  publisher={Institute of Mathematical Statistics},
  url={10.1214/13-AOS1171}
}
@article{candes2007dantzig,
  title={The Dantzig selector: Statistical estimation when p is much larger than n},
  author={Candes, Emmanuel and Tao, Terence},
  journal={The Annals of Statistics},
  volume={35},
  number={6},
  pages={2313--2351},
  year={2007},
  publisher={Institute of Mathematical Statistics},
  url={10.1214/009053606000001523}
}
@article{chen2008extended,
  title={Extended Bayesian information criteria for model selection with large model spaces},
  author={Chen, Jiahua and Chen, Zehua},
  journal={Biometrika},
  volume={95},
  number={3},
  pages={759--771},
  year={2008},
  publisher={Oxford University Press},
  url={https://doi.org/10.1093/biomet/asn034}
}
@article{dgr08,
  title={Forecasting using a large number of predictors: Is Bayesian shrinkage a valid alternative to principal components?},
  author={De Mol, Christine and Giannone, Domenico and Reichlin, Lucrezia},
  journal={Journal of Econometrics},
  volume={146},
  number={2},
  pages={318--328},
  year={2008},
  publisher={Elsevier},
  url={https://doi.org/10.1016/j.jeconom.2008.08.011}
}
@article{eichler2007granger,
  title={Granger causality and path diagrams for multivariate time series},
  author={Eichler, Michael},
  journal={Journal of Econometrics},
  volume={137},
  number={2},
  pages={334--353},
  year={2007},
  publisher={Elsevier},
  url={http://dx.doi.org/10.1016/j.jeconom.2005.06.032}
}
@article{forni2000generalized,
  title={The generalized dynamic-factor model: Identification and estimation},
  author={Forni, Mario and Hallin, Marc and Lippi, Marco and Reichlin, Lucrezia},
  journal={Review of Economics and Statistics},
  volume={82},
  number={4},
  pages={540--554},
  year={2000},
  publisher={MIT Press 238 Main St., Suite 500, Cambridge, MA 02142-1046, USA journals~…},
  url={http://dx.doi.org/10.1162/003465300559037}
}

@article{fan2013large,
  title={Large covariance estimation by thresholding principal orthogonal complements},
  author={Fan, Jianqing and Liao, Yuan and Mincheva, Martina},
  journal={Journal of the Royal Statistical Society: Series B (Statistical Methodology)},
  volume={75},
  number={4},
  year={2013},
  publisher={NIH Public Access},
  url={https://doi.org/10.1111/rssb.12016}
}

@article{fan2020factor,
  title={Factor-adjusted regularized model selection},
  author={Fan, Jianqing and Ke, Yuan and Wang, Kaizheng},
  journal={Journal of Econometrics},
  volume={216},
  number={1},
  pages={71--85},
  year={2020},
  url={https://doi.org/10.1016/j.jeconom.2020.01.006}
}

@article{fan2021bridging,
  title={Bridging factor and sparse models},
  author={Fan, Jianqing and Masini, Ricardo and Medeiros, Marcelo C},
  journal={arXiv preprint arXiv:2102.11341},
  year={2021},
  url={https://doi.org/10.48550/arXiv.2102.11341}
}
@article{forni2001generalized,
  title={The generalized dynamic factor model: representation theory},
  author={Forni, Mario and Lippi, Marco},
  journal={Econometric Theory},
  volume={17},
  number={6},
  pages={1113--1141},
  year={2001},
  publisher={Cambridge University Press},
  url={doi:10.1017/S0266466601176048}
}
@article{forni2015,
  title={Dynamic factor models with infinite-dimensional factor spaces: One-sided representations},
  author={Forni, Mario and Hallin, Marc and Lippi, Marco and Zaffaroni, Paolo},
  journal={Journal of Econometrics},
  volume={185},
  pages={359--371},
  year={2015},
  publisher={Elsevier},
  url={https://doi.org/10.1016/j.jeconom.2013.10.017}
}
 
@techreport{giannone2021economic,
author = {Domenico Giannone and Michele Lenza and Giorgio E. Primiceri},
number = {2542},
institution = {European Central Bank},
title = {{Economic predictions with big data: The illusion of sparsity}},
type = {{ECB Working Paper}},
url= {http://hdl.handle.net/10419/234096},
year = {2021},
}

@article{han2015direct,
  title={A direct estimation of high dimensional stationary vector autoregressions},
  author={Han, Fang and Lu, Huanran and Liu, Han},
  journal={Journal of Machine Learning Research},
  volume = 16, 
  number = 97, 
  pages = {3115--3150}, 
  year={2015},
  url     = {http://jmlr.org/papers/v16/han15a.html}
}
@inproceedings{haufe2008,
author = {S. Haufe and G. Nolte and K. R. Mueller and N. Kr\"{a}mer},
title = {Sparse causal discovery in multivariate time series},
booktitle={Advances in Neural Information Processing Systems}, 
pages ={1--16}, 
year = {2008},
  url = 	 {https://proceedings.mlr.press/v6/haufe10a.html},
}
@article{hsu2008subset,
  title={Subset selection for vector autoregressive processes using Lasso},
  author={Hsu, Nan-Jung and Hung, Hung-Lin and Chang, Ya-Mei},
  journal={Computational Statistics \& Data Analysis},
  volume={52},
  number={7},
  pages={3645--3657},
  year={2008},
  publisher={Elsevier},
  url={http://dx.doi.org/10.1016/j.csda.2007.12.004}
}
@article{kirch2015eeg,
  title={Detection of changes in multivariate time series with application to EEG data},
  author={Kirch, Claudia and Muhsal, Birte and Ombao, Hernando},
  journal={Journal of the American Statistical Association},
  volume={110},
  pages={1197--1216},
  year={2015},
  url={https://doi.org/10.1080/01621459.2014.957545}
}
@article{kock2015oracle,
  title={Oracle inequalities for high dimensional vector autoregressions},
  author={Kock, Anders Bredahl and Callot, Laurent},
  journal={Journal of Econometrics},
  volume={186},
  number={2},
  pages={325--344},
  year={2015},
  publisher={Elsevier},
  url={https://doi.org/10.1016/j.jeconom.2015.02.013}
}
@article{krampe2021,
title = {Dynamic Factor Models with Sparse VAR Idiosyncratic Components},
author = {Krampe, J. and Margaritella, L.},
journal = {arXiv preprint arXiv:2112.07149},
year = {2021},
  url={https://doi.org/10.48550/arXiv.2112.07149}
} 
@article{lin2020,
  title={Regularized estimation of high-dimensional factor-augmented vector autoregressive ({FAVAR}) models},
  author={Lin, Jiahe and Michailidis, George},
  journal={Journal of Machine Learning Research},
  volume={21},
  pages={1--51},
  year={2020},
  url     = {http://jmlr.org/papers/v21/19-874.html}
}

@article{liu2021simultaneous,
  title={Simultaneous Change Point Inference and Structure Recovery for High Dimensional Gaussian Graphical Models},
  author={Liu, Bin and Zhang, Xinsheng and Liu, Yufeng},
  journal={Journal of Machine Learning Research},
  volume={22},
  number={274},
  pages={1--62},
  year={2021},
  url={https://www.jmlr.org/papers/volume22/20-327/20-327.pdf}
}

@article{liu2021robust,
  title={Robust Estimation of High-Dimensional Vector Autoregressive Models},
  author={Liu, Linbo and Zhang, Danna},
  journal={arXiv preprint arXiv:2109.10354},
  year={2021},
  url={}
}
@article{medeiros2016,
  title={$\ell_1$-regularization of high-dimensional time-series models with non-Gaussian and heteroskedastic errors},
  author={Medeiros, Marcelo C and Mendes, Eduardo F},
  journal={Journal of Econometrics},
  volume={191},
  number={1},
  pages={255--271},
  year={2016},
  publisher={Elsevier},
  url={https://doi.org/10.1016/j.jeconom.2015.10.011}
}
@article{nicholson2020high,
  title={High dimensional forecasting via interpretable vector autoregression},
  author={Nicholson, William B and Wilms, Ines and Bien, Jacob and Matteson, David S},
  journal={Journal of Machine Learning Research},
  volume={21},
  number={166},
  pages={1--52},
  year={2020},
  url={https://jmlr.org/papers/v21/19-777.html}
}
@article{shojaie2010discovering,
  title={Discovering graphical Granger causality using the truncating Lasso penalty},
  author={Shojaie, Ali and Michailidis, George},
  journal={Bioinformatics},
  volume={26},
  number={18},
  pages={i517--i523},
  year={2010},
  publisher={Oxford University Press},
  url={https://doi.org/10.1093/bioinformatics/btq377}
}
@article{song2011large,
  title={Large vector auto regressions},
  author={Song, Song and Bickel, Peter J},
  journal={arXiv preprint arXiv:1106.3915},
  year={2011},
  url={https://doi.org/10.48550/arXiv.1106.3915}
}
@article{zhang2021convergence,
  title={Convergence of covariance and spectral density estimates for high-dimensional locally stationary processes},
  author={Zhang, Danna and Wu, Wei Biao},
  journal={The Annals of Statistics},
  volume={49},
  number={1},
  pages={233--254},
  year={2021},
  publisher={Institute of Mathematical Statistics},
  url={10.1214/20-AOS1954}
}

@article{forni2015dynamic,
  title={Dynamic factor models with infinite-dimensional factor spaces: One-sided representations},
  author={Forni, Mario and Hallin, Marc and Lippi, Marco and Zaffaroni, Paolo},
  journal={Journal of Econometrics},
  volume={185},
  number={2},
  pages={359--371},
  year={2015},
  publisher={Elsevier},
  url={https://doi.org/10.1016/j.jeconom.2013.10.017}
}
@article{forni2017dynamic,
  title={Dynamic factor models with infinite-dimensional factor space: Asymptotic analysis},
  author={Forni, Mario and Hallin, Marc and Lippi, Marco and Zaffaroni, Paolo},
  journal={Journal of Econometrics},
  volume={199},
  number={1},
  pages={74--92},
  year={2017},
  publisher={Elsevier},
  url={https://doi.org/10.1016/j.jeconom.2017.04.002}
}
@article{dahlhaus2000graphical,
  title={Graphical interaction models for multivariate time series},
  author={Dahlhaus, Rainer},
  journal={Metrika},
  volume={51},
  number={2},
  pages={157--172},
  year={2000},
  publisher={Springer},
  url={https://doi.org/10.1007/s001840000055}
}
@article{stock2002forecasting,
  title={Forecasting using principal components from a large number of predictors},
  author={Stock, James H and Watson, Mark W},
  journal={Journal of the American Statistical Association},
  volume={97},
  number={460},
  pages={1167--1179},
  year={2002},
  publisher={Taylor \& Francis},
  url={https://doi.org/10.1198/016214502388618960}
}
@article{beck2009fast,
  title={A fast iterative shrinkage-thresholding algorithm for linear inverse problems},
  author={Beck, Amir and Teboulle, Marc},
  journal={SIAM Journal on Imaging Sciences},
  volume={2},
  number={1},
  pages={183--202},
  year={2009},
  publisher={SIAM},
  url={https://doi.org/10.1137/080716542}
}
@article{hallin2007determining,
  title={Determining the number of factors in the general dynamic factor model},
  author={Hallin, Marc and Li{\v{s}}ka, Roman},
  journal={Journal of the American Statistical Association},
  volume={102},
  number={478},
  pages={603--617},
  year={2007},
  publisher={Taylor \& Francis},
  url={https://doi.org/10.1198/016214506000001275}
}
@article{ahn2013eigenvalue,
  title={Eigenvalue ratio test for the number of factors},
  author={Ahn, Seung C and Horenstein, Alex R},
  journal={Econometrica},
  volume={81},
  number={3},
  pages={1203--1227},
  year={2013},
  publisher={Wiley Online Library},
  url={https://doi.org/10.3982/ECTA8968}
}
@article{cai2011constrained,
  title={A constrained $\ell_1$ minimization approach to sparse precision matrix estimation},
  author={Cai, Tony and Liu, Weidong and Luo, Xi},
  journal={Journal of the American Statistical Association},
  volume={106},
  number={494},
  pages={594--607},
  year={2011},
  publisher={Taylor \& Francis},
  url={https://doi.org/10.1198/jasa.2011.tm10155}
}
@article{hormann2021prediction,
  title={Prediction of Singular VARs and an Application to Generalized Dynamic Factor Models},
  author={H{\"o}rmann, Siegfried and Nisol, Gilles},
  journal={Journal of Time Series Analysis},
  volume={42},
  number={3},
  pages={295--313},
  year={2021},
  publisher={Wiley Online Library},
  url={http://dx.doi.org/10.3166/ejc.16.211-224}
}
@inproceedings{maciejowska2013forecasting,
  title={Forecasting of daily electricity spot prices by incorporating intra-day relationships: Evidence from the UK power market},
  author={Maciejowska, Katarzyna and Weron, Rafal },
  booktitle={2013 10th International Conference on the European Energy Market (EEM)},
  pages={1--5},
  year={2013},
  organization={IEEE},
  url={ 10.1109/EEM.2013.6607314}
}
@article{yan2020dynamic,
  title={A dynamic network analysis of spot electricity prices in the Australian national electricity market},
  author={Yan, Guan and Trück, Stefan},
  journal={Energy Economics},
  volume={92},
  pages={104972},
  year={2020},
  publisher={Elsevier},
  url={https://doi.org/10.1016/j.eneco.2020.104972}
}
@article{uniejewski2017variance,
  title={Variance stabilizing transformations for electricity spot price forecasting},
  author={Uniejewski, Bartosz and Weron, Rafa{\l} and Ziel, Florian},
  journal={IEEE Transactions on Power Systems},
  volume={33},
  number={2},
  pages={2219--2229},
  year={2017},
  publisher={IEEE},
  url={http://dx.doi.org/10.1109/TPWRS.2017.2734563}
}
@article{uniejewski2019understanding,
  title={Understanding intraday electricity markets: Variable selection and very short-term price forecasting using LASSO},
  author={Uniejewski, Bartosz and Marcjasz, Grzegorz and Weron, Rafal},
  journal={International Journal of Forecasting},
  volume={35},
  number={4},
  pages={1533--1547},
  year={2019},
  publisher={Elsevier},
  url={https://doi.org/10.1016/j.ijforecast.2019.02.001}
}
@article{maciejowska2015forecasting,
  title={Forecasting of daily electricity prices with factor models: utilizing intra-day and inter-zone relationships},
  author={Maciejowska, Katarzyna and Weron, Rafal},
  journal={Computational Statistics},
  volume={30},
  number={3},
  pages={805--819},
  year={2015},
  publisher={Springer},
  url={http://dx.doi.org/10.1007/s00180-014-0531-0}
}
@article{han2022extremal,
  title={Extremal Dependence in Australian Electricity Markets},
  author={Han, Lin and Cribben, Ivor and Trueck, Stefan},
  journal={arXiv preprint arXiv:2202.09970},
  year={2022},
  url={https://doi.org/10.48550/arXiv.2202.09970}
}
@article{friedman2008sparse,
  title={Sparse inverse covariance estimation with the graphical Lasso},
  author={Friedman, Jerome and Hastie, Trevor and Tibshirani, Robert},
  journal={Biostatistics},
  volume={9},
  number={3},
  pages={432--441},
  year={2008},
  publisher={Oxford University Press},
  url={https://doi.org/10.1093/biostatistics/kxm045}
} 
 @article{bai2016econometric,
  title={Econometric analysis of large factor models},
  author={Bai, Jushan and Wang, Peng},
  journal={Annual Review of Economics},
  volume={8},
  pages={53--80},
  year={2016},
  publisher={JSTOR},
  url={https://doi.org/10.1146/annurev-economics-080315-015356}
}






@article{igraph,
  title={The igraph software package for complex network research},
  author={Csardi, Gabor and Nepusz, Tamas and others},
  journal={InterJournal, complex systems},
  volume={1695},
  number={5},
  pages={1--9},
  year={2006},
  url={}
}

@Manual{sparsevar,
    title = {sparsevar: Sparse VAR/VECM Models Estimation},
    author = {Simone Vazzoler},
    year = {2021},
    note = {R package version 0.1.0},
    url = {https://CRAN.R-project.org/package=sparsevar},
  }
@Manual{lsvar,
    title = {LSVAR: Estimation of low rank plus sparse structured vector
auto-regressive (VAR) model},
    author = {Peiliang Bai},
    year = {2021},
    note = {R package version 1.2},
    url = {https://CRAN.R-project.org/package=LSVAR},
  }
@Manual{nets,
    title = {nets: Network estimation for time series},
    author = {Christian Brownlees},
    year = {2020},
    note = {R package version 0.9.1},
    url = {https://CRAN.R-project.org/package=nets},
  }

@misc{wilms2021bigtime,
  title={bigtime: Sparse Estimation of Large Time Series Models},
  note = {R package version 0.2.1},
  author={Wilms, I and Basu, S and Bien, J and Matteson, DS},
  year={2021},
  url={https://cran.r-project.org/package=bigtime}
}
@article{ou2019dynr,
  title={What’s for dynr: A package for linear and nonlinear dynamic modeling in R},
  author={Ou, Lu and Hunter, Michael D and Chow, Sy-Miin},
  journal={The R journal},
  volume={11},
  number={1},
  pages={91},
  year={2019},
  publisher={NIH Public Access},
  url={https://journal.r-project.org/archive/2019/RJ-2019-012/RJ-2019-012.pdf}
}


@book{lutk,
  title={New introduction to multiple time series analysis},
  author={L{\"u}tkepohl, Helmut},
  year={2005},
  publisher={Springer Science \& Business Media},
  url={}
}


 @Manual{lpsolve,
    title = {lpSolve: Interface to `Lpsolve' v. 5.5 to solve linear/integer programs},
    author = {Michel Berkelaar and others},
    year = {2020},
    note = {R package version 5.6.15},
    url = {https://CRAN.R-project.org/package=lpSolve}
}
@Manual{doparallel,
    title = {doParallel: Foreach parallel adaptor for the 'parallel' package},
    author = {Microsoft and Steve Weston},
    year = {2022},
    note = {R package version 1.0.17},
    url = {https://CRAN.R-project.org/package=doParallel}
  }
  @Manual{foreach,
    title = {foreach: Provides foreach looping construct},
    author = {Microsoft and Steve Weston},
    year = {2022},
    note = {R package version 1.5.2},
    url = {https://CRAN.R-project.org/package=foreach}
  }
  @Misc{fields,
    title = {fields: Tools for spatial data},
    author = {{Douglas Nychka} and {Reinhard Furrer} and {John Paige} and {Stephan Sain}},
    note = {R package version 14.1},
    organization = {University Corporation for Atmospheric Research},
    address = {Boulder, CO, USA},
    year = {2021},
    url = {https://github.com/dnychka/fieldsRPackage}
  }
  @Manual{RColorBrewer,
    title = {RColorBrewer: ColorBrewer palettes},
    author = {Erich Neuwirth},
    year = {2022},
    note = {R package version 1.1-3},
    url = {https://CRAN.R-project.org/package=RColorBrewer}
  }