@misc{jaxa,
author = {{P-Tree System}},
year = {2020},
title = {{JAXA Himawari Monitor - User's Guide}},
url = {https://www.eorc.jaxa.jp/ptree/userguide.html}
}

@misc{hotspots,
author = {Grant Williamson},
year = {2020},
title = {{Example Code to Generate Animation Frames of Himawari-8 Hotspots}},
url = {https://gist.github.com/ozjimbob/80254988922140fec4c06e3a43d069a6}
}

@misc{climate2020,
  author = {{CSIRO and Australian Government Bureau of Meteorology}},
  title       = {{State of the Climate 2020}},
  institution = {{CSIRO and Australian Government Bureau of Meteorology}},
  year        = {2020},
  url = {http://www.bom.gov.au/state-of-the-climate/documents/State-of-the-Climate-2020.pdf}
}

@misc{climate2021,
  author = {{Australian Government Bureau of Meteorology}},
  title       = {{Annual Climate Statement 2020}},
  institution = {{Australian Government Bureau of Meteorology}},
  year        = {2021},
  url = {http://www.bom.gov.au/climate/current/annual/aus/}
}


@article{Filkov2020,
title = {{Impact of Australia's Catastrophic 2019/20 Bushfire Season on Communities and Environment. Retrospective Analysis and Current Trends}},
journal = {{Journal of Safety Science and Resilience}},
volume = {1},
number = {1},
pages = {44-56},
year = {2020},
issn = {2666-4496},
url = {https://doi.org/10.1016/j.jnlssr.2020.06.009},
author = {Alexander I. Filkov and Tuan Ngo and Stuart Matthews and Simeon Telfer and Trent D. Penman}
}

@article{Abram2021,
  author          = {Abram, Nerilie J. and Henley, Benjamin J. and Sen Gupta, Alex and Lippmann, Tanya J. R. and Clarke, Hamish and Dowdy, Andrew J. and Sharples, Jason J. and Nolan, Rachael H. and Zhang, Tianran and Wooster, Martin J. and Wurtzel, Jennifer B. and Meissner, Katrin J. and Pitman, Andrew J. and Ukkola, Anna M. and Murphy, Brett P. and Tapper, Nigel J. and Boer, Matthias M.},
  title           = {{Connections of Climate Change and Variability to Large and Extreme Forest Fires in Southeast Australia}},
  journal         = {{Communications Earth \& Environment}},
  volume          = {2},
  number          = {1},
  pages           = {8},
  year            = {2021},
  url             = {https://doi.org/10.1038/s43247-020-00065-8},
}

@article{Deb2020,
author = {Deb, Proloy and Moradkhani, Hamid and Abbaszadeh, Peyman and Kiem, Anthony S. and Engstrom, Johanna and Keellings, David and Sharma, Ashish},
title = {{Causes of the Widespread 2019-2020 Australian Bushfire Season}},
journal = {{Earth's Future}},
volume = {8},
number = {11},
pages = {e2020EF001671},
url = {https://doi.org/10.1029/2020EF001671},
year = {2020}
}

@article{Loboda2007,
title = {{Reconstruction of Fire Spread Within Wildland Fire Events in Northern Eurasia From the MODIS Active Fire Product}},
journal = {{Global and Planetary Change}},
volume = {56},
number = {3},
pages = {258-273},
year = {2007},
issn = {0921-8181},
url = {https://doi.org/10.1016/j.gloplacha.2006.07.015},
author = {T.V. Loboda and I.A. Csiszar}
}

@book{datamining2012,
  author         = {Han, Jiawei and Kamber, Micheline and Pei, Jian},
  title          = {{Data Mining: Concepts and Techniques, 3rd ed.}},
  publisher      = {{Morgan Kaufman}},
  year           = {2012},
  url = {https://www.sciencedirect.com/book/9780123814791/data-mining-concepts-and-techniques}
}

@incollection{kisilevich2009spatio,
  title={{Spatio-Temporal Clustering}},
  author={Kisilevich, Slava and Mansmann, Florian and Nanni, Mirco and Rinzivillo, Salvatore},
  booktitle={{Data Mining and Knowledge Discovery Handbook}},
  pages={855--874},
  year={2009},
  publisher={Springer},
  url = {https://link.springer.com/chapter/10.1007/978-0-387-09823-4_44}
}

@inproceedings{ester1996density,
author = {Ester, Martin and Kriegel, Hans-Peter and Sander, J\"{o}rg and Xu, Xiaowei},
title = {{A Density-Based Algorithm for Discovering Clusters in Large Spatial Databases with Noise}},
year = {1996},
publisher = {{AAAI Press}},
booktitle = {{Proceedings of the Second International Conference on Knowledge Discovery and Data Mining}},
pages = {226â€“231},
numpages = {6},
location = {Portland, Oregon},
series = {KDD'96},
url = {https://dl.acm.org/doi/10.5555/3001460.3001507}
}

@article{stdbscan,
title = {{ST-DBSCAN: An Algorithm for Clustering Spatial-Temporal Data}},
journal = {{Data \& Knowledge Engineering}},
volume = {60},
number = {1},
pages = {208-221},
year = {2007},
issn = {0169-023X},
url = {https://doi.org/10.1016/j.datak.2006.01.013},
author = {Derya Birant and Alp Kut}
}


@inproceedings{Kurihara2020,
  title={{Australian Bushfire Captured by AHI/Himawari-8 and SGLI/GCOM-C}},
  author={Kurihara, Yukio and Tanada, Kazuhisa and Murakami, Hiroshi and Kachi, Misako},
  booktitle={{Proceedings of the JpGU-AGU Joint Meeting}},
  year={2020},
  url = {https://www.eorc.jaxa.jp/ptree/documents/Poster_H8Wfire_JpGU2020.pdf}
}

@article{Xu2017,
author = {Guang Xu and Xu Zhong},
title = {{Real-Time Wildfire Detection and Tracking in Australia Using Geostationary Satellite: Himawari-8}},
journal = {{Remote Sensing Letters}},
volume = {8},
number = {11},
pages = {1052-1061},
year  = {2017},
publisher = {{Taylor & Francis}},
URL = {https://doi.org/10.1080/2150704X.2017.1350303}
}

@Article{Wickramasinghe2016,
AUTHOR = {Wickramasinghe, Chathura H. and Jones, Simon and Reinke, Karin and Wallace, Luke},
TITLE = {{Development of a Multi-Spatial Resolution Approach to the Surveillance of Active Fire Lines Using Himawari-8}},
JOURNAL = {{Remote Sensing}},
VOLUME = {8},
YEAR = {2016},
NUMBER = {11},
ARTICLE-NUMBER = {932},
ISSN = {2072-4292},
URL = {https://doi.org/10.3390/rs8110932}
}

@article{Giglio2016,
title = {{The Collection 6 MODIS Active Fire Detection Algorithm and Fire Products}},
journal = {{Remote Sensing of Environment}},
volume = {178},
pages = {31-41},
year = {2016},
issn = {0034-4257},
url = {https://doi.org/10.1016/j.rse.2016.02.054},
author = {Louis Giglio and Wilfrid Schroeder and Christopher O. Justice}
}

@Article{Jang2019,
AUTHOR = {Jang, Eunna and Kang, Yoojin and Im, Jungho and Lee, Dong-Won and Yoon, Jongmin and Kim, Sang-Kyun},
TITLE = {{Detection and Monitoring of Forest Fires Using Himawari-8 Geostationary Satellite Data in South Korea}},
JOURNAL = {{Remote Sensing}},
VOLUME = {11},
YEAR = {2019},
NUMBER = {3},
ARTICLE-NUMBER = {271},
ISSN = {2072-4292},
URL = {https://doi.org/10.3390/rs11030271}
}

@article{hermawati2016,
title = {{Web-Based Clustering Application Using Shiny Framework and DBSCAN Algorithm for Hotspots Data in Peatland in Sumatra}},
journal = {{Procedia Environmental Sciences}},
volume = {33},
pages = {317-323},
year = {2016},
issn = {1878-0296},
url = {https://doi.org/10.1016/j.proenv.2016.03.082},
author = {Rachma Hermawati and Imas Sukaesih Sitanggang}
}

@INPROCEEDINGS{nisa2014,
  author={Nisa, Karlina Khiyarin and Andrianto, Hari Agung and Mardhiyyah, Rahmah},
  booktitle={{2014 International Conference on Advanced Computer Science and Information System}}, 
  title={{Hotspot Clustering Using DBSCAN Algorithm and Shiny Web Framework}}, 
  year={2014},
  volume={},
  number={},
  pages={129-132},
  url={https://doi.org/10.1109/ICACSIS.2014.7065840}
  }

@misc{conart,
author = {Dianne Cook},
year = {2020},
title = {{Open Data Shows Lightning, Not Arson, Was the Likely Cause of Most Victorian Bushfires Last Summer}},
url = {https://theconversation.com/open-data-shows-lightning-not-arson-was-the-likely-cause-of-most-victorian-bushfires-last-summer-151912}
}

@misc{fireorigin,
author = {{Department of Environment, Land, Water \& Planning}},
year = {2019},
title = {{Fire Origins - Current and Historical}},
url = {https://discover.data.vic.gov.au/dataset/fire-origins-current-and-historical}
}

@inproceedings{kalnis2005discovering,
  title={{On Discovering Moving Clusters in Spatio-Temporal Data}},
  author={Kalnis, Panos and Mamoulis, Nikos and Bakiras, Spiridon},
  booktitle={{Advances in Spatial and Temporal Databases: 9th International Symposium, SSTD 2005, Angra dos Reis, Brazil, August 22-24, 2005. Proceedings 9}},
  pages={364--381},
  year={2005},
  organization={Springer},
  url = {https://link.springer.com/chapter/10.1007/11535331_21}
}

@article{cattell1966scree,
  title={{The Scree Test for the Number of Factors}},
  author={Cattell, Raymond B},
  journal={{Multivariate Behavioral Research}},
  volume={1},
  number={2},
  pages={245--276},
  year={1966},
  publisher={{Taylor \& Francis}}
}

@Manual{r2022,
    title = {R: A Language and Environment for Statistical Computing},
    author = {{R Core Team}},
    organization = {R Foundation for Statistical Computing},
    address = {Vienna, Austria},
    year = {2022},
    url = {https://www.R-project.org/},
  }