@Misc{epsg,
  title =	 {{EPSG} Geodetic Parameter Registry},
  url =		 {http://www.epsg-registry.org/},
  urldate =	 {15/06/14},
  year =	 2014,
}

@Misc{evop,
  author =	 {{EVOp-team}},
  title =	 {Environmental Virtual Observatory Pilot Project
                  Website},
  url =		 {http://www.evo-uk.org},
  urldate =	 {29th April 2014},
}

@InProceedings{maidment_etal_2009,
  author =	 {D. R. Maidment and R. P. Hooper and D. G. Tarboton
                  and I. Zaslavsky},
  booktitle =	 {IAHS-AISH Publication},
  pages =	 {213--223},
  series =	 {Symposium JS.4 at the Joint Convention of the
                  International Association of Hydrological Sciences,
                  IAHS and the International Association of
                  Hydrogeologists, IAH},
  title =	 {Accessing and Sharing Data Using {CUAHSI} Water Data
                  Services},
  volume =	 331,
  year =	 2009,
}

@Article{Vitolo_2015,
  doi =		 {10.1016/j.envsoft.2014.10.007},
  year =	 2015,
  publisher =	 {Elsevier {BV}},
  volume =	 63,
  pages =	 {185--198},
  author =	 {Claudia Vitolo and Yehia Elkhatib and Dominik
                  Reusser and Christopher J. A. Macleod and Wouter
                  Buytaert},
  title =	 {Web Technologies for Environmental Big Data},
  journal =	 {Environmental Modelling {\&} Software},
}

@Manual{rnoaa,
  title =	 {rnoaa: {'NOAA'} Weather Data from {R}},
  author =	 {Scott Chamberlain},
  year =	 2015,
  note =	 {R package version 0.5.0},
  url =		 {{https://CRAN.R-project.org/package=rnoaa}},
}

@Article{Kemp_2011,
  doi =		 {10.1111/j.2041-210x.2011.00138.x},
  year =	 2011,
  publisher =	 {John Wiley \& Sons},
  volume =	 3,
  number =	 1,
  pages =	 {65--70},
  author =	 {Michael U. Kemp and E. Emiel {van Loon} and Judy
                  Shamoun-Baranes and Willem Bouten},
  title =	 {{RNCEP}: Global Weather and Climate Data at Your
                  Fingertips},
  journal =	 {Methods in Ecology and Evolution},
}

@Manual{waterData,
  title =	 {{waterData}: An {R} Package for Retrieval, Analysis,
                  and Anomaly Calculation of Daily Hydrologic Time
                  Series Data},
  author =	 {Karen R. Ryberg and Aldo V. Vecchia},
  year =	 2014,
  note =	 {R package version 1.0.4},
  url =		 {{https://CRAN.R-project.org/package=waterData}},
}

@Manual{leaflet,
  title =	 {leaflet: Create Interactive Web Maps with the
                  {JavaScript} ``{Leaflet}'' Library},
  author =	 {Joe Cheng and Yihui Xie},
  year =	 2015,
  note =	 {R package version 1.0.0},
  url =		 {https://CRAN.R-project.org/package=leaflet},
}

@Manual{rmarkdown,
  title =	 {rmarkdown: Dynamic Documents for {R}},
  author =	 {JJ Allaire and Joe Cheng and Yihui Xie and Jonathan
                  McPherson and Winston Chang and Jeff Allen and
                  Hadley Wickham and Aron Atkins and Rob Hyndman},
  year =	 2016,
  note =	 {R package version 0.9.2},
  url =		 {https://CRAN.R-project.org/package=rmarkdown},
}

@Manual{dplyr,
  title =	 {dplyr: A Grammar of Data Manipulation},
  author =	 {Hadley Wickham and Romain Francois},
  year =	 2015,
  note =	 {R package version 0.4.3},
  url =		 {https://CRAN.R-project.org/package=dplyr},
}

@Manual{DT,
  title =	 {{DT}: A Wrapper of the {JavaScript} Library
                  ``{DataTables}''},
  author =	 {Yihui Xie},
  year =	 2015,
  note =	 {R package version 0.1},
  url =		 {https://CRAN.R-project.org/package=DT},
}

@Article{ggmap,
  author =	 {David Kahle and Hadley Wickham},
  title =	 {ggmap: Spatial Visualization with ggplot2},
  journal =	 {The R Journal},
  year =	 2013,
  volume =	 5,
  number =	 1,
  pages =	 {144--161},
  url =
                  {https://journal.R-project.org/archive/2013-1/kahle-wickham.pdf}
}

@Manual{microbenchmark,
  title =	 {microbenchmark: Accurate Timing Functions},
  author =	 {Olaf Mersmann},
  year =	 2015,
  note =	 {R package version 1.4-2.1},
  url =		 {https://CRAN.R-project.org/package=microbenchmark},
}

@Manual{xts,
  title =	 {xts: eXtensible Time Series},
  author =	 {Jeffrey A. Ryan and Joshua M. Ulrich},
  year =	 2014,
  note =	 {R package version 0.9-7},
  url =		 {https://CRAN.R-project.org/package=xts},
}

@Manual{outliers,
  title =	 {outliers: Tests for Outliers},
  author =	 {Lukasz Komsta},
  year =	 2011,
  note =	 {R package version 0.14},
  url =		 {https://CRAN.R-project.org/package=outliers},
}

@Article{sp1,
  author =	 {Edzer J. Pebesma and Roger S. Bivand},
  title =	 {Classes and Methods for Spatial Data in {R}},
  journal =	 {R News},
  year =	 2005,
  volume =	 5,
  number =	 2,
  pages =	 {9--13},
  url =
                  {https://CRAN.R-project.org/doc/Rnews/Rnews_2005-2.pdf},
}

@Book{sp2,
  author =	 {Roger S. Bivand and Edzer Pebesma and Virgilio
                  Gomez-Rubio},
  title =	 {Applied Spatial Data Analysis with {R}},
  year =	 2013,
  edition =	 {2nd},
  publisher =	 {Springer-Verlag},
  doi =		 {10.1007/978-1-4614-7618-4},
}

@Article{spacetime,
  title =	 {{spacetime}: Spatio-Temporal Data in {R}},
  author =	 {Edzer Pebesma},
  journal =	 {Journal of Statistical Software},
  year =	 2012,
  volume =	 51,
  number =	 7,
  pages =	 {1--30},
  doi =		 {10.18637/jss.v051.i07},
}

@Manual{rgdal,
  title =	 {rgdal: Bindings for the Geospatial Data Abstraction
                  Library},
  author =	 {Roger Bivand and Tim Keitt and Barry Rowlingson},
  year =	 2016,
  note =	 {R package version 1.1-10},
  url =		 {https://CRAN.R-project.org/package=rgdal},
}

@Misc{sos4R,
  author =	 {Daniel N{\" u}st},
  title =	 {{sos4R}: An {R} Client for the {OGC} Sensor
                  Observation Service},
  year =	 2010,
  url =		 {http://www.nordholmen.net/sos4r/},
}

@Manual{cranlogs,
  title =	 {cranlogs: Download Logs from the ``RStudio'' CRAN
                  Mirror},
  author =	 {Gabor Csardi},
  year =	 2015,
  note =	 {R package version 2.1.0},
  url =		 {https://CRAN.R-project.org/package=cranlogs},
}

@Article{beven_etal_2012,
  author =	 {K Beven and W Buytaert and LA Smith},
  doi =		 {10.1002/hyp.9261},
  journal =	 {Hydrological Processes},
  pages =	 {1906--1909},
  title =	 {On Virtual Observatories and Modelled Realities (or
                  Why Discharge Must Be Treated as a Virtual
                  Variable)},
  volume =	 26,
  year =	 2012,
}

@Manual{cowplot,
  title =	 {cowplot: Streamlined Plot Theme and Plot Annotations
                  for ``ggplot2''},
  author =	 {Claus O. Wilke},
  year =	 2016,
  note =	 {R package version 0.6.2},
  url =		 {https://CRAN.R-project.org/package=cowplot},
}

@Article{plyr,
  title =	 {The Split-Apply-Combine Strategy for Data Analysis},
  author =	 {Hadley Wickham},
  journal =	 {Journal of Statistical Software},
  year =	 2011,
  volume =	 40,
  number =	 1,
  pages =	 {1--29},
  doi =		 {10.18637/jss.v040.i01},
}

@Manual{httr,
  title =	 {httr: Tools for Working with {URL}s and {HTTP}},
  author =	 {Hadley Wickham},
  year =	 2016,
  note =	 {R package version 1.1.0},
  url =		 {https://CRAN.R-project.org/package=httr},
}

@Manual{xml2,
  title =	 {xml2: Parse {XML}},
  author =	 {Hadley Wickham and James Hester},
  year =	 2016,
  note =	 {R package version 1.0.0},
  url =		 {https://CRAN.R-project.org/package=xml2},
}

@Manual{stringr,
  title =	 {stringr: Simple, Consistent Wrappers for Common
                  String Operations},
  author =	 {Hadley Wickham},
  year =	 2016,
  note =	 {R package version 1.1.0},
  url =		 {https://CRAN.R-project.org/package=stringr},
}

@Manual{rjson,
  title =	 {rjson: {JSON} for {R}},
  author =	 {Alex Couture-Beil},
  year =	 2014,
  note =	 {R package version 0.2.15},
  url =		 {https://CRAN.R-project.org/package=rjson},
}

@Book{ggplot2,
  author =	 {Hadley Wickham},
  title =	 {ggplot2: Elegant Graphics for Data Analysis},
  publisher =	 {Springer-Verlag},
  year =	 2009,
  url =		 {http://ggplot2.org},
}

@Manual{shiny,
  title =	 {shiny: Web Application Framework for {R}},
  author =	 {Winston Chang and Joe Cheng and JJ Allaire and Yihui
                  Xie and Jonathan McPherson},
  year =	 2016,
  note =	 {R package version 0.13.2},
  url =		 {https://CRAN.R-project.org/package=shiny},
}

@Manual{ggrepel,
  title =	 {ggrepel: Repulsive Text and Label Geoms for
                  ``ggplot2''},
  author =	 {Kamil Slowikowski},
  year =	 2016,
  note =	 {R package version 0.5},
  url =		 {https://CRAN.R-project.org/package=ggrepel},
}

@Manual{knitr1,
  title =	 {knitr: A General-Purpose Package for Dynamic Report
                  Generation in {R}},
  author =	 {Yihui Xie},
  year =	 2016,
  note =	 {R package version 1.14},
  url =		 {https://CRAN.R-project.org/package=knitr},
}

@Book{knitr2,
  author =	 {Yihui Xie},
  title =	 {Dynamic Documents with {R} and knitr},
  edition =	 {2nd},
  publisher =	 {Chapman and Hall/CRC},
  year =	 2015,
  isbn =	 {978-1498716963},
}

@inbook{knitr3,
  author =	 {Yihui Xie},
  year =	 2014,
  chapter =	 {knitr: A Comprehensive Tool for Reproducible
                  Research in {R}},
  editor =	 {Victoria Stodden, Friedrich Leisch and Roger
                  D. Peng},
  title =	 {Implementing Reproducible Computational Research},
  publisher =	 {Chapman and Hall/CRC},
}

@Article{evd,
  title =	 {evd: Extreme Value Distributions},
  author =	 {A. G. Stephenson},
  journal =	 {R News},
  year =	 2002,
  volume =	 2,
  number =	 2,
  pages =	 {31--32},
  url =
                  {https://CRAN.R-project.org/doc/Rnews/Rnews_2002-2.pdf},
}

@article{cox2011observations,
  title =	 {Observations and measurements -- {XML} implementation},
  author =	 {Cox, Simon and others},
  journal =	 {OGC document},
  year =	 2011
}

@techreport{gml2013opengis,
  title =	 {{OpenGIS} geography markup language ({GML}) encoding
                  standard},
  author =	 {{Open Geospatial Consortium}},
  year =	 2013,
  url =		 {http://www.opengeospatial.org/standards/gml}
}

@Manual{rnrfa,
  title =	 {rnrfa: UK National River Flow Archive Data from R},
  author =	 {Claudia Vitolo},
  year =	 {2016},
  note =	 {R package version 1.3.0},
  url =		 {https://CRAN.R-project.org/package=rnrfa},
}

@Misc{Web,
  author =	 {Thomas Leeper and Scott Chamberlain and Patrick Mair
                  and Karthik Ram and Christopher Gandrud},
  title =	 {{CRAN} {T}ask {V}iew: {W}eb Technologies and
                  Services},
  url =		 {https://CRAN.R-project.org/view=WebTechnologies},
  year =	 {2016},
  note =	 {Version 2016-08-18}
}

@Manual{devtools,
  title =	 {devtools: Tools to Make Developing R Packages
                  Easier},
  author =	 {Hadley Wickham and Winston Chang},
  year =	 {2016},
  note =	 {R package version 1.12.0},
  url =		 {https://CRAN.R-project.org/package=devtools},
}
@book{sos4R-2,
author = {D.~{Nüst, C.~Stasch, and E.~J. Pebesma}},
title = {{Connecting R to the sensor web}},
publisher = {Lecture Notes in Geoinformation and Cartography pages .Springer},
pages = {227--246},
year = {2011}
}
@book{spacetime-2,
author = {E.~{Pebesma}},
title = {{spacetime: Spatio-temporal data in R}},
publisher = {Journal of Statistical Software 51 (7):  doi10.18637/jss.v051.i07},
pages = {1--30},
year = {2012}
}

