@book{E:Adler+Wilkerson:2004,
author = {E.~{Adler, J.~Wilkerson}},
title = {{em Congressional Bills Project}},
publisher = {University of Washington},
year = {2004},
url = {http://www.congressionalbills.org/}
}
@book{L:Bouttou+Bousquet:2008,
author = {L.~{Bouttou, O.~Bousquet}},
title = {{The tradeoffs of large scale learning}},
publisher = {em Advances in Neural Information Processing Systems pp},
pages = {161--168},
year = {2008},
url = {http://leon.bottou.org/publications/pdf/nips-2007.pdf}
}
@book{A:Boydstun:2008,
author = {A.~{Boydstun}},
title = {{How Policy Issues Become Front-Page News}},
publisher = {em Under review},
url = {http://psfaculty.ucdavis.edu/boydstun/}
}
@book{D:Eddelbuettel+Francois:2011,
author = {D.~{Eddelbuettel, R.~Francois}},
title = {{Rcpp: Seamless R and C++ integration}},
publisher = {em Journal of Statistical Software 40(8) pp},
pages = {1--18},
year = {2011},
url = {http://www.jstatsoft.org/v40/i08/}
}
@book{I:Feinerer+Hornik+Meyer:2008,
author = {I.~{Feinerer, K.~Hornik, D.~Meyer}},
title = {{Text mining infrastructure in R}},
publisher = {em Journal of Statistical Software 25(5) pp},
pages = {1--54},
year = {2008},
url = {http://www.jstatsoft.org/v25/i05/}
}
@book{R:Koenker+Ng:2011,
author = {R.~{Koenker, P.~Ng}},
title = {{SparseM: A Sparse Matrix Package for R}},
publisher = {em CRAN Package Archive},
year = {2011},
url = {http://cran.r-project.org/package=SparseM}
}
@book{R:Nocedal:1990,
author = {R.~{Nocedal}},
title = {{The performance of several algorithms for large scale unconstrained optimization}},
publisher = {em Large Scale Numerical Optimization pp   Society for Industrial & Applied Mathematics},
pages = {138--151},
year = {1990}
}
@book{K:Nigam+Lafferty+McCallum:1999,
author = {K.~{Nigam, J.~Lafferty, and A.~McCallum}},
title = {{Using maximum entropy for text classification}},
publisher = {em IJCAI-99 Workshop on Machine Learning for Information Filtering pp},
pages = {61--67},
year = {1999},
url = {http://www.kamalnigam.com/papers/maxent-ijcaiws99.pdf}
}
@book{Y:Tsuruoka:2011,
author = {Y.~{Tsuruoka}},
title = {{A simple C++ library for maximum entropy classification}},
publisher = {em University of Tokyo Department of Computer Science (Tsujii Laboratory)   ~tsuruoka/maxent/},
year = {2011},
url = {http://www-tsujii.is.s.u-tokyo.ac.jp/}
}

