@article{box64,
  title={An analysis of transformations},
  author={Box, G.E.P. and Cox, D.R.},
  journal={Journal of the Royal Statistical Society. Series B (Methodological)},
  pages={211--252},
  year={1964},
  publisher={JSTOR}
}

@article {chang99,
    AUTHOR = {Chang, William H. and McKean, Joseph W. and Naranjo, Joshua D.
              and Sheather, Simon J.},
     TITLE = {"{H}igh-{B}reakdown {R}ank {R}egression"},
  AJOURNAL = {J. Amer. Statist. Assoc.},
   JOURNAL = {Journal of the American Statistical Association},
    VOLUME = {94},
      YEAR = {1999},
    NUMBER = {445},
     PAGES = {205--219},
      ISSN = {0162-1459},
     CODEN = {JSTNAL},
   MRCLASS = {62J05 (62G05 62G35)},
  MRNUMBER = {2000g:62159},
}

@article{crimin08,
author={Crimin, Kim S. and Abebe, A. and McKean, Joseph W.},
year = {2008},
title = {Robust General Linear Models and Graphics via a User Interface},
journal = {Journal of Modern Applied Statistics}, 
volume = {7}, 
pages = {318--330},
}


@book {hm11,
    AUTHOR = {Hettmansperger, T. P. and McKean, J. W.},
     TITLE = {Robust Nonparametric Statistical Methods, 2nd Ed.},
 PUBLISHER = {Chapman Hall},
   ADDRESS = {New York},
      YEAR = {2011},
     PAGES = {xiv+467},
      ISBN = {0-340-54937-8; 0-471-19479-4},
   MRCLASS = {62Gxx},
  MRNUMBER = {99c:62075},
MRREVIEWER = {Xuming He},
}

@book{ hocking85,
	author = {Hocking, R. R.},
	title = {The Analysis of Linear Models},
	publisher = {Brooks/Cole},
	address = {Monterey, CA},
	year = {1985},
}
	

@article {jaeckel72,
    AUTHOR = {Jaeckel, Louis A.},
     TITLE = {"{E}stimating {R}egression {C}oefficients by {M}inimizing the
              {D}ispersion of the {R}esiduals"},
   JOURNAL = {The Annals of Mathematical Statistics},
    VOLUME = {43},
      YEAR = {1972},
     PAGES = {1449--1458},
   MRCLASS = {62J05},
  MRNUMBER = {50 \#1424},
MRREVIEWER = {P. K. Bhattacharya},
}
@article {jureckova71,
    AUTHOR = {Jure{\v{c}}kov{\'a}, Jana},
     TITLE = {"{N}onparametric {E}stimate of {R}egression {C}oefficients"},
   JOURNAL = {The Annals of Mathematical Statistics},
    VOLUME = {42},
      YEAR = {1971},
     PAGES = {1328--1338},
   MRCLASS = {62G05},
  MRNUMBER = {45 \#4553},
MRREVIEWER = {J. H. Stapleton},
}
@techreport{kapenga95,
  AUTHOR = {Kapenga, John and McKean, Joseph W. and Vidmar, Thomas J.},
  TITLE = {"{RGLM}:  {U}sers {M}anual"},
  INSTITUTION = {Western Michigan University, Department of Mathematics and
                 Statistics},
  YEAR = {1995},
  NUMBER = {90},
}
  @Manual{quantreg,
    title = {quantreg: Quantile Regression},
    author = {Roger Koenker},
    year = {2011},
    note = {R package version 4.69},
    url = {http://CRAN.R-project.org/package=quantreg},
  }

@article {ksm87,
    AUTHOR = {Koul, H. L. and  Sievers, G. and McKean, J. W.},
     TITLE = {"{A}n {E}stimator of the {S}cale {P}arameter for the {R}ank {A}nalysis of
           {L}inear {M}odels under {G}eneral {S}core {F}unctions"},
   JOURNAL = {Scandinavian Journal of Statistics},
    VOLUME = {14},
      YEAR = {1987},
     PAGES = {131--141},
}
  @Manual{R,
    title = {R: A Language and Environment for Statistical Computing},
    author = {{R Development Core Team}},
    organization = {R Foundation for Statistical Computing},
    address = {Vienna, Austria},
    year = {2011},
    note = {{ISBN} 3-900051-07-0},
    url = {http://www.R-project.org/},
  }

@article{mckean2004,
  title={Robust analysis of linear models},
  author={McKean, J.W.},
  journal={Statistical Science},
  volume={19},
  number={4},
  pages={562--570},
  year={2004},
  publisher={Institute of Mathematical Statistics}
}

@book{morrison83,
	title = {Applied Linear Statistical Models},
	year = {1987},
	publisher = {Prentice Hall},
	address = {Englewood Cliffs, NJ},
}

@book{rousseuw87,
	title = {Robust Regression and Outlier Detection},
	author = {Rousseuw, P. J. and Leroy, A. M.},
	year = {1987},
	publisher = {Wiley},
	address = {New York},
}


@article {tm05,
    AUTHOR = {Terpstra, J. and McKean, J. W.},
     TITLE = {"{R}ank-{B}ased {A}nalyses of {L}inear {M}odels {U}sing {R}"},
   JOURNAL = {Journal of Statistical Software},
    VOLUME = {14},
      YEAR = {2005},
     PAGES = {http://www.jstatsoft.org/},
}





@book{bc64,
author = {G.~{Box and D.~Cox}},
title = {{An analysis of transformations}},
publisher = {Journal of the Royal Statistical Society Series B(Methodological) pages},
pages = {211--252},
year = {1964}
}
@book{hocking85,
author = {R.~R. {Hocking}},
title = {{The Analysis of Linear Models}},
publisher = {Brooks/Cole Monterey CA},
year = {1985}
}
@book{hw99,
author = {M.~{Hollander and D.~A. Wolfe}},
title = {{Nonparametric Statistical Methods, Second Edition}},
publisher = {John Wiley & Sons New York New York},
year = {1999}
}
@book{kloke09,
author = {J.~{Kloke, J.~McKean, and M.~Rashid}},
title = {{Rank-based estimation and associated inferences for linear models with cluster correlated errors}},
publisher = {Journal of the American Statistical Association 104(485):},
pages = {384--390},
year = {2009}
}
@book{quantreg,
author = {R.~{Koenker}},
title = {{quantreg: Quantile Regression, }},
publisher = {R package version 4.69},
year = {2011},
url = {http://CRAN.R-project.org/package=quantreg}
}
@book{mckean04,
author = {J.~{McKean}},
title = {{Robust analysis of linear models}},
publisher = {Statistical Science 19 (4):},
pages = {562--570},
year = {2004}
}
@book{mh78,
author = {J.~{McKean and T.~Hettmansperger}},
title = {{A robust analysis of the general linear model based on one step R-estimates}},
publisher = {Biometrika 65 (3): 571},
year = {1978}
}
@book{ms09,
author = {J.~{McKean and S.~Sheather}},
title = {{Diagnostic procedures}},
publisher = {Wiley Interdisciplinary Reviews: Computational Statistics,1 (2):},
pages = {221--233},
year = {2009}
}
@book{mckean09,
author = {J.~{McKean, J.~Terpstra, and J.~Kloke}},
title = {{Computational rank-based statistics}},
publisher = {Wiley Interdisciplinary Reviews: Computational Statistics,1 (2):},
pages = {132--140},
year = {2009}
}
@book{MASS,
author = {W.~N. {Venables and B.~D. Ripley}},
title = {{Modern Applied Statistics with S}},
publisher = {Springer New York fourth edition},
year = {2002},
url = {http://www.stats.ox.ac.uk/pub/MASS4},
isbn = {0-387-95457-0}
}



