@techreport{arto_measuring_2019,
	type = {JRC Technical Report},
	title = {Measuring {Bilateral} {Trade} in {Terms} of {Value} {Added}},
	url = {https://doi.org/10.2760/639612},
	doi = {10.2760/639612},
	language = {English},
	urldate = {2020-05-27},
	author = {Arto, Iñaki and Dietzenbacher, Erik and Rueda-Cantuche, José Manuel and {European Commission} and {Joint Research Centre}},
	year = {2019},
	keywords = {TiVA, Global Value Chains, Input-output tables},
}

@article{koopman_tracing_2014,
	title = {Tracing {Value}-{Added} and {Double} {Counting} in {Gross} {Exports}},
	volume = {104},
	issn = {0002-8282},
	url = {https://doi.org/10.1257/aer.104.2.459},
	doi = {10.1257/aer.104.2.459},
	language = {en},
	number = {2},
	urldate = {2020-05-27},
	journal = {American Economic Review},
	author = {Koopman, Robert and Wang, Zhi and Wei, Shang-Jin},
	month = feb,
	year = {2014},
	keywords = {International Trade, TiVA, Global Value Chains, Input-output tables},
	pages = {459--494},
}

@techreport{quast_decompr_2015,
	type = {CTEI Papers},
	title = {decompr: {Global} {Value} {Chain} {Decomposition} in {R}},
	url = {https://qua.st/decompr/},
	number = {2015-01},
	institution = {Centre for Trade & Economic Integration},
	author = {Quast, Bastiaan and Kummritz, Victor},
	month = jan,
	year = {2015},
	keywords = {TiVA, Global Value Chains},
}

@article{los_tracing_2016,
	title = {Tracing {Value}-{Added} and {Double} {Counting} in {Gross} {Exports}: {Comment}},
	volume = {106},
	issn = {0002-8282},
	shorttitle = {Tracing {Value}-{Added} and {Double} {Counting} in {Gross} {Exports}},
	url = {https://doi.org/10.1257/aer.20140883},
	doi = {10.1257/aer.20140883},
	language = {en},
	number = {7},
	urldate = {2020-10-10},
	journal = {American Economic Review},
	author = {Los, Bart and Timmer, Marcel P. and de Vries, Gaaitzen J.},
	month = jul,
	year = {2016},
	keywords = {TiVA, Global Value Chains},
	pages = {1958--1966},
}

@article{nagengast_accounting_2016,
	title = {Accounting for the {Differences} {Between} {Gross} and {Value} {Added} {Trade} {Balances}},
	volume = {39},
	copyright = {© 2016 John Wiley \& Sons Ltd},
	issn = {1467-9701},
	url = {https://doi.org/10.1111/twec.12401},
	doi = {10.1111/twec.12401},
	language = {en},
	number = {9},
	urldate = {2020-10-10},
	journal = {The World Economy},
	author = {Nagengast, Arne J. and Stehrer, Robert},
	year = {2016},
	keywords = {TiVA, Global Value Chains},
	pages = {1276--1306},
}

@misc{borin_follow_2017,
	type = {{MPRA} {Paper}},
	title = {Follow the {Value} {Added}: {Tracking} {Bilateral} {Relations} in {Global} {Value} {Chains}},
	shorttitle = {Follow the {Value} {Added}},
	url = {https://mpra.ub.uni-muenchen.de/82692/},
	language = {en},
	urldate = {2020-10-10},
	author = {Borin, Alessandro and Mancini, Michele},
	month = nov,
	year = {2017},
	keywords = {TiVA, Global Value Chains, Input-output tables},
}

@techreport{oecd_guide_2019,
	title = {Guide to {OECD}’s {Trade} in {Value} {Added} ({TiVA}) {Indicators}, 2018 edition},
	url = {https://www.oecd.org/sti/ind/tiva/TiVA2018_Indicators_Guide.pdf},
	institution = {OECD},
	author = {{OECD}},
	month = dec,
	year = {2019},
	keywords = {Global Value Chains, Input-output tables},
}

@misc{wade_ioanalysis_2020,
	title = {ioanalysis: {Input} {Output} {Analysis}},
	url = {https://cran.r-project.org/web/packages/ioanalysis/ioanalysis.pdf},
	author = {Wade, John and Sarmiento-Barbieri, Ignacio},
	month = sep,
	year = {2020},
	keywords = {Software, R},
}

@techreport{wang_quantifying_2013,
	type = {NBER Working Paper},
	title = {Quantifying {International} {Production} {Sharing} at the {Bilateral} and {Sector} {Levels}},
	url = {https://econpapers.repec.org/paper/nbrnberwo/19677.htm},
	number = {19677},
	urldate = {2020-11-14},
	institution = {National Bureau of Economic Research, Inc},
	author = {Wang, Zhi and Wei, Shang-Jin and Zhu, Kunfu},
	month = nov,
	year = {2013},
	keywords = {International Trade, TiVA, Global Value Chains, Input-output tables},
}

@book{miller_input-output_2009,
	address = {Cambridge},
	edition = {2},
	title = {Input-{Output} {Analysis}: {Foundations} and {Extensions}},
	isbn = {978-0-511-62698-2},
	shorttitle = {Input–{Output} {Analysis}},
	url = {http://ebooks.cambridge.org/ref/id/CBO9780511626982},
	urldate = {2020-12-05},
	publisher = {Cambridge University Press},
	author = {Miller, Ronald E. and Blair, Peter D.},
	year = {2009},
	doi = {10.1017/CBO9780511626982},
	keywords = {Input-output tables},
}

@techreport{borin_measuring_2019,
	address = {Washington, D.C.},
	type = {Policy {Research} {Working} {Paper}},
	title = {Measuring {What} {Matters} in {Global} {Value} {Chains} and {Value}-{Added} {Trade}},
	url = {https://openknowledge.worldbank.org/handle/10986/31533},
	number = {8804},
	institution = {World Bank},
	author = {Borin, Alessandro and Mancini, Michele},
	month = apr,
	year = {2019},
	keywords = {TiVA, Global Value Chains, Input-output tables},
}

@article{daudin_who_2011,
	title = {Who produces for whom in the world economy?},
	volume = {44},
	copyright = {© Canadian Economics Association},
	issn = {1540-5982},
	url = {https://doi.org/10.1111/j.1540-5982.2011.01679.x},
	doi = {10.1111/j.1540-5982.2011.01679.x},
	language = {en},
	number = {4},
	urldate = {2021-04-26},
	journal = {Canadian Journal of Economics},
	author = {Daudin, Guillaume and Rifflart, Christine and Schweisguth, Danielle},
	year = {2011},
	keywords = {TiVA, Global Value Chains, Input-output tables},
	pages = {1403--1437},
}

@article{johnson_accounting_2012,
	title = {Accounting for intermediates: {Production} sharing and trade in value added},
	volume = {86},
	issn = {0022-1996},
	shorttitle = {Accounting for intermediates},
	url = {https://doi.org/10.1016/j.jinteco.2011.10.003},
	doi = {10.1016/j.jinteco.2011.10.003},
	language = {en},
	number = {2},
	urldate = {2021-04-26},
	journal = {Journal of International Economics},
	author = {Johnson, Robert C. and Noguera, Guillermo},
	month = mar,
	year = {2012},
	keywords = {International Trade, TiVA, Global Value Chains},
	pages = {224--236},
}

@techreport{los_measuring_2018,
	type = {NBER Working Paper},
	title = {Measuring {Bilateral} {Exports} of {Value} {Added}: {A} {Unified} {Framework}},
	shorttitle = {Measuring {Bilateral} {Exports} of {Value} {Added}},
	url = {https://www.nber.org/papers/w24896},
	language = {en},
	number = {w24896},
	urldate = {2021-04-26},
	institution = {NBER},
	author = {Los, Bart and Timmer, Marcel P.},
	month = aug,
	year = {2018},
	doi = {10.3386/w24896},
	keywords = {TiVA, Global Value Chains, Input-output tables},
}

@article{miroudot_decomposing_2021,
	title = {Decomposing {Value} {Added} in {Gross} {Exports}},
	volume = {33},
	issn = {0953-5314, 1469-5758},
	url = {https://doi.org/10.1080/09535314.2020.1730308},
	doi = {10.1080/09535314.2020.1730308},
	language = {en},
	number = {1},
	urldate = {2021-05-16},
	journal = {Economic Systems Research},
	author = {Miroudot, Sébastien and Ye, Ming},
	month = jan,
	year = {2021},
	keywords = {International Trade, TiVA, Global Value Chains, Input-output tables},
	pages = {67--87},
}

@article{johnson_measuring_2018,
	title = {Measuring {Global} {Value} {Chains}},
	volume = {10},
	issn = {1941-1383, 1941-1391},
	url = {https://doi.org/10.1146/annurev-economics-080217-053600},
	doi = {10.1146/annurev-economics-080217-053600},
	language = {en},
	number = {1},
	urldate = {2021-06-11},
	journal = {Annual Review of Economics},
	author = {Johnson, Robert C.},
	month = aug,
	year = {2018},
	keywords = {International Trade, TiVA, Global Value Chains},
	pages = {207--236},
}

@article{borin_participation_2017,
	title = {Participation in {Global} {Value} {Chains}: {Measurement} {Issues} and the {Place} of {Italy}},
	shorttitle = {Participation in {Global} {Value} {Chains}},
	url = {https://doi.org/10.13140/RG.2.2.28615.60323},
	doi = {10.13140/RG.2.2.28615.60323},
	urldate = {2021-06-19},
	author = {Borin, Alessandro and Mancini, Michele},
	year = {2017},
	note = {Publisher: Unpublished},
	keywords = {TiVA, Global Value Chains, Input-output tables},
}

@article{belotti_icio_2021,
	title = {icio: {Economic} analysis with intercountry input–output tables},
	volume = {21},
	issn = {1536-867X, 1536-8734},
	shorttitle = {icio},
	url = {https://doi.org/10.1177/1536867X211045573},
	doi = {10.1177/1536867X211045573},
	language = {en},
	number = {3},
	urldate = {2021-11-23},
	journal = {The Stata Journal},
	author = {Belotti, Federico and Borin, Alessandro and Mancini, Michele},
	month = sep,
	year = {2021},
	keywords = {TiVA, Global Value Chains, Software},
	pages = {708--755},
}

@article{leontief_quantitative_1936,
	title = {Quantitative {Input} and {Output} {Relations} in the {Economic} {System} of the {United} {States}},
	volume = {18},
	journal = {Review of Economics and Statistics},
	author = {Leontief, Wassily W.},
	year = {1936},
	pages = {105--125},
}

@article{foster-mcgregor_value_2013,
	title = {Value added content of trade: {A} comprehensive approach},
	volume = {120},
	issn = {01651765},
	shorttitle = {Value added content of trade},
	url = {https://doi.org/10.1016/j.econlet.2013.05.003},
	doi = {10.1016/j.econlet.2013.05.003},
	language = {en},
	number = {2},
	urldate = {2022-06-04},
	journal = {Economics Letters},
	author = {Foster-McGregor, Neil and Stehrer, Robert},
	month = aug,
	year = {2013},
	pages = {354--357},
}

@techreport{miroudot_decomposition_2017,
	type = {MPRA Paper},
	title = {Decomposition of {Value}-{Added} in {Gross} {Exports}: {Unresolved} {Issues} and {Possible} {Solutions}},
	shorttitle = {Decomposition of {Value}-{Added} in {Gross} {Exports}},
	url = {https://mpra.ub.uni-muenchen.de/86346/},
	number = {86346},
	institution = {Munich Personal RePEc Archive},
	author = {Miroudot, Sébastien and Ye, Ming},
	month = dec,
	year = {2017},
	keywords = {International Trade, TiVA, Global Value Chains, Input-output tables},
}

@article{timmer_illustrated_2015,
	title = {An {Illustrated} {User} {Guide} to the {World} {Input}-{Output} {Database}: the {Case} of {Global} {Automotive} {Production}},
	volume = {23},
	issn = {09657576},
	shorttitle = {An {Illustrated} {User} {Guide} to the {World} {Input}-{Output} {Database}},
	url = {https://doi.org/10.1111/roie.12178},
	doi = {10.1111/roie.12178},
	language = {en},
	number = {3},
	urldate = {2022-06-04},
	journal = {Review of International Economics},
	author = {Timmer, Marcel P. and Dietzenbacher, Erik and Los, Bart and Stehrer, Robert and de Vries, Gaaitzen J.},
	month = aug,
	year = {2015},
	pages = {575--605},
}

@techreport{oecd_oecd_2023,
	title = {{OECD} {Inter}-{Country} {Input}-{Output} {Database}},
	url = {http://oe.cd/icio},
	author = {{OECD}},
	year = {2023},
}

@article{lenzen_building_2013,
	title = {Building {Eora}: {A} {Global} {Multi}-{Region} {Input}–{Output} {Database} at {High} {Country} and {Sector} {Resolution}},
	volume = {25},
	issn = {0953-5314, 1469-5758},
	shorttitle = {Building {Eora}},
	url = {https://doi.org/10.1080/09535314.2013.769938},
	doi = {10.1080/09535314.2013.769938},
	language = {en},
	number = {1},
	urldate = {2022-06-04},
	journal = {Economic Systems Research},
	author = {Lenzen, Manfred and Moran, Daniel and Kanemoto, Keiichiro and Geschke, Arne},
	month = mar,
	year = {2013},
	pages = {20--49},
}

@techreport{asian_development_bank_multiregional_2023,
	title = {Multiregional {Input}-{Output} {Database} ({ADB-MRIO})},
	url = {https://kidb.adb.org/mrio},
	author = {{Asian Development Bank}},
	year = {2023},
}

@misc{statacorp_stata_2021,
	address = {College Station, TX},
	title = {Stata {Statistical} {Software}: {Release} 17},
	publisher = {StataCorp LLC},
	author = {{StataCorp}},
	year = {2021},
}

@misc{schauberger_openxlsx_2021,
	title = {openxlsx: {Read}, {Write} and {Edit} xlsx {Files}},
	shorttitle = {openxlsx},
	url = {https://CRAN.R-project.org/package=openxlsx},
	author = {Schauberger, Philipp and Walker, Alexander},
	year = {2021},
}

@article{borin_measuring_2023,
	title = {Measuring what matters in value-added trade},
	issn = {0953-5314, 1469-5758},
	url = {https://doi.org/10.1080/09535314.2022.2153221},
	doi = {10.1080/09535314.2022.2153221},
	language = {en},
	urldate = {2023-01-20},
	journal = {Economic Systems Research},
	author = {Borin, Alessandro and Mancini, Michele},
	month = jan,
	year = {2023},
	pages = {1--28},
}

@book{remond-tierrez_eu_2019,
	address = {LU},
	title = {{EU} inter-country supply, use and input-output tables: full international and global accounts for research in input output analysis ({FIGARO}): 2019 edition.},
	shorttitle = {{EU} inter-country supply, use and input-output tables},
	url = {https://doi.org/10.2785/008780},
	doi = {10.2785/008780},
	language = {eng},
	urldate = {2023-06-11},
	publisher = {EU Publications Office},
	editor = {Remond-Tierrez, Isabelle and Rueda-Cantuche, José Manuel},
	year = {2019},
}