@ARTICLE{georglm,
  author = {O.F. Christensen and P.J. Ribeiro},
  title = {{geoRglm} - a package for generalised linear spatial models},
  journal = {R-NEWS},
  year = {2002},
  volume = {2},
  pages = {26-28},
  number = {2},
  url = {http://cran.R-project.org/doc/Rnews}
}

@BOOK{gelman,
  title = {Bayesian data analysis},
  publisher = {CRC press},
  year = {2004},
  author = {Gelman, A.}
}

@UNPUBLISHED{mcmcglmm,
  author = {J D Hadfield},
  title = {{MCMC} methods for Multi-response Generalised Linear Mixed Models:
	The {MCMCglmm} {R} Package},
  note = {available at cran.r-project.org/web/packages/MCMCglmm/\\vignettes/Tutorial.pdf},
  year = {2009},
  language = {English},
  number = {1},
  pages = {1},
  volume = {1}
}

@ARTICLE{winbugs,
  author = {Lunn, D.J. and Thomas, A. and Best, N. and Spiegelhalter, D.},
  title = {{WinBUGS}-A {B}ayesian modelling framework: Concepts, structure,
	and extensibility},
  journal = {Statistics and Computing},
  year = {2000},
  volume = {10},
  pages = {325--337},
  number = {4},
  publisher = {Springer}
}

@UNPUBLISHED{glmmgibbs,
  author = {Jonathan Myles and David Clayton},
  title = {Generalised Linear Mixed Models by Gibbs Sampling},
  note = {available at http://ftp.at.gnucash.org/pub/languages/\\ OBSOLATE-WILL-BE-DELETED/R/doc/\\ packages/GLMMGibbs.pdf.},
  year = {2001},
  language = {English}
}

@BOOK{GMRFbook,
  title = {Gaussian {M}arkov Random Fields: {T}heory and Applications},
  publisher = {Chapman \& Hall},
  year = {2005},
  author = {H. Rue and L. Held},
  volume = {104},
  series = {Monographs on Statistics and Applied Probability},
  address = {London}
}

@ARTICLE{ruelaplace,
  author = {Havard Rue and Sara Martino and Nicolas Chopin},
  title = {Approximate {B}ayesian inference for latent {G}aussian models by
	using integrated nested {L}aplace approximations},
  journal = {Journal of the Royal Statistical Society --- Series B},
  year = {2009},
  volume = {71},
  pages = {319 - 392},
  number = {2},
  owner = {PBrown},
  timestamp = {2008.08.16}
}

@ELECTRONIC{winbugsmanual,
  author = {David Spiegelhalter and Andrew Thomas and Nicky Best and Dave Lunn},
  year = {2004},
  title = {{WinBUGS} User Manual},
  url = {http://mathstat.helsinki.fi/openbugs/data/Docu/WinBugs\%20Manual.html},
  owner = {Patrick Brown},
  timestamp = {2009.06.30}
}

@ARTICLE{r2winbugs,
  author = {Sibylle Sturtz and Uwe Ligges and Andrew Gelman},
  title = {{R2WinBUGS}: A Package for Running {WinBUGS} from {R}},
  journal = {Journal of Statistical Software},
  year = {2005},
  volume = {12},
  pages = {1--16},
  number = {3},
  url = {http://www.jstatsoft.org}
}









