@Article{bates,
  Title                    = {Fitting Linear Mixed-Effects Models Using lme4},
  Author                   = {Douglas Bates and Martin M\"{a}chler and Benjamin~M. Bolker and Steven C. Walker},
  Journal                  = {Journal of Statistical Software},
  Year                     = {2015},
  Pages                    = {1--48},
  Volume                   = {67(1)},
  url = {https://doi.org/<10.18637/jss.v067.i01>}
}
@Manual{ASA,
  Title                    = {ASA Statement on {U}sing {V}alue-Added {M}odels for {E}ducational {A}ssessment},
  Author                   = {{{A}merican~{S}tatistical~{A}ssociation}},
  Year                     = {2014},
  Volume                   = {},
  url                      = {http://www.amstat.org/policy/pdfs/ASA_VAM_Statement.pdf}
}

@Manual{rRealVAMS,

  title  = {RealVAMS: {M}ultivariate {VAM} {F}itting},

  author = {Andrew Karl and Jennifer Broatch and Jennifer Green},

  year   = {2015},

  note   = {R~package version~0.3-2},

  url    = {http://CRAN.R-project.org/package=RealVAMS},

}

@article{Broatchmvaa,
     title = {Multidimensional Assessment of Value Added by Teachers to Real-World Outcomes},
     author = {Jennifer E. Broatch and Sharon Lohr},
     year = {2012},
     volume ={37},
     journal ={Journal of Educational and Behavioral Statistics},
     pages = {256--277},
}

@BOOK{Demidenko,
        AUTHOR={Eugene Demidenko},
        TITLE={Mixed Models: Theory and Applications},
        PUBLISHER={John Wiley \& Sons},
        Address = {Hoboken, NJ},
        YEAR={2004}
       }

@Article{Italian,
  Title                    = {Multivariate Generalized Linear Mixed Models For Joint Estimation Of Sporting Outcomes},
  Author                   = {Jennifer Broatch and Andrew Karl},
  Journal                  = {Italian Journal of Applied Statistics},
  Year                     = {2018},
  Pages                    = {--},
  Volume                   = {to appear},
  URL                      = {http://sa-ijas.stat.unipd.it}
}


@article{Karl,
     author = {Andrew Karl and Yan Yang and Sharon Lohr},
     title = {Efficient Maximum Likelihood Estimation of Multiple Memembership Linear Mixed Models, with an Application to Educational Value-Added Assessments},
     year = {2013},
     journal = {Computational Statistics \& Data Analysis},
     volume = {59},
     pages = {13--27},
}
@article{Karl2014,
     author = {Andrew Karl and Yan Yang and Sharon Lohr},
     title = {Computation of maximum likelihood estimates for multiresponse generalized linear mixed models with non-nested, correlated random effects},
     year = {2014},
     journal = {Computational Statistics and Data Analysis},
     volume = {73},
     pages = {146--162},
}
@Article{football,
  Title                    = {The Sensitivity of College Football Rankings to Several Modeling Choices},
  Author                   = {Andrew T Karl},
  Journal                  = {Journal of Quantitative Analysis in Sports},
  Year                     = {2012},
  Number                   = {3},
  url = {https://doi.org/<10.1515/1559-0410.1471>},
  Volume                   = {8},
}

@article{Lockwood2007,
     title = {Bayesian Methods for Scalable Multivariate Value-Added Assessment},
     author = {Lockwood, J.~R. and McCaffrey, Daniel F. and Mariano, Louis T. and Setodji, Claude },
     journal = {Journal of Educational and Behavioral Statistics},
     year = {2007},
     volume = {32},
     pages = {125-150},
    }

@Article{browne01,
  Title                    = {Multiple Membership Multiple Classification ({MMMC}) Models},
  Author                   = {Willian J Browne and Harve Goldstein and John Rasbash},
  Journal                  = {Statistical Modelling},
  Year                     = {2001},
  Pages                    = {103--124},
  Volume                   = {1},
}

@article{METLDB,
     author = {Mark White and Brian Rowan},
     title = {Measures of Effective Teaching {(MET)} Longitudinal Database {(LDB)}: A User Guide to the ``Core Study'' Data Files Available to
     {MET} Early Career Grantees},
     year = {2012},
     journal = {Produced for Inter-University Consortium for Political and Social Research},
     volume = {Retrived online: \url{http://www.naeducation.org/MET_User_Guide_Data_Files.pdf}},

}

@article{METGather,
     author = {{MET Researchers}},
     title = {Gathering Feedback for Teaching: Combining High Quality Observations with Student Surveys and Achievement Gains},
     year = {2012},
     journal = {MET Project Research Paper-Bill and Melinda Gates Foundation},
     volume = {Initial Year 2 Findings from the MET Project, Retrived online: \url{http://www.metproject.org/downloads/MET_Gathering_Feedback_Research_Paper.pdf}},
}


@Manual{Matrix,
  title = {Matrix: Sparse and Dense Matrix Classes and Methods},
  author = {Douglas Bates and Martin Maechler},
  year = {2015},
  note = {R package version 1.2-2},
  url = {http://CRAN.R-project.org/package=Matrix},
}


@Manual{SAS,

  author  = {{SAS Institute Inc.}},

  title   = {SAS/STAT Software, Version~9.2},

  year    = {2008},

  address = {Cary, NC},

  url     = {http://www.sas.com/}

}

@Article{Breslow,
        AUTHOR = {N.~E. Breslow and D.~G. Clayton},
        TITLE ={Approximate Inference in Generalized Linear Mixed Models},
        JOURNAL ={Journal of the American Statistical Association},
        YEAR = {1993},
        VOLUME = {88},
        PAGES = {9-25},
      }

@BOOK{Rand,
        AUTHOR={Daniel~F. McCaffrey and J.~R. Lockwood and Daniel~M. Koretz and Laura S. Hamilton},
        TITLE={Evaluating Value-Added Models for Teacher Accountability},
        PUBLISHER={Rand Education},
        Address = {Santa Monica, CA},
        YEAR={2003},
       }

@Article{Zhang,
  Title                    = {R2MLwiN: A Package to Run {MLwiN} from within {R}},
  Author                   = {Zhengzheng Zhang and Richard~M.~A. Parkerand and  Christopher~M.~J. Charlton and George Leckie and William~J. Browne},
  Journal                  = {Journal of Statistical Software},
  Year                     = {2016},
  Pages                    = {1--43},
  Volume                   = {72(10)},
  url = {https://doi.org/<10.18637/jss.v072.i10>}
}

@article{Wolfinger,
     author = {Wolfinger, R.  and O'Connell, M.},
     year = {1993},
     title = {Generalized Linear Mixed Models: A pseudo-likelihood Approach},
     journal = {Journal of Statistical Computation and Simulation},
     volume = {48},
     pages = {233--243}
}
@Article{Rabe,
        AUTHOR = {Sophia Rabe-Hesketh and Anders Skrondal},
        TITLE ={Parameterization of Multivariate Random Effects Models for Categorical Data},
        JOURNAL ={Biometrics},
        YEAR = {2001},
        VOLUME = {57},
        PAGES = {1256-1264},
      }

@BOOK{Koretz,
        AUTHOR={Daniel~M. Koretz},
        TITLE={Measuring Up: What Educational Testing Really Tells Us},
        PUBLISHER={Harvard University Press},
        Address = {Cambridge, MA},
        YEAR={2008},
       }

@Article{McCulloch94,
        AUTHOR = {Charles~E. McCulloch},
        TITLE ={Maximum Likelihood Variance Components Estimation for Binary Data},
        JOURNAL ={Journal of the American Statistical Association},
        YEAR = {1994},
        VOLUME = {89},
        PAGES = {330-335},
      }
