@Manual{rgl,
  title = {Rgl: 3D Visualization Device System (OpenGL)},
  author = {Daniel Adler and Duncan Murdoch},
  note = {R package version 0.92.798},
  year = {2011},
}

@Article{Atkinson1982,
  title = {Regression Diagnostics, Transformations and Constructed Variables},
  author = {A. C. Atkinson},
  journal = {Journal of the Royal Statistical Society B},
  year = {1982},
  pages = {pp. 1-36},
  volume = {44},
  language = {English},
  publisher = {Blackwell Publishing for the Royal Statistical Society},
}

@Book{Atkinson1985,
  title = {Plots, Transformations, and Regression},
  author = {A. C. Atkinson},
  publisher = {Oxford University Press},
  year = {1985},
}

@Manual{lme4,
  title = {Lme4: Linear Mixed-Effects Models Using S4 Classes},
  author = {Douglas Bates and Martin Maechler and Ben Bolker},
  note = {R package version 0.999999-0},
  year = {2012},
}

@Book{Belsley1980,
  title = {Regression Diagnostics},
  author = {David A Belsley and Edwin Kuh and Roy E Welsch},
  publisher = {John Wiley \& Sons},
  year = {1980},
}

@Manual{randomForest,
  title = {randomForest: Breiman and Cutler's Random Forests for Classification and Regression},
  author = {Leo Breiman and Adele Cutler and Andy Liaw and Matthew Wiener},
  note = {R package version 4.6-12},
  year = {2015},
}

@Article{Cook1993,
  title = {Exploring Partial Residual Plots},
  author = {R. D. Cook},
  journal = {Technometrics},
  year = {1993},
  pages = {351--362},
  volume = {35},
  url = {https://doi.org/10.2307/1270269},
  publisher = {JSTOR},
}

@Book{Cook1982,
  title = {Residuals and Influence in Regression},
  author = {R Dennis Cook and Sanford Weisberg},
  publisher = {Chapman and Hall},
  year = {1982},
}

@Book{Diggle2002,
  title = {Analysis of Longitudinal Data},
  author = {Peter J Diggle and Patrick J Heagerty and K-Y Liang and Scott L Zeger},
  publisher = {Oxford University Press},
  year = {2002},
}

@Article{Efron1987,
  title = {Better Bootstrap Confidence Intervals},
  author = {B. Efron},
  journal = {Journal of the American Statistical Association},
  year = {1987},
  pages = {171--185},
  volume = {82},
  url = {https://doi.org/10.2307/2289144},
}

@Article{Ezekiel1924,
  title = {A Method of Handling Curvilinear Correlation for Any Number of Variables},
  author = {M. Ezekiel},
  journal = {Journal of the American Statistical Association},
  year = {1924},
  pages = {431--453},
  volume = {19},
  url = {https://doi.org/10.2307/2281561},
  publisher = {JSTOR},
}

@Article{Fox2003,
  title = {Effect Displays in {R} for Generalised Linear Models},
  author = {John Fox},
  journal = {Journal of Statistical Software},
  year = {2003},
  pages = {1--27},
  volume = {8},
  accepted = {2003-07-22},
  bibdate = {2003-07-22},
  coden = {JSSOBK},
  day = {22},
  url = {https://doi.org/10.18637/jss.v008.i15},
  submitted = {2003-04-29},
}

@Book{Fox2011,
  title = {An {R} Companion to Applied Regression},
  author = {John Fox and Sanford Weisberg},
  publisher = {Sage},
  year = {2011},
  address = {Thousand Oaks {CA}},
  edition = {2nd},
}

@Article{Grambsch1994,
  title = {Proportional Hazards Tests and Diagnostics Based on Weighted Residuals},
  author = {Patricia M. Grambsch and Terry M. Therneau},
  journal = {Biometrika},
  year = {1994},
  pages = {pp. 515-526},
  volume = {81},
  url = {https://doi.org/10.1093/biomet/81.3.515},
  jstor_articletype = {research-article},
  jstor_formatteddate = {Aug., 1994},
  language = {English},
  publisher = {Biometrika Trust},
}

@Book{Harrell2015,
  title = {Regression Modeling Strategies: With Applications to Linear Models, Logistic and Ordinal Regression, and Survival Analysis},
  author = {Frank Harrell},
  publisher = {Springer-Verlag},
  year = {2015},
}

@Book{Hastie1990,
  title = {Generalized Additive Models},
  author = {T. J. Hastie and R. J. Tibshirani},
  publisher = {Chapman \& Hall/CRC},
  year = {1990},
}

@Book{Hastie2009,
  title = {The Elements of Statistical Learning: Data Mining, Inference, and Prediction},
  author = {Trevor Hastie and Robert Tibshirani and Jerome Friedman},
  publisher = {Springer-Verlag},
  year = {2009},
}

@Book{Hosmer2000,
  title = {Applied Logistic Regression},
  author = {D. W. Hosmer and S. Lemeshow},
  publisher = {John Wiley \& Sons},
  year = {2000},
}

@Manual{rockchalk,
  title = {Rockchalk: Regression Estimation and Presentation},
  author = {Paul E. Johnson},
  note = {R package version 1.8.101},
  year = {2016},
}

@Book{Kutner2004,
  title = {Applied Linear Statistical Models},
  author = {Michael Kutner and Christopher Nachtsheim and John Neter and William Li},
  publisher = {McGraw-Hill},
  year = {2004},
}

@Article{Landwehr1984,
  title = {Graphical Methods for Assessing Logistic Regression Models},
  author = {J. M. Landwehr and D. Pregibon and A. C. Shoemaker},
  journal = {Journal of the American Statistical Association},
  year = {1984},
  pages = {61--71},
  volume = {79},
  url = {https://doi.org/10.2307/2288334},
  publisher = {JSTOR},
}

@Article{Larsen1972,
  title = {The Use of Partial Residual Plots in Regression Analysis},
  author = {W. A. Larsen and S. J. McCleary},
  journal = {Technometrics},
  year = {1972},
  pages = {781--790},
  volume = {14},
  url = {https://doi.org/10.2307/1267305},
  publisher = {JSTOR},
}

@Manual{locfit,
  title = {Locfit: Local Regression, Likelihood and Density Estimation.},
  author = {Catherine Loader},
  note = {R package version 1.5-6},
  year = {2010},
}

@Article{Loy2013,
  title = {Diagnostic Tools for Hierarchical Linear Models},
  author = {Adam Loy and Heike Hofmann},
  journal = {Wiley Interdisciplinary Reviews: Computational Statistics},
  year = {2013},
  pages = {48--61},
  volume = {5},
  url = {https://doi.org/10.1002/wics.1238},
  publisher = {John Wiley \& Sons},
}

@Article{Mallows1986,
  title = {Augmented Partial Residuals},
  author = {C. L. Mallows},
  journal = {Technometrics},
  year = {1986},
  pages = {313--319},
  volume = {28},
  url = {https://doi.org/10.2307/1268980},
  publisher = {JSTOR},
}

@Manual{e1071,
  title = {E1071: Misc Functions of the Department of Statistics, Probability Theory Group (Formerly: E1071), TU Wien},
  author = {David Meyer and Evgenia Dimitriadou and Kurt Hornik and Andreas Weingessel and Friedrich Leisch},
  note = {R package version 1.6-8},
  year = {2017},
}

@Article{OHaraHines1993,
  title = {Improved Added Variable and Partial Residual Plots for the Detection of Influential Observations in Generalized Linear Models},
  author = {R. J. {O'Hara Hines} and E. M. Carter},
  journal = {Journal of the Royal Statistical Society C},
  year = {1993},
  pages = {pp. 3-20},
  volume = {42},
  url = {https://doi.org/10.2307/2347405},
  jstor_articletype = {research-article},
  jstor_formatteddate = {1993},
  language = {English},
  publisher = {Blackwell Publishing for the Royal Statistical Society},
}

@Article{Pregibon1981,
  title = {Logistic Regression Diagnostics},
  author = {D. Pregibon},
  journal = {The Annals of Statistics},
  year = {1981},
  pages = {705--724},
  volume = {9},
  url = {https://doi.org/10.1214/aos/1176345513},
  publisher = {Institute of Mathematical Statistics},
}

@Manual{R,
  title = {R: A Language and Environment for Statistical Computing},
  address = {Vienna, Austria},
  author = {{R Development Core Team}},
  note = {{ISBN} 3-900051-07-0},
  organization = {R Foundation for Statistical Computing},
  year = {2011},
}

@Manual{gbm,
  title = {Gbm: Generalized Boosted Regression Models},
  author = {Greg Ridgeway},
  note = {R package version 2.1.3},
  year = {2017},
}

@Book{Sarkar2008,
  title = {Lattice: Multivariate Data Visualization with R},
  author = {Deepayan Sarkar},
  publisher = {Springer-Verlag},
  year = {2008},
}

@Manual{survival,
  title = {A Package for Survival Analysis in S},
  author = {Terry Therneau},
  note = {R package version 2.36-12},
  year = {2012},
}

@Book{Venables2002,
  title = {Modern Applied Statistics with S},
  author = {W. N. Venables and B. D. Ripley},
  publisher = {Springer-Verlag},
  year = {2002},
}

@Book{Wickham2009,
  title = {Ggplot2: Elegant Graphics for Data Analysis},
  author = {Hadley Wickham},
  publisher = {Springer-Verlag},
  year = {2009},
}

@Article{Withers2012,
  title = {Improved Confidence Regions Based on Edgeworth Expansions},
  author = {Christopher S. Withers and Saralees Nadarajah},
  journal = {Computational Statistics \& Data Analysis},
  year = {2012},
  pages = {4366 - 4380},
  volume = {56},
  url = {https://doi.org/10.1016/j.csda.2012.03.019},
}

@Article{Wood1973,
  title = {The Use of Individual Effects and Residuals in Fitting Equations to Data},
  author = {F. S. Wood},
  journal = {Technometrics},
  year = {1973},
  pages = {677--695},
  volume = {15},
  url = {https://doi.org/10.2307/1267381},
  publisher = {JSTOR},
}

@Book{Wood2006,
  title = {Generalized Additive Models: An Introduction with R},
  author = {S. N. Wood},
  publisher = {Chapman \& Hall/CRC},
  year = {2006},
}

@Manual{mgcv,
  title = {Mgcv: Mixed {GAM} Computation Vehicle with {GCV/AIC/REML} Smoothness Estimation},
  author = {Simon Wood},
  note = {R package version 1.7-17},
  year = {2012},
}
