@book{DEoptim,
author = {D.~{Ardia, K.~M.~Mullen, B.~G.~Peterson and J.~Ulrich}},
title = {{DEoptim: Differential Evolution Optimization in R, }},
publisher = {R~package version 2.1-0},
year = {2011},
url = {http://CRAN.R-project.org/package=DEoptim}
}
@book{BoudtCarlPeterson2010,
author = {K.~{Boudt, P.~Carl, and B.~G.~Peterson}},
title = {{Portfolio optimization with conditional value-at-risk budgets}},
publisher = {Working paper natexlaba},
year = {2010}
}
@book{PortfolioAnalytics,
author = {K.~{Boudt, P.~Carl, and B.~G.~Peterson}},
title = {{PortfolioAnalytics: Portfolio Analysis, including Numeric Methods for Optimization of Portfolios, natexlabb}},
publisher = {R~package version 0.6},
year = {2010},
url = {http://r-forge.r-project.org/projects/returnanalytics/}
}
@book{PerformanceAnalytics,
author = {P.~{Carl and B.~G.~Peterson}},
title = {{PerformanceAnalytics: Econometric tools for performance and risk analysis., }},
publisher = {R~package version 1.0.3.3},
year = {2011},
url = {http://r-forge.r-project.org/projects/returnanalytics/}
}
@book{hexbin,
author = {D.~{Carr, N.~Lewin-Koh and M.~Maechler}},
title = {{hexbin: Hexagonal binning routines, }},
publisher = {R~package version 1.26.0},
year = {2011},
url = {http://CRAN.R-project.org/package=hexbin}
}
@book{CramaSchyns2003,
author = {Y.~{Crama and M.~Schyns}},
title = {{Simulated annealing for complex portfolio selection problems}},
publisher = {European Journal of Operations Research 150(3):},
pages = {546--571},
year = {2003}
}
@book{FabianVeszpremi2008,
author = {C.~{F\'{a}bi\'{a}n and A.~Veszpr\'{e}mi}},
title = {{Algorithms for handling CVaR constraints in dynamic stochastic programming models with applications to finance}},
publisher = {Journal of Risk 10(3):},
pages = {111--131},
year = {2008}
}
@book{GilliSchumann2009,
author = {M.~{Gilli and E.~Schumann}},
title = {{Heuristic optimisation in financial modelling}},
publisher = {COMISEF wps-007 09/02/},
year = {2009}
}
@book{Holland1975,
author = {J.~H.~{Holland}},
title = {{Adaptation in Natural Artificial Systems}},
publisher = {University of Michigan Press},
year = {1975}
}
@book{KrinkPaterlini2011,
author = {T.~{Krink and S.~Paterlini}},
title = {{Multiobjective optimization using Differential Evolution for real-world portfolio optimization}},
publisher = {Computational Management Science 8:},
pages = {157--179},
year = {2011}
}
@book{Maillard2010,
author = {S.~{Maillard, T.~Roncalli, and J.~Teiletche}},
title = {{On the properties of equally-weighted risk contributions portfolios}},
publisher = {Journal of Portfolio Management 36(4):},
pages = {60--70},
year = {2010}
}
@book{MaringerMeyer2008,
author = {D.~G.~{Maringer and M.~Meyer}},
title = {{Smooth transition autoregressive models: New approaches to the model selection problem}},
publisher = {Studies in Nonlinear Dynamics & Econometrics 12(1):},
pages = {1--19},
year = {2008}
}
@book{Antidisestablishmentarianism,
author = {K.~M.~{Mullen, D.~Ardia, D.~L.~Gil, D.~Windover, and J.~Cline}},
title = {{DEoptim: An R package for global optimization by Differential Evolution}},
publisher = {Journal of Statistical Software 40(6):},
pages = {1--26},
year = {2011}
}
@book{PriceStornLampinen2006,
author = {K.~V.~{Price, R.~M.~Storn, and J.~A.~Lampinen}},
title = {{Differential Evolution: A Practical Approach to Global Optimization}},
publisher = {Springer-Verlag Berlin Heidelberg second edition},
year = {2006},
isbn = {3540209506}
}
@book{Qian2005,
author = {E.~{Qian}},
title = {{Risk parity portfolios: Efficient portfolios through true diversification of risk}},
publisher = {PanAgora Asset Management working paper},
year = {2005}
}
@book{quantmod,
author = {J.~A.~{Ryan}},
title = {{quantmod: Quantitative Financial Modelling Framework, }},
publisher = {R~package version 0.3-16},
year = {2010},
url = {http://CRAN.R-project.org/package=quantmod}
}
@book{Scaillet2002,
author = {O.~{Scaillet}},
title = {{Nonparametric estimation and sensitivity analysis of expected shortfall}},
publisher = {Mathematical Finance 14(1):},
pages = {74--86},
year = {2002}
}
@book{StornPrice1997,
author = {R.~{Storn and K.~Price}},
title = {{Differential Evolution -- A simple and efficient heuristic for global optimization over continuous spaces}},
publisher = {Journal of Global Optimization 11:},
pages = {341--359},
year = {1997}
}
@book{Wuertz2009,
author = {D.~{W\"{u}rtz, Y.~Chalabi, W.~Chen and A. Ellis}},
title = {{Portfolio Optimization with R/Rmetrics}},
publisher = {Rmetrics Association and Finance Online},
year = {2009}
}
@book{ZhangSanderson2009,
author = {J.~{Zhang and A.~C.~Sanderson}},
title = {{JADE: Adaptive Differential Evolution with optional external archive}},
publisher = {IEEE Transactions on Evolutionary Computation 13(5):},
pages = {945--958},
year = {2009}
}
@book{ZhuLiSun2010,
author = {S.~{Zhu, D.~Li, and X.~Sun}},
title = {{Portfolio selection with marginal risk control}},
publisher = {Journal of Computational Finance 14(1):},
pages = {1--26},
year = {2010}
}












