@Manual{R,
  title = {R: A Language and Environment for Statistical Computing},
  author = {{R Core Team}},
  organization = {R Foundation for Statistical Computing},
  address = {Vienna, Austria},
  year = {2016},
  note = {{ISBN} 3-900051-07-0},
  url = {https://www.R-project.org/},
}

@article{ihaka:1996,
  Author = {Ihaka, Ross and Gentleman, Robert},
	Journal = {Journal of Computational and Graphical Statistics},
	Number = 3,
	Pages = {299--314},
	Title = {R: A Language for Data Analysis and Graphics},
	Volume = 5,
	Year = 1996,
    url = {https://doi.org/10.1080/10618600.1996.10474713}
}

@article{thomas2014package,
	title={Package ‘nhlscrapr’},
	author={Thomas, AC and Ventura, Samuel L and RCurl, Imports},
	year={2014}
}

@article{ryall2010optimized,
	title={An optimized ratings-based model for forecasting Australian Rules football},
	author={Ryall, Richard and Bedford, Anthony},
	journal={International Journal of Forecasting},
	volume={26},
	number={3},
	pages={511--517},
	year={2010},
	url={https://doi.org/10.1016/j.ijforecast.2010.01.001},
	publisher={Elsevier}
}

@article{yurko2018nflwar,
	title={nflWAR: A Reproducible Method for Offensive Player Evaluation in Football},
	author={Yurko, Ronald and Ventura, Samuel and Horowitz, Maksim},
	journal={arXiv preprint arXiv:1802.00998},
	year={2018},
	url={https://doi.org/10.1515/jqas-2018-0010}
}

@article{lenten2019sentiment,
	title={Sentiment and bias in performance evaluation by impartial arbitrators},
	author={Lenten, Liam JA and Crosby, Paul and McKenzie, Jordi},
	journal={Economic Modelling},
	volume={76},
	pages={128--134},
	year={2019},
	publisher={Elsevier},
	url={https://doi.org/10.1016/j.econmod.2018.07.026}
}

@article{kiley2016game,
	title={Game story space of professional sports: Australian rules football},
	author={Kiley, Dilan Patrick and Reagan, Andrew J and Mitchell, Lewis and Danforth, Christopher M and Dodds, Peter Sheridan},
	journal={Physical Review E},
	volume={93},
	number={5},
	pages={052314},
	year={2016},
	url={https://doi.org/10.1103/PhysRevE.93.052314},
	publisher={APS}
}

@article{lenten2017racial,
	title={Racial discrimination in umpire voting: an (arguably) unexpected result},
	author={Lenten, Liam JA},
	journal={Applied Economics},
	volume={49},
	number={37},
	pages={3751--3757},
	year={2017},
	publisher={Taylor \& Francis},
	url={https://doi.org/10.1080/00036846.2016.1267848}
}



@article{lenten2018evaluating,
	title={Evaluating an alternative draft pick allocation policy to reduce ‘tanking’in the Australian Football League},
	author={Lenten, Liam JA and Smith, Aaron CT and Boys, Noel},
	journal={European Journal of Operational Research},
	volume={267},
	number={1},
	pages={315--320},
	year={2018},
	publisher={Elsevier},
	url={https://doi.org/10.1016/j.ejor.2017.11.029}
}

@article{lenor2016rivalry,
	title={Rivalry effects and unbalanced schedule optimisation in the Australian Football League},
	author={Lenor, Stephan and Lenten, Liam JA and McKenzie, Jordi},
	journal={Review of Industrial Organization},
	volume={49},
	number={1},
	pages={43--69},
	year={2016},
	publisher={Springer},
	doi={https://doi.org/10.1007/s11151-015-9495-7}
}

@inproceedings{marshall2017effect,
	title={The effect of leadership on AFL team performance},
	author={Marshall, K},
	booktitle={Proceedings of MathSport International 2017 Conference},
	pages={255},
	year={2017}
}

@article{lang2007r,
	title={R as a Web Client--the RCurl package},
	author={{Temple Lang}, Duncan },
	journal={Journal of Statistical Software},
	year={2007}
}

 @Manual{xml,
    title = {XML: Tools for Parsing and Generating XML Within R and S-Plus},
    author = {Duncan {Temple Lang}},
    year = {2020},
    note = {R package version 3.99-0.5},
    url = {https://CRAN.R-project.org/package=XML},
  }


@article{romer2006firms,
	title={Do firms maximize? Evidence from professional football},
	author={Romer, David},
	journal={Journal of Political Economy},
	volume={114},
	number={2},
	pages={340--365},
	year={2006},
	publisher={The University of Chicago Press},
	url={https://doi.org/10.1086/501171}
}

@inproceedings{goldman2013live,
	title={Live by the Three, Die by the Three? The Price of Risk in the NBA},
	author={Goldman, Matthew and Rao, Justin M},
	booktitle={Submission to the MIT Sloan Sports Analytics Conference},
	year={2013}
}

@inproceedings{on2010value,
	title={On the value of AFL player draft picks},
	author={O’Shaughnessy, Darren},
	booktitle={10th MathSport Conference, Darwin, Australia},
	year={2010}
}




@article{deshpande2016estimating,
	title={Estimating an NBA player’s impact on his team’s chances of winning},
	author={Deshpande, Sameer K and Jensen, Shane T},
	journal={Journal of Quantitative Analysis in Sports},
	volume={12},
	number={2},
	pages={51--72},
	year={2016},
	publisher={De Gruyter}
}



@article{greenham2017pilot,
	title={A pilot study to measure game style within Australian football},
	author={Greenham, Grace and Hewitt, Adam and Norton, Kevin},
	journal={International Journal of Performance Analysis in Sport},
	volume={17},
	number={4},
	pages={576--585},
	year={2017},
	publisher={Taylor \& Francis}, 
	url={https://doi.org/10.1080/24748668.2017.1372163}
}

@inproceedings{bailey2000identifying,
	title={Identifying arbitrage opportunities in AFL betting markets through mathematical modelling},
	author={Bailey, MJ},
	booktitle={Proceedings of the Fifth Australian Conference in Mathematics and Computers in Sport},
	pages={37--42},
	year={2000}
}

@article{woolner2001introduction,
	title={Introduction to VORP: Value Over Replacement Player},
	author={Woolner, Keith},
	journal={Retrieved from Stathead. com: https://web. archive. org/web/20070928064958/http://www. stathead. com/bbeng/woolner/v orpdescnew. htm},
	year={2001}
}

@Manual{rvest,
title = {rvest: Easily Harvest (Scrape) Web Pages},
author = {Hadley Wickham},
year = {2020},
note = {R package version 0.3.6},
url = {https://CRAN.R-project.org/package=rvest},
}

@article{dplyr,
	title={dplyr: A grammar of data manipulation},
	author={Wickham, Hadley and Francois, Romain and Henry, Lionel and M{\"u}ller, Kirill and others},
	journal={R package version 0.4},
	volume={3},
	year={2015}
}

@Manual{purrr,
    title = {purrr: Functional Programming Tools},
    author = {Lionel Henry and Hadley Wickham},
    year = {2019},
    note = {R package version 0.3.2},
    url = {https://CRAN.R-project.org/package=purrr},
  }

 @Manual{fitzRoy,
    title = {fitzRoy: Easily Scrape and Process AFL Data},
    author = {James Day and Robert Nguyen and Oscar Lane},
    year = {2020},
    note = {https://jimmyday12.github.io/fitzRoy/,
https://github.com/jimmyday12/fitzRoy},
  }
