@article{troiano,
  author =	 {Troiano, Richard P and Berrigan, David and Dodd,
                  Kevin W and M{\^a}sse, Louise C and Tilert, Timothy
                  and McDowell, Margaret and others},
  title =	 {Physical activity in the {U}nited {S}tates measured
                  by accelerometer},
  journal =	 {Medicine \& Science in Sports \& Exercise},
  year =	 2008,
  volume =	 40,
  number =	 1,
  pages =	 181,
}

@article{hag,
  author =	 {Hagstromer, Maria and Oja, Pekka and Sjostrom,
                  Michael},
  title =	 {Physical activity and inactivity in an adult
                  population assessed by accelerometry},
  journal =	 {Medicine \& Science in Sports \& Exercise},
  year =	 2007,
  volume =	 39,
  number =	 9,
  pages =	 {1502--1508},
}

@article{colley,
  author =	 {Colley, Rachel C and Garriguet, Didier and Janssen,
                  I and Craig, Cora L and Clarke, Janine and Tremblay,
                  Mark S},
  title =	 {Physical activity of {C}anadian children and youth:
                  Accelerometer results from the 2007 to 2009
                  {C}anadian {H}ealth {M}easures {S}urvey},
  journal =	 {Health Reports},
  year =	 2011,
  volume =	 22,
  number =	 1,
  pages =	 {1--9},
}

@article{tudor1,
  author =	 {Tudor-Locke, C and Brashear, M M and Johnson, W D
                  and Katzmarzyk, P T},
  title =	 {Accelerometer profiles of physical activity and
                  inactivity in normal weight, overweight, and obese
                  {U.S.} men and women},
  journal =	 {The International Journal of Behavioral Nutrition
                  and Physical Activity},
  year =	 2010,
  volume =	 7,
  number =	 60,
}

@article{healy,
  author =	 {Healy, G N and Matthews, C E and Dunstan, D W and
                  Winkler, E A and Owen, N},
  title =	 {Sedentary time and cardio-metabolic biomarkers in
                  {U.S.} adults: {NHANES} 2003--2006},
  journal =	 {European Heart Journal},
  year =	 2011,
  volume =	 32,
  number =	 5,
  pages =	 {590--597},
}

@article{sisson,
  author =	 {Sisson, S B and Camhi, S M and Church, T S and
                  Tudor-Locke, C and Johnson, W D and Katzmarzyk, P T},
  title =	 {Accelerometer-determined steps/day and metabolic
                  syndrome},
  journal =	 {American Journal of Preventive Medicine},
  year =	 2010,
  volume =	 38,
  number =	 6,
  pages =	 {575--582},
}

@article{carson,
  author =	 {Carson, V and Janssen, I},
  title =	 {Volume, patterns, and types of sedentary behavior
                  and cardio-metabolic health in children and
                  adolescents: A cross-sectional study},
  journal =	 {BMC Public Health},
  year =	 2011,
  volume =	 11,
  number =	 274,
}

@article{bankoski,
  author =	 {Bankoski, A and Harris, T B and McClain, J J and
                  Brychta, R J and Caserotti, P and Chen, K Y and
                  Berrigan, D and Troiano, R P and Koster, A},
  title =	 {Sedentary activity associated with metabolic
                  syndrome independent of physical activity},
  journal =	 {Diabetes Care},
  year =	 2011,
  volume =	 34,
  number =	 2,
  pages =	 {497--503},
}

@article{choi,
  author =	 {Choi, L and Ward, S C and Schnelle, J F and
                  Buchowski, M S},
  title =	 {Assessment of wear/nonwear time classification
                  algorithms for triaxial accelerometer},
  journal =	 {Medicine \& Science in Sports \& Exercise},
  year =	 2012,
  volume =	 44,
  number =	 10,
  pages =	 {2009--2016},
}

@article{choi2,
  author =	 {Choi, L and Liu, Z and Matthews, C E and Buchowski,
                  M S},
  title =	 {Validation of accelerometer wear and nonwear time
                  classification algorithm},
  journal =	 {Medicine \& Science in Sports \& Exercise},
  year =	 2011,
  volume =	 43,
  number =	 2,
  pages =	 {357--364},
}

@article{copeland,
  author =	 {Copeland, J L and Esliger, D W},
  title =	 {Accelerometer assessment of physical activity in
                  active, healthy older adults},
  journal =	 {Journal of Aging and Physical Activity},
  year =	 2009,
  volume =	 17,
  number =	 1,
  pages =	 {17--30},
}

@article{tudor2,
  author =	 {Tudor-Locke, C and Camhi, S M and Troiano, R P},
  title =	 {A catalog of rules, variables, and definitions
                  applied to accelerometer data in the {N}ational
                  {H}ealth and {N}utrition {E}xamination {S}urvey,
                  2003-2006},
  journal =	 {Preventing Chronic Disease},
  year =	 2011,
  volume =	 9,
  pages =	 {E113},
}

@Manual{p1,
  title =	 {accelerometry: {F}unctions for Processing Uniaxial
                  Minute-to-Minute Accelerometer Data},
  author =	 {Van Domelen, Dane R},
  year =	 2014,
  note =	 {R package version 2.2.4},
  url =		 {http://CRAN.R-project.org/package=accelerometry},
}

@Manual{p2,
  title =	 {nhanesaccel: {P}rocess Accelerometer Data from
                  {NHANES} 2003--2006},
  author =	 {Van Domelen, Dane R and Pittard, W Stephen and
                  Harris, Tamara B},
  year =	 2014,
  note =	 {R package version 2.1.1},
  url =		 {http://R-Forge.R-project.org/projects/nhanesaccel/},
}

@Article{Rcpp1,
  title =	 {{Rcpp}: Seamless {R} and {C++} Integration},
  author =	 {Eddelbuettel, Dirk and Fran\c{c}ois, Romain},
  journal =	 {Journal of Statistical Software},
  year =	 2011,
  volume =	 40,
  number =	 8,
  pages =	 {1--18},
  url =		 {http://www.jstatsoft.org/v40/i08/},
}

@Book{Rcpp2,
  title =	 {Seamless {R} and {C++} Integration with {Rcpp}},
  author =	 {Eddelbuettel, Dirk},
  publisher =	 {Springer},
  address =	 {New York},
  year =	 2013,
  note =	 {ISBN 978-1-4614-6867-7},
}

@misc{nci,
  title =	 {Risk Factor Monitoring and Methods: {SAS} Programs
                  for Analyzing {NHANES} 2003--2004 Accelerometer
                  Data},
  author =	 {{National Cancer Institute}},
  year =	 2007,
  howpublished = {URL
                  \url{http://riskfactor.cancer.gov/tools/nhanes_pam}},
}

@misc{troianopres,
  title =	 {Physical Activity Among Children and Adolescents:
                  Data from {N}ational {H}ealth and {N}utrition
                  {E}xamination {S}urvey {(NHANES)} 2003-2006},
  author =	 {Troiano, Richard P},
  year =	 2012,
  howpublished = {URL
                  \url{http://www.cdc.gov/nchs/ppt/nchs2012/SS-15_TROIANO.pdf}},
}

@misc{nhanes,
  author =	 {{Centers for Disease Control and Prevention (CDC),
                  National Center for Health Statistics (NCHS)}},
  title =	 {National {H}ealth and {N}utrition {E}xamination
                  {S}urvey {E}xamination {P}rotocol. {H}yattsville,
                  {MD}: {U.S.} {D}epartment of {H}ealth and {H}uman
                  {S}ervices, {C}enters for {D}isease {C}ontrol and
                  {P}revention, 2003-2006},
  howpublished =
                  "\url{http://www.cdc.gov/nchs/nhanes/nhanes_questionnaires.htm}",
}

@Manual{survey1,
  title =	 {survey: {A}nalysis of Complex Survey Samples},
  author =	 {Lumley, T},
  year =	 2014,
  note =	 {R package version 3.30},
  url =		 {http://CRAN.R-project.org/package=survey},
}

@Article{survey2,
  title =	 {Analysis of complex survey samples},
  author =	 {Lumley, T},
  journal =	 {Journal of Statistical Software},
  year =	 2004,
  volume =	 9,
  number =	 1,
  pages =	 {1--19},
  url =		 {http://www.jstatsoft.org/v09/i08/},
}

@Manual{PhysicalActivity,
  title =	 {Physical{A}ctivity: {P}rocess Physical Activity
                  Accelerometer Data},
  author =	 {Choi, Leena and Liu, Zhouwen and Matthews, Charles E
                  and Buchowski, Maciej S},
  year =	 2011,
  note =	 {R package version 0.1-1},
  url =		 {http://CRAN.R-project.org/package=PhysicalActivity}
}

@Manual{GGIR,
  title =	 {{GGIR}: {A} Package to Process Multi-Day Raw
                  Accelerometer Data},
  author =	 {van Hees, Vincent T and Fang, Zhou and Zhao, Jing
                  Hua},
  year =	 2014,
  note =	 {R package version 1.0-1},
  url =		 {http://CRAN.R-project.org/package=GGIR},
}

@Manual{pawacc,
  title =	 {{pawacc}: {P}hysical Activity with Accelerometers},
  author =	 {Marco Geraci},
  year =	 2014,
  note =	 {R package version 1.2},
  url =		 {http://CRAN.R-project.org/package=pawacc},
}

@misc{pawacc2,
  title =	 {Technical Report on Accelerometry Data Processing in
                  the {M}illennium {C}ohort {S}tudy. {L}ondon, {UK}:
                  {U}niversity {C}ollege {L}ondon},
  author =	 {Geraci, M and Rich, C and Sera, F and Cortina-Borja,
                  M and Griffiths, L J and Dezateux, C},
  year =	 2012,
  url =		 {http://discovery.ucl.ac.uk/1361699}
}

@misc{mywebsite,
  title =	 {Personal/Professional Website},
  author =	 {Van Domelen, D R},
  year =	 2013,
  howpublished = {URL
                  \url{http://sites.google.com/site/danevandomelen}}
}

@book{lumleytext,
  title =	 {Complex {S}urveys: {A} {G}uide to {A}nalysis {U}sing
                  {R}},
  author =	 {Lumley, T},
  publisher =	 {John Wiley \& Sons, Inc., Hoboken, NJ},
  year =	 2010
}

@misc{surveysite,
  title =	 {Survey Analysis in {R}. {W}ebsite for `survey'
                  Package},
  author =	 {Lumley, T},
  howpublished = {URL
                  \url{http://R-survey.R-Forge.R-project.org/survey}},
  year =	 2012
}

@article{winkler,
  author =	 {Winkler, E A H and Gardiner, P A and Clark, B K and
                  Matthews, C E and Owen, N and Healy, G N},
  title =	 {Identifying sedentary time using automated estimates
                  of accelerometer wear time},
  journal =	 {British Journal of Sports Medicine},
  year =	 2012,
  volume =	 46,
  pages =	 {436--442},
}

@misc{actilife,
  title =	 {{ActiLife 6 Data Analysis Software. Actigraph,
                  Pensacola, Florida, United States}},
  author =	 {{ActiGraph}},
  year =	 2014,
  howpublished = {URL
                  \url{http://www.actigraphcorp.com/product-category/software}},
}

@Manual{matlabmanual,
  author =	 {{The MathWorks, Inc.}},
  title =	 {MATLAB -- {T}he Language of Technical 
                  Computing, Version~R2014b},
  year =	 2014,
  organization = {The MathWorks, Inc.},
  address =	 {Natick, Massachusetts},
  url =		 {http://www.mathworks.com/products/matlab/}
}

@Manual{labview,
  title =	 {{LabVIEW}: Laboratory Virtual Instrument Engineering
                  Workbench},
  author =	 {{National Instruments}},
  address =	 {Austin, Texas, United States},
  year =	 2014,
  url =		 {http://www.ni.com/labview},
}



