@Article{ Buh2010,
  author =	 { Meti Buh Ga\v{s}pari\u{c} and Torstein Tengs and
                  Jose Luis La Paz and Arne Holst-Jensen and Maria Pla
                  and Teresa Esteve and Jana \v{Z}el and Kristina
                  Gruden },
  title =	 { Comparison of nine different real-time {PCR}
                  chemistries for qualitative and quantitative
                  applications in {GMO} detection },
  journal =	 { Analytical and Bioanalytical Chemistry },
  year =	 { 2010 },
  volume =	 { 396 },
  number =	 { 6},
  pages =	 { 2023--2029 },
  url =		 { http://www.ncbi.nlm.nih.gov/pubmed/20087729 }
}

@Article{ Gudnason2007,
  author =	 { Haukur Gudnason and Martin Dufva and {D.D.} Bang
                  and Anders Wolff },
  title =	 { Comparison of multiple {DNA} dyes for real-time
                  {PCR}: Effects of dye concentration and sequence
                  composition on {DNA} amplification and melting
                  temperature },
  journal =	 { Nucleic Acids Research },
  year =	 { 2007 },
  volume =	 { 35 },
  number =	 { 19 },
  pages =	 { 1--8 },
  url =		 {http://www.ncbi.nlm.nih.gov/pmc/articles/PMC2095797/}
}

@Article{ Gundry2003,
  author =	 { Cameron N. Gundry and Joshua G. Vandersteen and
                  Gudrun H. Reed and Robert J. Pryor and Jian Chen and
                  Carl T. Wittwer },
  title =	 { Amplicon melting analysis with labeled primers: A
                  closed-tube method for differentiating homozygotes
                  and heterozygotes },
  journal =	 { Clinical Chemistry },
  year =	 { 2003 },
  volume =	 { 49 },
  number =	 { 3 },
  pages =	 { 396--406 },
  url =		 { http://www.ncbi.nlm.nih.gov/pubmed/12600951 }
}

@Article{ Ince2012,
  author =	 { Darrel C. Ince and Leslie Hatton and John
                  Graham-Cumming },
  title =	 { The case for open computer programs },
  journal =	 { Nature },
  year =	 { 2012 },
  volume =	 { 482 },
  number =	 { 7386 },
  pages =	 { 458--488 },
  url =		 { http://view.ncbi.nlm.nih.gov/pubmed/22358837 }
}

@Article{ Marshall2007,
  author =	 { Owen Marshall },
  title =	 { Graphical design of primers with {PerlPrimer} },
  journal =	 { Methods Molecular Biology },
  year =	 { 2007 },
  volume =	 { 402 },
  pages =	 { 403--414 },
  url =		 { http://www.ncbi.nlm.nih.gov/pubmed/17951808 }
}

@Article{ Morin2012,
  author =	 { Andrew Morin and Joseph Urban and Paul D. Adams and
                  Ian Foster and Andrej Sali and David Baker and Piotr
                  Sliz },
  title =	 { Shining Light into Black Boxes },
  journal =	 { Science },
  year =	 { 2012 },
  volume =	 { 336 },
  number =	 { 6078 },
  pages =	 { 159--160 },
  url =		 { http://www.sciencemag.org/content/336/6078/159 }
}

@Article{ Muthumala2008,
  author =	 { Amal Muthumala and Fotios Drenos and Perry
                  M. Elliott and Steve E.  Humphries },
  title =	 { Role of beta adrenergic receptor polymorphisms in
                  heart failure: Systematic review and meta-analysis },
  journal =	 { European Journal of Heart Failure },
  year =	 { 2008 },
  volume =	 { 10 },
  number =	 { 1 },
  pages =	 { 3--13 },
  url =		 { http://www.ncbi.nlm.nih.gov/pubmed/18158268 }
}

@Manual{ Ramsay2011,
  title =	 {fda: Functional Data Analysis},
  author =	 {J. O. Ramsay and Hadley Wickham and Spencer Graves
                  and Giles Hooker},
  year =	 {2013},
  note =	 {R package version 2.4.0},
  url =		 {http://CRAN.R-project.org/package=fda},
}

@Manual{ R2013,
  author =	 { William N. Venables and David M. Smith and the {R
                  Core Team} },
  title =	 { An Introduction to {R} },
  organization = { R Foundation for Statistical Computing },
  address =	 { Vienna, Austria },
  year =	 { 2013 },
  url =		 {
                  http://www.CRAN.R-project.org/doc/manuals/R-intro.pdf
                  }
}

@Article{ Ririe1997,
  author =	 { Kirk M.~Ririe and Randy P.~Rasmussen and Carl
                  T.~Wittwer },
  title =	 { Product differentiation by analysis of {DNA}
                  melting curves during the polymerase chain reaction
                  },
  journal =	 { Analytical Biochemistry },
  year =	 { 1997 },
  volume =	 { 245 },
  number =	 { 9 },
  pages =	 { 154--160 },
  url =		 { http://www.ncbi.nlm.nih.gov/pubmed/9056205 }
}

@Article{ Ritz2008,
  author =	 { Christian Ritz and Andrej-Nikolai Spiess },
  title =	 { qpc{R}: An {R} package for sigmoidal model
                  selection in quantitative real-time polymerase chain
                  reaction analysis },
  journal =	 { Bioinformatics },
  year =	 { 2008 },
  volume =	 { 24 },
  number =	 { 13 },
  pages =	 { 1549--1551 },
  url =		 {
                  http://bioinformatics.oxfordjournals.org/content/24/13/1549.abstract
                  }
}

@InCollection{Roediger2012a,
  author =	 {S.~R\"{o}diger and P.~Schierack and A.~B\"{o}hm and
                  J.~Nitschke and I.~Berger and U.~Fr\"{o}mmel and
                  C.~Schmidt and M.~Ruhland and I.~Schimke and
                  D.~Roggenbuck and W.~Lehmann and C.~Schr\"{o}der},
  title =	 {A Highly Versatile Microscope Imaging Technology
                  Platform for the Multiplex Real-Time Detection of
                  Biomolecules and Autoimmune Antibodies},
  booktitle = 	 {Molecular Diagnostics},
  series =	 {Advances in Biochemical
                  Bioengineering/Biotechnology},
  year =	 {2012},
  volume =	 {133},
  pages =	 {35--74},
  doi =          {10.1007/10_2011_132}
}

@Article{ Roediger2012b,
  author =	 { Stefan R\"{o}diger and Thomas Friedrichsmeier and
                  Prasenjit Kapat and Meik Michalke },
  title =	 {{RKWard}: A Comprehensive Graphical User Interface and
                  Integrated Development Environment for Statistical
                  Analysis with {R} },
  journal =	 { Journal of Statistical Software },
  year =	 { 2012 },
  volume =	 { 49 },
  number =	 { 9 },
  pages =	 { 1--34 },
  url =		 { http://www.jstatsoft.org/v49/i09 }
}

@Manual{ Roediger2013,
  title =	 {MBmca: Nucleic Acid Melting Curve Analysis on
                  Microbead Surfaces with {R}},
  author =	 {Stefan Roediger},
  year =	 {2013},
  note =	 {R package version 0.0.2-1},
  url =		 {http://CRAN.R-project.org/package=MBmca},
}

@Article{ Sekar2005,
  author =	 { Michael M.A.~Sekar and Will Bloch and Pamela M. {St
                  John} },
  title =	 { Comparative study of sequence-dependent
                  hybridization kinetics in solution and on
                  microspheres },
  journal =	 { Nucleic Acids Research },
  year =	 { 2005 },
  volume =	 { 33 },
  number =	 { 1 },
  pages =	 { 366--375 },
  url =		 { http://www.ncbi.nlm.nih.gov/pmc/articles/PMC546151/
                  }
}

@Article{ Valero-Mora2012,
  author =	 { Pedro M.~Valero-Mora and Rub\'{e}n Ledesma },
  title =	 { Graphical User Interfaces for {R} },
  journal =	 { Journal of Statistical Software },
  year =	 { 2012 },
  volume =	 { 49 },
  number =	 { 1 },
  pages =	 { 1--8 },
  url =		 { http://www.jstatsoft.org/v49/i01/paper }
}

@Article{ Villard2005,
  author =	 { Eric Villard and Laetitia Duboscq-Bidot and
                  Philippe Charron and Abdelaziz Benaiche and Viviane
                  Conraads and Nicolas Sylvius and Michel Komajda },
  title =	 { Mutation screening in dilated cardiomyopathy:
                  Prominent role of the beta myosin heavy chain gene },
  journal =	 { European Heart Journal },
  year =	 { 2005 },
  volume =	 { 26 },
  number =	 { 8 },
  pages =	 { 794--803 },
  url =		 { http://www.ncbi.nlm.nih.gov/pubmed/15769782 }
}

@Article{ Zhou2005,
  author =	 { Luming Zhou and Lesi Wang and Robert Palais and
                  Robert Pryor and Carl T.~Wittwer },
  title =	 { High-resolution {DNA} melting analysis for
                  simultaneous mutation scanning and genotyping in
                  solution },
  journal =	 { Clinical Chemistry },
  year =	 { 2005 },
  volume =	 { 51 },
  number =	 { 10 },
  pages =	 { 1770--1777 },
  url =		 { http://www.ncbi.nlm.nih.gov/pubmed/16189378 }
}

@Article{ Roediger2011,
  author =	 { Stefan R\"{o}diger and Mirko Ruhland and Carsten
                  Schmidt and Christian Schr\"{o}der and Kai Grossmann
                  and Alexander B\"{o}hm and J\"{o}rg Nitschke and
                  Ingo Berger and Ingolf Schimke and Peter Schierack },
  title =	 { Fluorescence dye adsorption assay to quantify
                  carboxyl groups on the surface of poly(methyl
                  methacrylate) microbeads },
  journal =	 { Analytical Chemistry },
  year =	 { 2011 },
  volume =	 { 83 },
  number =	 { 9 },
  pages =	 { 3379--3385 },
  url =		 { www.ncbi.nlm.nih.gov/pubmed/21413805 }
}

@article{ Willitzki2012,
  author =	 { Annika Willitzki and Rico Hiemann and Vanessa
                  Peters and Ulrich Sack and Peter Schierack and
                  Stefan R\"{o}diger and Ursula Anderer and Karsten
                  Conrad and Dimitrios P.  Bogdanos and Dirk Reinhold
                  and Dirk Roggenbuck},
  title =	 { New platform technology for comprehensive
                  serological diagnostics of autoimmune diseases },
  journal =	 { Clinical \& Developmental Immunology },
  year =	 { 2012 },
  volume =	 { 2012 },
  pages =	 { 1-8 },
  url =		 { https://www.ncbi.nlm.nih.gov/pubmed/23316252 }
}

@Manual{ signal,
  title =	 { {signal}: Signal Processing },
  author =	 { {The signal Developers} },
  year =	 { 2013 },
  url =		 { http://R-Forge.R-project.org/projects/signal/ }
}

@Article{ Zeileis2005,
  author =	 { Achim Zeileis and Gabor Grothendieck },
  title =	 { zoo: {S3} Infrastructure for Regular and Irregular
                  Time Series },
  journal =	 { Journal of Statistical Software },
  year =	 { 2005 },
  volume =	 { 14 },
  number =	 { 6 },
  pages =	 { 1--27 },
  url =		 { http://www.jstatsoft.org/v14/i06 }
}

@Manual{ Rousseeuw2013,
  author =	 { Peter Rousseeuw and Christophe Croux and Valentin
                  Todorov and Andreas Ruckstuhl and Matias
                  Salibian-Barrera and Tobias Verbeke and Manuel
                  Koller and Martin Maechler },
  year =	 { 2013 },
  title =	 { robustbase: Basic Robust Statistics },
  note =	 { R package version 0.9-10 },
  url =		 { http://CRAN.R-project.org/package=robustbase }
}

@Manual{ Harrell2013,
  title =	 { Hmisc: {Harrell Miscellaneous} },
  author =	 { Frank E. {Harrell Jr} and Charles Dupont and
                  et~al. },
  year =	 { 2013 },
  note =	 { R package version 3.12-2 },
  url =		 { http://CRAN.R-project.org/package=Hmisc }
}

@Manual{ Frasca2010,
  title =	 {delftfews: delftfews R Extensions},
  author =	 {Mario Frasca},
  year =	 {2012},
  note =	 {R package version 0.3-163/r164},
  url =		 {http://R-Forge.R-project.org/projects/delftfews/},
}
@book{Frasca2010,
author = {M.~{Frasca}},
title = {{delftfews: delftfews R Extensions, }},
publisher = {R package version 0.3-163/r164},
year = {2012},
url = {http://R-Forge.R-project.org/projects/delftfews/}
}
@book{Buh2010,
author = {M.~B. {Ga\v{s}pari\u{c}, T.~Tengs, J.~L.~L. Paz, A.~Holst-Jensen, M.~Pla, T.~Esteve, J.~\v{Z}el, and K.~Gruden}},
title = {{Comparison of nine different real-time PCR chemistries for qualitative and quantitative applications in GMO detection}},
publisher = {Analytical and Bioanalytical Chemistry 396(6):},
pages = {2023--2029},
year = {2010},
url = {http://www.ncbi.nlm.nih.gov/pubmed/20087729}
}
@book{Gudnason2007,
author = {H.~{Gudnason, M.~Dufva, D.~Bang, and A.~Wolff}},
title = {{Comparison of multiple DNA dyes for real-time PCR: Effects of dye concentration and sequence composition on DNA amplification and melting temperature}},
publisher = {Nucleic Acids Research 35 (19):},
pages = {1--8},
year = {2007},
url = {http://www.ncbi.nlm.nih.gov/pmc/articles/PMC2095797/}
}
@book{Gundry2003,
author = {C.~N. {Gundry, J.~G. Vandersteen, G.~H. Reed, R.~J. Pryor, J.~Chen, and C.~T. Wittwer}},
title = {{Amplicon melting analysis with labeled primers: A closed-tube method for differentiating homozygotes and heterozygotes}},
publisher = {Clinical Chemistry 49 (3):},
pages = {396--406},
year = {2003},
url = {http://www.ncbi.nlm.nih.gov/pubmed/12600951}
}
@book{Harrell2013,
author = {F.~E. {{Harrell Jr}, C.~Dupont, and et~al}},
title = {{Hmisc: Harrell Miscellaneous, }},
publisher = {R package version 3.12-2},
year = {2013},
url = {http://CRAN.R-project.org/package=Hmisc}
}
@book{Ince2012,
author = {D.~C. {Ince, L.~Hatton, and J.~Graham-Cumming}},
title = {{The case for open computer programs}},
publisher = {Nature 482 (7386):},
pages = {458--488},
year = {2012},
url = {http://view.ncbi.nlm.nih.gov/pubmed/22358837}
}
@book{Marshall2007,
author = {O.~{Marshall}},
title = {{Graphical design of primers with PerlPrimer}},
publisher = {Methods Molecular Biology 402:},
pages = {403--414},
year = {2007},
url = {http://www.ncbi.nlm.nih.gov/pubmed/17951808}
}
@book{Morin2012,
author = {A.~{Morin, J.~Urban, P.~D. Adams, I.~Foster, A.~Sali, D.~Baker, and P.~Sliz}},
title = {{Shining light into black boxes}},
publisher = {Science 336 (6078):},
pages = {159--160},
year = {2012},
url = {http://www.sciencemag.org/content/336/6078/159}
}
@book{Muthumala2008,
author = {A.~{Muthumala, F.~Drenos, P.~M. Elliott, and S.~E. Humphries}},
title = {{Role of beta adrenergic receptor polymorphisms in heart failure: Systematic review and meta-analysis}},
publisher = {European Journal of Heart Failure 10 (1):},
pages = {3--13},
year = {2008},
url = {http://www.ncbi.nlm.nih.gov/pubmed/18158268}
}
@book{Ramsay2011,
author = {J.~O. {Ramsay, H.~Wickham, S.~Graves, and G.~Hooker}},
title = {{fda: Functional Data Analysis, }},
publisher = {R package version 2.4.0},
year = {2013},
url = {http://CRAN.R-project.org/package=fda}
}
@book{Ririe1997,
author = {K.~M. {Ririe, R.~P. Rasmussen, and C.~T. Wittwer}},
title = {{Product differentiation by analysis of DNA melting curves during the polymerase chain reaction}},
publisher = {Analytical Biochemistry 245 (9):},
pages = {154--160},
year = {1997},
url = {http://www.ncbi.nlm.nih.gov/pubmed/9056205}
}
@book{Ritz2008,
author = {C.~{Ritz and A.-N. Spiess}},
title = {{qpcR: An R package for sigmoidal model selection in quantitative real-time polymerase chain reaction analysis}},
publisher = {Bioinformatics 24 (13):},
pages = {1549--1551},
year = {2008},
url = {http://bioinformatics.oxfordjournals.org/content/24/13/1549.abstract}
}
@book{Roediger2011,
author = {S.~{R\"{o}diger, M.~Ruhland, C.~Schmidt, C.~Schr\"{o}der, K.~Grossmann, A.~B\"{o}hm, J.~Nitschke, I.~Berger, I.~Schimke, and P.~Schierack}},
title = {{Fluorescence dye adsorption assay to quantify carboxyl groups on the surface of poly(methyl methacrylate) microbeads}},
publisher = {Analytical Chemistry 83 (9):  URL www.ncbi.nlm.nih.gov/pubmed/21413805},
pages = {3379--3385},
year = {2011}
}
@book{Roediger2012b,
author = {S.~{R\"{o}diger, T.~Friedrichsmeier, P.~Kapat, and M.~Michalke}},
title = {{RKWard: A comprehensive graphical user interface and integrated development environment for statistical analysis with R}},
publisher = {Journal of Statistical Software 49 (9): natexlaba},
pages = {1--34},
year = {2012},
url = {http://www.jstatsoft.org/v49/i09}
}
@book{Roediger2013,
author = {S.~{Roediger}},
title = {{MBmca: Nucleic Acid Melting Curve Analysis on Microbead Surfaces with R, }},
publisher = {R package version 0.0.2-1},
year = {2013},
url = {http://CRAN.R-project.org/package=MBmca}
}
@book{Rousseeuw2013,
author = {P.~{Rousseeuw, C.~Croux, V.~Todorov, A.~Ruckstuhl, M.~Salibian-Barrera, T.~Verbeke, M.~Koller, and M.~Maechler}},
title = {{robustbase: Basic Robust Statistics, }},
publisher = {R package version 0.9-10},
year = {2013},
url = {http://CRAN.R-project.org/package=robustbase}
}
@book{Sekar2005,
author = {M.~M. {Sekar, W.~Bloch, and P.~M. {St John}}},
title = {{Comparative study of sequence-dependent hybridization kinetics in solution and on microspheres}},
publisher = {Nucleic Acids Research 33 (1):},
pages = {366--375},
year = {2005},
url = {http://www.ncbi.nlm.nih.gov/pmc/articles/PMC546151/}
}
@book{signal,
author = {{{The signal Developers}}},
title = {{signal: Signal Processing, }},
year = {2013},
url = {http://R-Forge.R-project.org/projects/signal/}
}
@book{Valero-Mora2012,
author = {P.~M. {Valero-Mora and R.~Ledesma}},
title = {{Graphical user interfaces for R}},
publisher = {Journal of Statistical Software 49 (1):},
pages = {1--8},
year = {2012},
url = {http://www.jstatsoft.org/v49/i01/paper}
}
@book{R2013,
author = {W.~N. {Venables, D.~M. Smith, and the {R Core Team}}},
title = {{An Introduction to R}},
publisher = {R Foundation for Statistical Computing Vienna Austria},
year = {2013},
url = {http://www.CRAN.R-project.org/doc/manuals/R-intro.pdf}
}
@book{Villard2005,
author = {E.~{Villard, L.~Duboscq-Bidot, P.~Charron, A.~Benaiche, V.~Conraads, N.~Sylvius, and M.~Komajda}},
title = {{Mutation screening in dilated cardiomyopathy: Prominent role of the beta myosin heavy chain gene}},
publisher = {European Heart Journal 26 (8):},
pages = {794--803},
year = {2005},
url = {http://www.ncbi.nlm.nih.gov/pubmed/15769782}
}
@book{Willitzki2012,
author = {A.~{Willitzki, R.~Hiemann, V.~Peters, U.~Sack, P.~Schierack, S.~R\"{o}diger, U.~Anderer, K.~Conrad, D.~P. Bogdanos, D.~Reinhold, and D.~Roggenbuck}},
title = {{New platform technology for comprehensive serological diagnostics of autoimmune diseases}},
publisher = {Clinical & Developmental Immunology :},
pages = {1--8},
year = {2012},
url = {https://www.ncbi.nlm.nih.gov/pubmed/23316252}
}
@book{Zeileis2005,
author = {A.~{Zeileis and G.~Grothendieck}},
title = {{zoo: S3 infrastructure for regular and irregular time series}},
publisher = {Journal of Statistical Software 14 (6):},
pages = {1--27},
year = {2005},
url = {http://www.jstatsoft.org/v14/i06}
}
@book{Zhou2005,
author = {L.~{Zhou, L.~Wang, R.~Palais, R.~Pryor, and C.~T. Wittwer}},
title = {{High-resolution DNA melting analysis for simultaneous mutation scanning and genotyping in solution}},
publisher = {Clinical Chemistry 51 (10):},
pages = {1770--1777},
year = {2005},
url = {http://www.ncbi.nlm.nih.gov/pubmed/16189378}
}



