@Article{bulla_hsmm_2010,
  series = {Second {Special} {Issue} on {Statistical} {Algorithms} and {Software}},
  title = {Hsmm - {An} {R} Package for Analyzing Hidden Semi-{Markov} Models},
  volume = {54},
  issn = {0167-9473},
  number = {3},
  urldate = {2017-05-09},
  journal = {Computational Statistics \& Data Analysis},
  author = {Jan Bulla and Ingo Bulla and Oleg Nenadi\'c},
  year = {2010},
  pages = {611--619},
  url = {https://doi.org/10.1016/j.csda.2008.08.025},
}

@Article{krol_semimarkov_2015,
  title = {\textbf{{SemiMarkov}} : {An} \textit{{R}} {Package} for {Parametric} {Estimation} in {Multi}-{State} {Semi}-{Markov} {Models}},
  volume = {66},
  issn = {1548-7660},
  shorttitle = {\textbf{{SemiMarkov}}},
  language = {en},
  number = {6},
  urldate = {2017-05-09},
  journal = {Journal of Statistical Software},
  author = {Agnieszka Kr\'ol and Philippe Saint-Pierre},
  year = {2015},
  url = {https://doi.org/10.18637/jss.v066.i06},
}

@Article{oconnell_hidden_2011,
  title = {Hidden {Semi} {Markov} {Models} for {Multiple} {Observation} {Sequences}: {The} \textbf{mhsmm} {Package} for \textit{{R}}},
  volume = {39},
  issn = {1548-7660},
  shorttitle = {Hidden {Semi} {Markov} {Models} for {Multiple} {Observation} {Sequences}},
  language = {en},
  number = {4},
  urldate = {2017-05-09},
  journal = {Journal of Statistical Software},
  author = {Jared O'Connell and S{\o}ren H{\o}jsgaard},
  year = {2011},
  url = {https://doi.org/10.18637/jss.v039.i04},
}

@Book{BarLim2008,
  address = {New York, NY},
  series = {Lecture {Notes} in {Statistics}},
  title = {Semi-{Markov} {Chains} and {Hidden} Semi-{Markov} {Models} toward {Applications}},
  volume = {191},
  isbn = {978-0-387-73171-1 978-0-387-73173-5},
  url = {http://link.springer.com/10.1007/978-0-387-73173-5},
  language = {en},
  urldate = {2017-05-09},
  publisher = {Springer-Verlag},
  author = {Vlad Stefan Barbu and Nikolaos Limnios},
  year = {2008},
  url = {https://doi.org/10.1007/978-0-387-73173-5},
}

@Article{TL11,
  author = {S. Trevezas and N. Limnios},
  title = { Exact {MLE} and Asymptotic Properties for Nonparametric Semi-{M}arkov Models},
  journal = { Journal of Nonparametric Statistics},
  year = { 2011},
  volume = {23},
  number = { 3 },
  pages = { 719-739},
  url = {https://doi.org/10.1080/10485252.2011.555543},
}

@Article{BL06,
  author = {Vlad Stefan Barbu and Nikolaos Limnios},
  title = { Empirical Estimation for Discrete Time Semi-{M}arkov Processes with Applications in Reliability},
  journal = { Journal of Nonparametric Statistics},
  year = { 2006},
  volume = {18 },
  number = { 4 },
  pages = { 483-498 },
  url = {https://doi.org/10.1080/10485250701261913},
}

@Book{limnios1,
  author = {N. Limnios and G. Oprisan},
  title = { Semi-{M}arkov Processes and Reliability},
  publisher = { Birkh\"auser, Boston},
  year = { 2001 },
  url ={https://doi.org/10.1007/978-1-4612-0161-8},
}

@Article{Smi55,
  author = {W. L. Smith},
  title = { Regenerative Stochastic Processes},
  journal = { Proc. R. Soc. Lond. Ser. A Math. Phys. Eng.},
  year = { 1955 },
  volume = { 232 },
  pages = { 6--31 },
  url = {https://doi.org/10.1098/rspa.1955.0198},
}

@InProceedings{Lev54,
  author = {P. L\'evy},
  title = { Processus Semi-Markoviens},
  booktitle = { Proc. of International Congress of Mathematics, Amsterdam},
  year = { 1954 },

}

@Article{Tak54,
  author = {L. Takacs},
  title = { Some Investigations Concerning Recurrent Stochastic Processes of a Certain Type},
  journal = { Magyar Tud. Akad. Mat. Kutato Int. Kzl.},
  year = { 1954 },
  volume = { 3 },
  pages = { 115--128 },
}

@Book{JaMa06,
  author = {J. Janssen and R. Manca},
  title = { Applied Semi-{M}arkov Processes},
  publisher = {Springer-Verlag},
  year = { 2006 },
  url = {https://doi.org/10.1007/0-387-29548-8},
}

@Article{Marg06,
  author = {O. Chryssaphinou and M. Karaliopoulou and N. Limnios},
  title = { On Discrete Time Semi-{M}arkov Chains and Applications in Words Occurrences},
  journal = { Comm. Statist. Theory Methods},
  year = { 2008 },
  volume = { 37 },
  pages = { 1306--1322 },
  url = {https://doi.org/10.1080/03610920701713328},
}

@Article{ouli2,
  author = {B. Ouhbi and N. Limnios},
  title = { Nonparametric Reliability Estimation for Semi-{M}arkov Processes},
  journal = { J. Statist. Plann. Inference},
  year = { 2003 },
  volume = { 109 },
  number = {1-2 },
  pages = { 155--165 },
  url = {https://doi.org/10.1016/S0378-3758(02)00308-7},
}

@InProceedings{HeHu02,
  author = {N. Heutte and C. Huber-Carol},
  title = { Semi-{M}arkov Models for Quality of Life Data with Censoring},
  booktitle = { Statistical Methods for Quality of Life Studies},
  publisher = { Kluwer, Dordrecht},
  year = { 2002 },
  editor = {M. Mesbah and M.-L. T. Lee and B. F. Cole},
  pages = { 207-218 },
  url = {https://doi.org/10.1007/978-1-4757-3625-0_16},
}

@Article{SaTh01,
  author = {J. Sansom and P. J. Thomson},
  title = { Fitting Hidden Semi-{M}arkov Models to Breakpoint Rainfall Data},
  journal = { J. Appl. Probab.},
  year = { 2001 },
  volume = { 38A },
  pages = { 142--157 },
  url = {https://doi.org/10.1239/jap/1085496598},
}

@Article{Bull06,
  author = {J. Bulla and I. Bulla},
  title = { Stylized Facts of Financial Time Series and Hidden Semi-{M}arkov Models},
  journal = { Comput. Statist. Data Anal.},
  year = { 2006 },
  volume = { 51 },
  pages = { 2192--2209 },
  url = {https://doi.org/10.1016/j.csda.2006.07.021},
}

@Article{Votsi,
  author = {I. Votsi and N. Limnios and G. Tsaklidis and E. Papadimitriou},
  title = { Hidden Semi-{M}arkov Modeling for the Estimation of Earthquake Occurrence Rates},
  journal = { Communications in Statistics: Theory and Methods},
  year = { 2014 },
  volume = { 43 },
  pages = {  1484--1502 },
  url = {https://doi.org/10.1080/03610926.2013.857414},
}

@Article{ENV:ENV2215,
  author = {Guglielmo D'Amico and Filippo Petroni and Flavio Prattico},
  title = {Wind Speed Modeled as an Indexed Semi-{M}arkov Process},
  journal = {Environmetrics},
  volume = {24},
  number = {6},
  issn = {1099-095X},
  pages = {367--376},
  year = {2013},
  url = {https://doi.org/10.1002/env.2215},
}

@Article{Barbu2016,
  author = {Vlad Stefan Barbu and Alex Karagrigoriou and Andreas Makrides},
  title = {Semi-{M}arkov Modelling for Multi-State Systems},
  journal = {Methodology and Computing in Applied Probability},
  year = {2016},
  day = {25},
  issn = {1573-7713},
  url = {https://doi.org/10.1007/s11009-016-9510-y},
}

@Article{Gu2016,
  author = {Guglielmo D'Amico and Raimondo Manca and Chiara Corini and Filippo Petroni and Flavio Prattico},
  title = {Tornadoes and Related Damage Costs: Statistical Modelling with a Semi-{M}arkov Approach},
  journal = {Geomatics, Natural Hazards and Risk},
  volume = {7},
  number = {5},
  pages = {1600-1609},
  year = {2016},
  eprint = {http://dx.doi.org/10.1080/19475705.2015.1124462},
  url = {https://doi.org/10.1080/19475705.2015.1124462},
}

@Article{Gu2016b,
  author = {Guglielmo D'Amico and Jacques Janssen and Raimondo Manca},
  title = {Downward Migration Credit Risk Problem: a Non-Homogeneous Backward Semi-{M}arkov Reliability Approach},
  journal = {Journal of the Operational Research Society},
  year = {2016},
  day = {01},
  volume = {67},
  number = {3},
  pages = {393--401},
  issn = {1476-9360},
  url = {https://doi.org/10.1057/jors.2015.35},
}

@Article{Votsi2012,
  author = {Irene Votsi and Nikolaos Limnios and George Tsaklidis and Eleftheria Papadimitriou},
  title = {Estimation of the Expected Number of Earthquake Occurrences Based on Semi-{M}arkov Models},
  journal = {Methodology and Computing in Applied Probability},
  year = {2012},
  day = {01},
  volume = {14},
  number = {3},
  pages = {685--703},
  issn = {1573-7713},
  url = {https://doi.org/10.1007/s11009-011-9257-4},
}
