@Misc{Wiki+CIELUV,
  author = {Wikipedia},
  title = {{CIELUV} --- {W}ikipedia{,} The Free Encyclopedia},
  year = {2023},  
  howpublished = {URL \url{https://en.wikipedia.org/wiki/CIELUV}, accessed 2023-11-20}
}

@Misc{Wiki+HCL,
  author = {Wikipedia},
  title = {{HCL Color Space} --- {W}ikipedia{,} The Free Encyclopedia},
  year = {2023},  
  howpublished = {URL \url{https://en.wikipedia.org/wiki/HCL_color_space}, accessed 2023-11-20}
}

@Article{Machado+Oliveira+Fernandes:2009,
  author = {Gustavo M. Machado and Manuel M. Oliveira and Leandro A. F. Fernandes},
  title = {A Physiologically-Based Model for Simulation of Color Vision Deficiency},
  journal = {IEEE Transactions on Visualization and Computer Graphics},
  year = {2009},
  volume = {15},
  number = {6},
  pages = {1291--1298},
  doi = {10.1109/TVCG.2009.113}
}

@InProceedings{Ihaka:2003,
  author  = {Ross Ihaka},
  title  = {Colour for Presentation Graphics},
  booktitle = {Proceedings of the 3rd International Workshop on Distributed Statistical Computing, Vienna, Austria},
  editor = {Kurt Hornik and Friedrich Leisch and Achim Zeileis},
  year = {2003},
  url = {https://www.R-project.org/conferences/DSC-2003/Proceedings/},
  note = {{ISSN 1609-395X}},
}

@Article{Harrower+Brewer:2003,
  author = {Mark A. Harrower and Cynthia A. Brewer},
  title = {{ColorBrewer.org}: An Online Tool for Selecting Color Schemes for Maps},
  journal = {The Cartographic Journal},
  year = {2003},
  volume = {40},
  pages = {27--37},
  url = {https://ColorBrewer.org/}
}
 
@Article{Cleveland+McGill:1983,
  author = {William S. Cleveland and Robert McGill},
  title = {A Color-Caused Optical Illusion on a Statistical Graph},
  journal = {The American Statistician},
  year = {1983},
  volume = {37},
  pages = {101--105}
}

@Article{Crameri:2018,
  author = {Fabio Crameri},
  title = {Geodynamic Diagnostics, Scientific Visualisation and {StagLab}~3.0},
  year = {2018},
  journal = {Geoscientific Model Development},
  volume = {11},
  number = {6},
  pages = {2541--2562},
  doi = {10.5194/gmd-11-2541-2018}
}

@Article{Crameri+Shephard+Heron:2020,
  author = {Fabio Crameri and Grace E. Shephard and Philip J. Heron},
  title = {The Misuse of Colour in Science Communication},
  year = {2020},
  journal = {Nature Communications},
  volume = {11},
  number = {1},
  pages = {5444},
  doi = {10.1038/s41467-020-19160-7}
}

@InProceedings{Smith+VanDerWalt:2015,
  author = {Nathaniel Smith and Van der Walt, St{\'e}fan},
  title = {A Better Default Colormap for {matplotlib}},
  booktitle = {SciPy 2015 -- Scientific Computing with {Python}},
  year = {2015},
  address = {Austin},
  url = {https://www.youtube.com/watch?v=xAoljeRJ3lU}
}

@Misc{Hawkins+McNeall+Stephenson:2014,
  author = {Ed Hawkins and Doug McNeall and David Stephenson and Jonny Williams and Dave Carlson},
  title = {The End of the Rainbow -- An Open Letter to the Climate Science Community},
  year = {2014},
  url = {https://www.climate-lab-book.ac.uk/2014/end-of-the-rainbow/}
}

@Book{Wilke:2019,
  author = {Claus O. Wilke},
  title = {Fundamentals of Data Visualization},
  year = {2019},
  publisher = {O'Reilly Media},
  url = {https://serialmentor.com/dataviz/color-basics.html}
}

@Misc{Okabe+Ito:2008,
  author = {Masataka Okabe and Kei Ito},
  title = {Color Universal Design ({CUD}): How to Make Figures and Presentations That Are Friendly to Colorblind People},
  year = {2008},
  url = {https://jfly.uni-koeln.de/color/}
}

@Misc{Rost:2021,
  author = {Lisa Charlotte Rost},
  title = {Which Color Scale to Use When Visualizing Data},
  year = {2021},
  url = {https://blog.datawrapper.de/which-color-scale-to-use-in-data-vis/}
}

@Manual{colorspace,
  title  = {{colorspace}: A Toolbox for Manipulating and Assessing Colors and Palettes},
  author  = {Ross Ihaka and Paul Murrell and Kurt Hornik and Jason C. Fisher and Reto Stauffer and Claus O. Wilke and Claire D. McWhite and Achim Zeileis},
  year  = {2023},
  note  = {{R}~package version~2.1-0},
  url = {https://CRAN.R-project.org/package=colorspace}
}

@Article{Zeileis+Fisher+Hornik:2020,
  author  = {Achim Zeileis and Jason C. Fisher and Kurt Hornik and Ross Ihaka and Claire D. McWhite and Paul Murrell and Reto Stauffer and Claus O. Wilke},
  title  = {{colorspace}: A Toolbox for Manipulating and Assessing Colors and Palettes},
  year = {2020},
  journal = {Journal of Statistical Software},
  volume = {96},
  number = {1},
  pages = {1--49},
  doi = {10.18637/jss.v096.i01},
}

@Book{ggplot2,
  author = {Hadley Wickham},
  title = {{ggplot2}: Elegant Graphics for Data Analysis},
  year = {2016},
  edition = {2nd},
  publisher = {Springer-Verlag},
  addres = {New York},
  url = {https://ggplot2.tidyverse.org/},
}

@Manual{ggplot2pkg,
  title = {{ggplot2}: Create Elegant Data Visualisations Using the Grammar of Graphics},
  author = {Hadley Wickham and Winston Chang and Lionel Henry and Thomas Lin Pedersen and Kohske Takahashi and Claus O. Wilke and Kara Woo and Hiroaki Yutani and Dewey Dunnington},
  year = {2023},
  note = {{R} package version 3.4.2},
  url = {https://CRAN.R-project.org/package=ggplot2},
}

@Book{lattice,
  title = {{lattice}: Multivariate Data Visualization with {R}},
  author = {Deepayan Sarkar},
  year = {2008},
  publisher = {Springer-Verlag},
  address = {New York},
  url = {https://lmdvr.R-Forge.R-project.org/},
}

@Manual{RColorBrewer,
  title = {{RColorBrewer}: ColorBrewer Palettes},
  author = {Erich Neuwirth},
  year = {2022},
  note = {{R}~package version 1.1-3},
  url = {https://CRAN.R-project.org/package=RColorBrewer},
}

@Misc{CARTOColor,
  author = {{CARTO}},
  title = {CARTOColors: Data-Driven Color Schemes},
  year = {2023},  
  url = {https://carto.com/carto-colors/}
}

@Manual{rcartocolor,
  title = {{rcartocolor}: CARTOColors Palettes},
  author = {Jakub Nowosad},
  year = {2023},
  note = {{R}~package version 2.1.1},
  url = {https://CRAN.R-project.org/package=rcartocolor},
}

@Manual{viridis,
  title = {{viridis}: Default Color Maps from {matplotlib}},
  author = {Simon Garnier},
  year = {2023},
  note = {{R}~package version 0.6.4},
  url = {https://CRAN.R-project.org/package=viridis},
}

@Manual{scico,
  title = {{scico}: Colour Palettes Based on the Scientific Colour-Maps},
  author = {Thomas Lin Pedersen and Fabio Crameri},
  year = {2023},
  note = {{R}~package version 1.5.0},
  url = {https://CRAN.R-project.org/package=scico},
}

@Manual{cols4all,
  title = {{cols4all}: Colors for All},
  author = {Martijn Tennekes},
  year = {2023},
  note = {{R}~package version 0.6},
  url = {https://CRAN.R-project.org/package=cols4all},
}

@Article{Polychrome,
  title = {{Polychrome}: Creating and Assessing Qualitative Palettes with Many Colors},
  author  = {Kevin R. Coombes and Guy Brock and Zachary B. Abrams and Lynne V. Abruzzo},
  year = {2019},
  journal = {Journal of Statistical Software, Code Snippets},
  volume = {90},
  number = {1},
  pages = {1--23},
  doi = {10.18637/jss.v090.c01},
}

@Manual{paletteer,
  title = {{paletteer}: Comprehensive Collection of Color Palettes},
  author  = {Emil Hvitfeldt},
  year = {2022},
  note = {{R}~package version 1.5.0},
  url = {https://CRAN.R-project.org/package=paletteer},
}

@Manual{pals,
  title = {{pals}: Color Palettes, Colormaps, and Tools to Evaluate Them},
  author  = {Kevin Wright},
  year = {2021},
  note = {{R}~package version 1.7},
  url = {https://CRAN.R-project.org/package=pals},
}

@Misc{grDevices,
  author = {Achim Zeileis and Paul Murrell},
  title = {{HCL}-Based Color Palettes in {grDevices}},
  year = {2019},
  note = {The {R} Blog},
  url = {https://blog.R-project.org/2019/04/01/hcl-based-color-palettes-in-grdevices/}
}

@Misc{grDevices2,
  author = {Achim Zeileis and Paul Murrell and Martin Maechler and Deepayan Sarkar},
  title = {A New \texttt{palette()} for {R}},
  year = {2019},
  note = {The {R} Blog},
  url = {https://blog.R-project.org/2019/11/21/a-new-palette-for-r/}
}

@Article{Zeileis+Hornik+Murrell:2009,
  author = {Achim Zeileis and Kurt Hornik and Paul Murrell},
  title = {Escaping {RGB}land: Selecting Colors for Statistical Graphics},
  journal = {Computational Statistics \& Data Analysis},
  year = {2009},
  volume = {53},
  pages = {3259--3270},
  doi = {10.1016/j.csda.2008.11.033}
}

@Article{Ihaka+Gentleman:1996,
  author = {Ross Ihaka and Robert Gentleman},
  title = {{R}: A Language for Data Analysis and Graphics},
  journal = {Journal of Computational and Graphical Statistics},
  year = {1996},
  volume = {5},
  number = {3},
  pages = {299--314},
  doi = {10.1080/10618600.1996.10474713}
}

@Misc{Tableau,
  author = {{Tableau Software, LLC}},
  title = {{Tableau}: Business Intelligence and Analytics Software},
  year = {2021},
  url = {https://www.tableau.com/}
}

@Misc{Stone:2016,
  author = {Maureen Stone},
  title = {How We Designed the New Color Palettes in {Tableau} 10},
  year = {2016},
  note = {Tableau Blog},
  url = {https://www.tableau.com/about/blog/2016/7/colors-upgrade-tableau-10-56782}
}

@Misc{Zeileis+Stauffer:2019,
  author = {Achim Zeileis and Reto Stauffer},
  title = {Was {T}rump Confused by Rainbow Color Map?},
  year = {2019},
  url = {https://www.zeileis.org/news/dorian_rainbow/}
}

@Book{Ware:2012,
  author = {Ware, Colin},
  edition = {3rd},
  publisher = {Morgan Kaufmann},
  title = {Information Visualization: Perception for Design},
  doi = {10.1016/C2009-0-62432-6},
  year = {2012}
}

@Article{Cleveland+McGill:1984,
  author = {William S. Cleveland and Robert McGill},
  title = {Graphical Perception: Theory, Experimentation, and Application to the Development of Graphical Methods},
  journal = {Journal of the American Statistical Association},
  volume = {79},
  number = {387},
  pages = {531--554},
  year  = {1984},
  doi = {10.1080/01621459.1984.10478080}
}

@TechReport{Lonsdale+Lonsdale:2019,
  author = {Lonsdale, Maria Dos Santos and Lonsdale, David},
  year = {2019},
  title = {{Design2Inform}: Information Visualisation},
  institution = {The Office of the Chief Scientific Advisor, Gov UK},
  type = {Report},
  url = {https://eprints.whiterose.ac.uk/141931/}
}

@InProceedings{Bartram+Patra+Stone:2017,
  author = {Bartram, Lyn and Patra, Abhisekh and Stone, Maureen},
  title = {Affective Color in Visualization},
  year = {2017},
  publisher = {Association for Computing Machinery},
  address = {New York},
  doi = {10.1145/3025453.3026041},
  booktitle = {Proceedings of the 2017 CHI Conference on Human Factors in Computing Systems},
  pages = {1364--1374},
  numpages = {11}
}

@Article{Etchebehere+Fedorovskaya:2017,
  author = {Etchebehere, Sergio and Fedorovskaya, Elena},
  title = {On the Role of Color in Visual Saliency},
  year = {2017},
  journal = {Electronic Imaging},
  volume = {2017},
  number = {14},
  pages = {58--63},
  doi = {10.2352/ISSN.2470-1173.2017.14.HVEI-119}
}

@Manual{wesanderson,
  title = {{wesanderson}: A {W}es {A}nderson Palette Generator},
  author = {Karthik Ram and Hadley Wickham},
  year = {2023},
  note = {R package version 0.3.7},
  url = {https://CRAN.R-project.org/package=wesanderson},
}

@Manual{colorblindcheck,
  author = {Jakub Nowosad},
  title = {{colorblindcheck}: Check Color Palettes for Problems with Color Vision Deficiency},
  year = {2023},
  note = {R package version 1.0.2},
  url = {https://CRAN.R-project.org/package=colorblindcheck},
}

@Article{cividis,
  author = {Jamie R. Nu{\~n}ez and Christopher R. Anderton and Ryan S. Renslow},
  title = {Optimizing Colormaps with Consideration for Color Cision Deficiency to Enable Accurate Interpretation of Scientific Data},
  journal = {PLOS ONE},
  year = {2018},
  volume = {13},
  number = {7},
  pages = {1--14},
  doi = {10.1371/journal.pone.0199239},
}
