% Encoding: UTF-8
@Book{AzzaliniCapitanio2014,
  title = {The Skew-Normal and Related Families},
  publisher = {Institute of Mathematical Statistics Monographs},
  year = {2014},
  author = {Adelchi Azzalini and Antonella Capitanio},
  url = {https://doi.org/10.1017/CBO9781139248891},
}

@Article{AzzaliniValle2013,
  author  = {Adelchi Azzalini and Reinaldo B. Arellano-Valle},
  journal = {Journal of Statistical Planning and Inference},
  title   = {Maximum Penalized Likelihood Estimation for Skew-Normal and Skew-$t$ Distributions},
  year    = {2013},
  pages   = {419-433},
  volume  = {143},
  url     = {https://doi.org/10.1016/j.jspi.2012.06.022},
}

@Article{Cicio2011,
  author = {Thomas J. DiCiccio and Anna Clara Monti},
  title = {Inferential Aspects of the Skew t-Distribution},
  journal = {Quaderni di Statistica},
  year = {2011},
  volume = {13},
}

@Book{Robert1983,
  title = {Quadpack - A Subroutine Package for Automatic Integration},
  publisher = {Springer-Verlag},
  year = {1983},
  author = {Robert Piessens and Elise {de Doncker-Kapenga} and Christoph W. Uberhuber and David K. Kahaner},
  url = {https://doi.org/10.1007/978-3-642-61786-7},
}

@Book{CaseBerg:01,
  title = {Statistical Inference},
  publisher = {{Duxbury Resource Center}},
  year = {2001},
  author = {George Casella and Roger Berger},
  isbn = {0534243126},
}

@Article{DougShengyu2017,
  author = {R. Douglas Martin and Shengyu Zhang},
  title = {Nonparametric versus Parametric Expected Shortfall},
  journal = {Available at https://papers.ssrn.com/abstract=2747179.},
  year = {2017},
  url = {https://doi.org/10.2139/ssrn.2747179},
}

@Article{AzzaliniCapitanio2003,
  author = {Adelchi Azzalini and Antonella Capitanio},
  title = {Distributions Generated by Pertubation of Symmetry with Emphasis on a Multivariate Skew t Distribution},
  journal = {J. of the Royal Statistical Society},
  year = {2003},
  volume = {65},
  number = {2},
  pages = {367-389},
  url = {https://doi.org/10.1111/1467-9868.00391},
}

@Article{efronHinkley1978,
  author = {E. Efron and D. V. Hinkley},
  title = {Assessing the Accuracy of the Maximum Likelihood Estimator: Observed Versus Expected Fisher Information},
  journal = {Biometrika},
  year = {1978},
  volume = {65},
  number = {3},
  pages = {457-482},
  url = {https://doi.org/10.1093/biomet/65.3.457},
}

@Article{caoSpall2010,
  author = {X. Cao and J. C. Spall},
  title = {Comparison of Expected and Observed Fisher Information in Variance Calculations for Parameter Estimates},
  journal = {Johns Hopkins APL Technical Digest},
  year = {2010},
  volume = {28},
  number = {3},
  pages = {294-295},
}

@PhdThesis{cao2013,
  author = {X. Cao},
  title = {Relative Performance of Expected and Observed Fisher Information in Covariance Estimation for Maximum Likelihood Estimates},
  school = {Johns Hopkins University},
  year = {2013},
}

@Article{diciccio2018testing,
  title = {Testing for Sub-Models of the Skew t-Distribution},
  author = {Thomas J DiCiccio and Anna Clara Monti},
  journal = {Statistical Methods \& Applications},
  volume = {27},
  number = {1},
  pages = {25--44},
  year = {2018},
  publisher = {Springer-Verlag},
  url = {https://doi.org/10.1007/s10260-017-0387-x},
}

@Comment{jabref-meta: databaseType:bibtex;}
