@Manual{dataexplorer,
  title = {DataExplorer: Automate Data Exploration and Treatment},
  author = {Boxuan Cui},
  year = {2019},
  note = {R package version 0.8.0},
  url = {https://CRAN.R-project.org/package=DataExplorer},
}

@Manual{funmodeling,
  title = {funModeling: Exploratory Data Analysis and Data Preparation Tool-Box Book},
  author = {Pablo Casas},
  year = {2019},
  note = {R package version 1.7},
  url = {https://CRAN.R-project.org/package=funModeling},
}

@Manual{xray,
  title = {Xray: X Ray Vision on Your Datasets},
  author = {Pablo Seibelt},
  year = {2017},
  note = {R package version 0.2},
  url = {https://CRAN.R-project.org/package=xray},
}

@Manual{parsnip,
  title = {{parsnip: A Common API to Modeling and Analysis Functions}},
  author = {Max Kuhn and Davis Vaughan},
  year = {2019},
  note = {R package version 0.0.2},
  url = {https://CRAN.R-project.org/package=parsnip},
}

@Manual{mlrMBO,
  title = {{{{mlrMBO}}: {{A Modular Framework}} for {{Model}}-{{Based Optimization}} of {{Expensive Black}}-{{Box Functions}}}},
  author = {Bernd Bischl and Jakob Richter and Jakob Bossek and Daniel Horn and Janek Thomas and Michel Lang},
  year = {2017},
  eid = {1703.03373},
}

@Manual{arsenal,
  title = {Arsenal: An Arsenal of 'R' Functions for Large-Scale Statistical Summaries},
  author = {Ethan Heinzen and Jason Sinnwell and Elizabeth Atkinson and Tina Gunderson and Gregory Dougherty},
  year = {2019},
  note = {R package version 2.0.0},
  url = {https://CRAN.R-project.org/package=arsenal},
}

@Manual{autoeda,
  title = {autoEDA: Automated Univariate and Bivariate Exploratory Data Analysis},
  author = {Xander Horn},
  note = {R package version 1.0},
  year = {2018},
}

@Manual{dlookr,
  title = {Dlookr: Tools for Data Diagnosis, Exploration, Transformation},
  author = {Choonghyun Ryu},
  year = {2019},
  note = {R package version 0.3.8},
  url = {https://CRAN.R-project.org/package=dlookr},
}

@Manual{datamaid,
  title = {dataMaid: A Suite of Checks for Identification of Potential Errors in a Data Frame as Part of the Data Screening Process},
  author = {Anne Helby Petersen and Claus Thorn Ekstrom},
  year = {2018},
  note = {R package version 1.2.0},
  url = {https://CRAN.R-project.org/package=dataMaid},
}

@Article{visdat,
  title = {Visdat: Visualising Whole Data Frames},
  author = {Nicholas Tierney},
  year = {2017},
  publisher = {Journal of Open Source Software},
  volume = {2},
  number = {16},
  pages = {355},
  journal = {JOSS},
  url = {https://doi.org/10.21105/joss.00355},
}

@InProceedings{2018-dive,
  title = {DIVE: A Mixed-Initiative System Supporting Integrated Data Exploration Workflows},
  author = {Kevin Hu AND Diana Orghian AND César Hidalgo},
  booktitle = {ACM SIGMOD Workshop on Human-In-the-Loop Data Analytics (HILDA)},
  year = {2018},
  publisher = {ACM},
  url = {https://doi.org/10.1145/3209900.3209910},
}

@Manual{h2o,
  title = {H2O},
  author = {{H2O.ai}},
  year = {2019},
  note = {version 3.22.1.6},
}

@Book{h2obook,
  title = {{Practical Machine Learning with H2O: Powerful, Scalable Techniques for Deep Learning and AI}},
  author = {D. Cook},
  year = {2016},
  publisher = {O'Reilly Media},
}

@Article{autokeras,
  author = {Haifeng Jin and Qingquan Song and Xia Hu},
  title = {{Auto-Keras: Efficient Neural Architecture Search with Network Morphism}},
  journal = {arXiv e-prints},
  year = {2018},
  eprint = {1806.10282},
}

@Article{MDP,
  author = {Przemuslaw Biecek},
  title = {{Model Development Process}},
  journal = {arXiv e-prints},
  year = {2019},
  eprint = {1907.04461},
  url = {https://arxiv.org/abs/1907.04461},
}

@Article{intsvy,
  title = {{intsvy}: An {R} Package for Analyzing International Large-Scale Assessment Data},
  author = {Daniel H. Caro and Przemysław Biecek},
  journal = {Journal of Statistical Software},
  year = {2017},
  volume = {81},
  number = {7},
  pages = {1--44},
  url = {https://doi.org/10.18637/jss.v081.i07},
}

@Article{2019arXiv190211035G,
  author = {Alicja Gosiewska and Aleksandra Gacek and Piotr Lubon and Przemyslaw Biecek},
  title = {{{SAFE ML: Surrogate Assisted Feature Extraction for Model Learning}}},
  journal = {arXiv e-prints},
  year = {2019},
  url = {https://arxiv.org/abs/1902.11035},
}

@Manual{r4datascience,
  title = {R for Data Science},
  author = {Garrett Grolemund and Hadley Wickham},
  url = {https://r4ds.had.co.nz/},
  year = {2019},
}

@Article{autoweka,
  author = {Lars Kotthoff and Chris Thornton and Holger H. Hoos and Frank Hutter and Kevin Leyton-Brown},
  title = {Auto-WEKA 2.0: Automatic Model Selection and Hyperparameter Optimization in WEKA},
  journal = {Journal of Machine Learning Research},
  issue_date = {January 2017},
  volume = {18},
  number = {1},
  year = {2017},
  pages = {826--830},
  numpages = {5},
  acmid = {3122034},
  publisher = {JMLR.org},
}

@InBook{tpot,
  author = {Randal S. Olson and Ryan J. Urbanowicz and Peter C. Andrews and Nicole A. Lavender and La Creis Kidd and Jason H. Moore},
  chapter = {Automating Biomedical Data Science Through Tree-Based Pipeline Optimization},
  title = {Applications of Evolutionary Computation: 19th European Conference, EvoApplications 2016, Porto, Portugal, March 30 -- April 1, 2016, Proceedings, Part I},
  year = {2016},
  publisher = {Springer-Verlag},
  pages = {123--137},
  url = {https://doi.org/10.1007/978-3-319-31204-0_9},
}

@InCollection{autosklearn,
  title = {Efficient and Robust Automated Machine Learning},
  author = {Matthias Feurer and Aaron Klein and Katharina Eggensperger and Jost Springenberg and Manuel Blum and Frank Hutter},
  booktitle = {Advances in Neural Information Processing Systems 28},
  editor = {C. Cortes and N. D. Lawrence and D. D. Lee and M. Sugiyama and R. Garnett},
  pages = {2962--2970},
  year = {2015},
  publisher = {Curran Associates, Inc.},
}

@Misc{dora,
  author = {Nathan Epstein},
  title = {{Dora}: Exploratory Data Analysis Toolkit for Python},
  year = {2017},
  url = {https://github.com/NathanEpstein/Dora},
  note = {Python library version 0.0.2},
}

@Manual{cr17,
  title = {Cr17: Testing Differences Between Competing Risks Models and Their Visualisations},
  author = {Magda Młynarczyk and Przemyslaw Biecek},
  year = {2017},
  note = {R package version 0.1.0},
  url = {https://CRAN.R-project.org/package=cr17},
}

@Manual{tableone,
  title = {Tableone: Create 'Table 1' to Describe Baseline Characteristics},
  author = {Kazuki Yoshida and Justin Bohn.},
  year = {2018},
  note = {R package version 0.9.3},
  url = {https://github.com/kaz-yos/tableone},
}

@Manual{describer,
  title = {Describer: Describe Data in R Using Common Descriptive Statistics},
  author = {Paul Hendricks},
  year = {2015},
  note = {R package version 0.2.0},
  url = {https://CRAN.R-project.org/package=describer},
}

@Manual{prettyr,
  title = {prettyR: Pretty Descriptive Stats},
  author = {Jim Lemon and Philippe Grosjean},
  year = {2018},
  note = {R package version 2.2-2},
  url = {https://CRAN.R-project.org/package=prettyR},
}

@Manual{hmisc,
  title = {Hmisc: Harrell Miscellaneous},
  author = {Frank E {Harrell Jr} and {with contributions from Charles Dupont} and {many others.}},
  year = {2019},
  note = {R package version 4.2-0},
  url = {https://CRAN.R-project.org/package=Hmisc},
}

@Article{ggfortify,
  author = {Yuan Tang and Masaaki Horikoshi and Wenxuan Li},
  title = {{ggfortify: Unified Interface to Visualize Statistical Results of Popular R Packages}},
  year = {2016},
  journal = {{The R Journal}},
  pages = {474--485},
  volume = {8},
  number = {2},
  url = {https://doi.org/10.32614/rj-2016-060},
}

@Article{autoplotly,
  author = {Yuan Tang},
  title = {Autoplotly: An R Package for Automatic Generation of Interactive Visualizations for Statistical Results},
  journal = {Journal of Open Source Software},
  year = {2018},
  issue = {24},
  volume = {3},
  url = {https://doi.org/10.21105/joss.00657},
}

@Misc{autoedablog,
  author = {Xander Horn},
  title = {Automated Exploratory Data Analysis in R},
  journal = {LinkedIn},
  type = {Blog},
  number = {April 8},
  year = {2018},
  note = {Retrieved on 14 March 2019},
  howpublished = {\url{https://www.linkedin.com/pulse/automated-exploratory-data-analysis-r-xander-horn/}},
}

@Misc{datasciencelive,
  author = {Pablo Casas},
  title = {{Data Science Live Book}},
  journal = {datascienceheroes.com},
  type = {Online book},
  year = {2018},
  note = {Retrieved on 14 March 2019},
  howpublished = {\url{https://livebook.datascienceheroes.com/}},
}

@Misc{lens,
  author = {Víctor Zabalza and Faculty Engineers},
  title = {{lens}},
  year = {2018},
  note = {Python library  version 0.4.5},
  url = {https://doi.org/10.5281/zenodo.2593337},
}

@Manual{gpairs,
  title = {Gpairs: Gpairs: The Generalized Pairs Plot},
  author = {John W. Emerson and Walton A. Green},
  year = {2014},
  note = {R package version 1.2},
  url = {https://CRAN.R-project.org/package=gpairs},
}

@Manual{ggally,
  title = {GGally: Extension to 'ggplot2'},
  author = {Barret Schloerke and Jason Crowley and Di Cook and Francois Briatte and Moritz Marbach and Edwin Thoen and Amos Elberg and Joseph Larmarange},
  year = {2018},
  note = {R package version 1.4.0},
  url = {https://CRAN.R-project.org/package=GGally},
}

@Article{gpp,
  author = {John W. Emerson and Walton A. Green and Barret Schloerke and Jason Crowley and Dianne Cook and Heike Hofmann and Hadley Wickham},
  title = {The Generalized Pairs Plot},
  journal = {Journal of Computational and Graphical Statistics},
  volume = {22},
  number = {1},
  pages = {79-91},
  year = {2013},
  publisher = {Taylor & Francis},
  url = {https://doi.org/10.1080/10618600.2012.694762},
}

@Manual{panel,
  title = {ExPanDaR: Explore Panel Data Interactively},
  author = {Joachim Gassen},
  year = {2018},
  note = {R package version 0.3.0},
  url = {https://CRAN.R-project.org/package=ExPanDaR},
}

@Article{DALEX,
  author = {Przemyslaw Biecek},
  title = {{DALEX: Explainers for Complex Predictive Models in R}},
  journal = {Journal of Machine Learning Research},
  year = {2018},
  volume = {19},
  number = {84},
  pages = {1-5},
  url = {http://jmlr.org/papers/v19/18-416.html},
}

@Article{iml,
  author = {Christoph Molnar and Bernd Bischl and Giuseppe Casalicchio},
  title = {{iml}: An R Package for Interpretable Machine Learning},
  year = {2018},
  publisher = {Journal of Open Source Software},
  volume = {3},
  number = {26},
  pages = {786},
  journal = {JOSS},
  url = {https://doi.org/10.21105/joss.00786},
}

@misc{imlsta,
    title={Visualizing the Feature Importance for Black Box Models},
    author={Giuseppe Casalicchio and Christoph Molnar and Bernd Bischl},
    year={2018},
    eprint={1804.06620},
    archivePrefix={arXiv},
    primaryClass={stat.ML}
}

@Article{rbioplot,
  title = {{RBioplot: An Easy-to-Use R Pipeline for Automated Statistical Analysis and Data Visualization in Molecular Biology and Biochemistry}},
  author = {J. (Jing) Zhang and Kenneth B. Storey},
  journal = {PeerJ},
  volume = {2016},
  number = {9},
  year = {2016},
  url = {https://doi.org/10.7717/peerj.2436},
}

@Manual{smarteda,
  title = {SmartEDA: Summarize and Explore the Data},
  author = {Dayanand Ubrangala and Kiran Rama and Ravi Kondapalli},
  year = {2018},
  note = {R package version 0.3.0},
  url = {https://CRAN.R-project.org/package=SmartEDA},
}

@Book{ggplot,
  author = {Hadley Wickham},
  title = {Ggplot2: Elegant Graphics for Data Analysis},
  publisher = {Springer-Verlag},
  year = {2016},
  isbn = {978-3-319-24277-4},
  url = {https://doi.org/10.1007/978-0-387-98141-3},
}

@Manual{xtable,
  title = {Xtable: Export Tables to LaTeX or HTML},
  author = {David B. Dahl and David Scott and Charles Roosen and Arni Magnusson and Jonathan Swinton},
  year = {2018},
  note = {R package version 1.8-3},
  url = {https://CRAN.R-project.org/package=xtable},
}

@Article{archivist,
  title = {{archivist}: An {R} Package for Managing, Recording and Restoring Data Analysis Results},
  author = {Przemyslaw Biecek and Marcin Kosinski},
  journal = {Journal of Statistical Software},
  year = {2017},
  volume = {82},
  number = {11},
  pages = {1--28},
  url = {https://doi.org/10.18637/jss.v082.i11},
}

@Manual{survminer,
  title = {Survminer: Drawing Survival Curves Using 'ggplot2'},
  author = {Alboukadel Kassambara and Marcin Kosinski},
  year = {2018},
  note = {R package version 0.4.3},
  url = {https://CRAN.R-project.org/package=survminer},
}

@Manual{cranlogs,
  title = {Cranlogs: Download Logs from the 'RStudio' 'CRAN' Mirror},
  author = {Gabor Csardi},
  year = {2015},
  note = {R package version 2.1.0},
  url = {https://CRAN.R-project.org/package=cranlogs},
}

@InProceedings{crispdm,
  author = {Rüdiger Wirth},
  title = {CRISP-DM: Towards a Standard Process Model for Data Mining},
  booktitle = {Proceedings of the Fourth International Conference on the Practical Application of Knowledge Discovery and Data Mining},
  year = {2000},
  pages = {29--39},
}

@Article{smartedapaper,
  author = {Sayan Putatunda and Kiran Rama and Dayananda Ubrangala and Ravi Kondapalli},
  title = {{SmartEDA: An R Package for Automated Exploratory Data Analysis}},
  journal = {arXiv e-prints},
  year = {2019},
  eid = {arXiv:1903.04754},
}

@Manual{summarytools,
  title = {Summarytools: Tools to Quickly and Neatly Summarize Data},
  author = {Dominic Comtois},
  year = {2019},
  note = {R package version 0.9.2},
  url = {https://CRAN.R-project.org/package=summarytools},
}

@Manual{explorer,
  title = {exploreR: Tools for Quickly Exploring Data},
  author = {Michael Coates},
  year = {2016},
  note = {R package version 0.1},
  url = {https://CRAN.R-project.org/package=exploreR},
}

@Manual{rtutor,
  title = {RtutoR: Shiny Apps for Plotting and Exploratory Analysis},
  author = {Anup Nair},
  year = {2018},
  note = {R package version 1.2},
  url = {https://CRAN.R-project.org/package=RtutoR},
}

@Manual{datatable,
  title = {Data.table: Extension of `data.frame`},
  author = {Matt Dowle and Arun Srinivasan},
  year = {2019},
  note = {R package version 1.12.0},
  url = {https://CRAN.R-project.org/package=data.table},
}

@Book{knitr,
  title = {Dynamic Documents with {R} and Knitr},
  author = {Yihui Xie},
  publisher = {Chapman and Hall/CRC},
  address = {Boca Raton, Florida},
  year = {2015},
  edition = {2nd},
  url = {https://doi.org/10.18637/jss.v056.b02},
}

@Misc{rtutorblog,
  author = {Anup Nair},
  title = {Automating Basic EDA},
  journal = {R-bloggers},
  type = {Blog},
  number = {January 22},
  year = {2018},
  note = {Retrieved on 25 March 2019},
  howpublished = {\url{https://www.r-bloggers.com/automating-basic-eda/}},
}

@Manual{explore,
  title = {Explore: Simplifies Exploratory Data Analysis},
  author = {Roland Krasser},
  year = {2019},
  note = {R package version 0.4.3},
  url = {https://CRAN.R-project.org/package=explore},
}

@Manual{shinysta,
  title = {Shiny: Web Application Framework for R},
  author = {Winston Chang and Joe Cheng and JJ Allaire and Yihui Xie and Jonathan McPherson},
  year = {2019},
  note = {R package version 1.3.2},
  url = {https://CRAN.R-project.org/package=shiny},
}

@Manual{skimr,
  title = {Skimr: Compact and Flexible Summaries of Data},
  author = {Michael Quinn and Amelia McNamara and Eduardo {Arino de la Rubia} and Hao Zhu and Shannon Ellis},
  year = {2019},
  note = {R package version 1.0.7},
  url = {https://CRAN.R-project.org/package=skimr},
}

@Manual{inspectdf,
  title = {Inspectdf: Inspection, Comparison and Visualisation of Data Frames},
  author = {Alastair Rushworth},
  year = {2019},
  note = {R package version 0.0.3},
  url = {https://CRAN.R-project.org/package=inspectdf},
}

@Manual{radiant,
  title = {Radiant: Business Analytics Using R and Shiny},
  author = {Vincent Nijs},
  year = {2019},
  note = {R package version 0.9.9.1},
  url = {https://CRAN.R-project.org/package=radiant},
}
