@article{ballin2013joint,
  title={Joint determination of optimal stratification and sample allocation using genetic algorithm},
  author={Ballin, Marco and Barcaroli, Giulio},
  journal={Survey Methodology},
  volume={39},
  number={2},
  pages={369--393},
  year={2013}
}

@article{barcaroli2014samplingstrata,
  title={Sampling{S}trata: An {R} package for the optimization of stratified sampling},
  author={Barcaroli, Giulio},
  journal={Journal of Statistical Software},
  volume={61},
  number={4},
  pages={1--24},
  year={2014}
}

@article{bethel1989sample,
  title={Sample allocation in multivariate surveys},
  author={Bethel, James W.},
  journal={Survey methodology},
  volume={15},
  number={1},
  pages={47--57},
  year={1989}
}

@inproceedings{bethel1985optimum,
  title={An optimum allocation algorithm for multivariate surveys},
  author={Bethel, James W.},
  booktitle={Proceedings of the Social Statistics Section, ASA},
  pages={209--212},
  year={1985}
}

@book{biemer2003introduction,
  title={Introduction to survey quality},
  author={Biemer, Paul P and Lyberg, Lars E},
  volume={335},
  year={2003},
  publisher={John Wiley \& Sons}
}

@article{biemer2010total,
  title={Total survey error: Design, implementation, and evaluation},
  author={Biemer, Paul P},
  journal={Public Opinion Quarterly},
  volume={74},
  number={5},
  pages={817--848},
  year={2010},
  publisher={Oxford University Press}
}

@book{biemer2017total,
  title={Total survey error in practice},
  author={Biemer, Paul P and de Leeuw, Edith D and Eckman, Stephanie and Edwards, Brad and Kreuter, Frauke and Lyberg, Lars E and Tucker, N Clyde and West, Brady T},
  year={2017},
  publisher={John Wiley \& Sons}
}


@article{chatterjee1968multivariate,
  title={Multivariate stratified surveys},
  author={Chatterjee, Samprit},
  journal={Journal of the American Statistical Association},
  volume={63},
  number={322},
  pages={530--534},
  year={1968},
  publisher={Taylor \& Francis}
}

@article{chatterjee1972study,
  title={A study of optimum allocation in multivariate stratified surveys},
  author={Chatterjee, Samprit},
  journal={Scandinavian Actuarial Journal},
  volume={1972},
  number={1},
  pages={73--80},
  year={1972},
  publisher={Taylor \& Francis}
}

@article{choudhry2012sample,
  title={On sample allocation for efficient domain estimation},
  author={Choudhry, G Hussain and Rao, JNK and Hidiroglou, Michael A},
  journal={Survey methodology},
  volume={38},
  number={1},
  pages={23--29},
  year={2012}
}

@article{chromy1987design,
  title={Design optimization with multiple objectives},
  author={Chromy, James R},
  journal={Proceedings of the Section on Survey Research Methods, 1987},
  year={1987},
  publisher={the American Statistical Association}
}
@book{cicchitelli1992campionamento,
  title={Il campionamento statistico},
  author={Cicchitelli, Giuseppe and Herzel, Amato and Montanari, Giorgio Eduardo},
  year={1992},
  publisher={Il mulino},
  address={Bologna}
}

@book{cochran1977sampling,
  title={Sampling techniques},
  author={Cochran, William G},
  year={1977},
  publisher={John Wiley \& Sons}
}

@book{conti2012campionamento,
  title={Campionamento da popolazioni finite: Il disegno campionario},
  author={Conti, Pier Luigi and Marella, Daniela},
  year={2012},
  publisher={Springer Science \& Business Media}
}

@article{dalenius1953multi,
  title={The multi-variate sampling problem},
  author={Dalenius, Tore},
  journal={Scandinavian Actuarial Journal},
  volume={1953},
  number={sup1},
  pages={92--102},
  year={1953},
  publisher={Taylor \& Francis}
}

@book{dalenius1957sampling,
  title={Sampling in Sweden: contributions to the methods and theories of sample survey practice},
  author={Dalenius, Tore},
  year={1957},
  publisher={Almqvist \& Wiksell}
}

@article{deville1992calibration,
  title={Calibration estimators in survey sampling},
  author={Deville, Jean-Claude and S{\"a}rndal, Carl-Erik},
  journal={Journal of the American statistical Association},
  volume={87},
  number={418},
  pages={376--382},
  year={1992},
  publisher={Taylor \& Francis}
}

@article{devaud2019deville,
  title={Deville and S{\"a}rndal’s calibration: revisiting a 25-years-old successful optimization problem},
  author={Devaud, Denis and Till{\'e}, Yves},
  journal={TEST},
  volume={28},
  number={4},
  pages={1033--1065},
  year={2019},
  publisher={Springer}
}

@article{falorsi1998principi,
  title={Principi e metodi del software generalizzato per la definizione del disegno di campionamento nelle indagini sulle imprese condotte dall’ISTAT},
  author={Falorsi, Piero Demetrio and Ballin, Marco and De Vitiis, Claudia and Scepi, Germana},
  journal={Statistica Applicata},
  volume={10},
  number={2},
  pages={235--257},
  year={1998}
}

@article{folks1965optimum,
  title={Optimum allocation of sampling units to strata when there are R responses of interest},
  author={Folks, John Leroy and Antle, Charles E},
  journal={Journal of the American Statistical Association},
  volume={60},
  number={309},
  pages={225--233},
  year={1965},
  publisher={Taylor \& Francis}
}

@article{gonzalez2010optimal,
  title={Optimal survey design: A review},
  author={Gonzalez, Jeffrey M and Eltinge, John L},
  journal={Section on Survey Research Methods - JSM},
  url={https://www.bls.gov/osmr/pdf/st100270.pdf},
  note={(Accessed on 15 March 2021)},
  year={2010}
}

@article{hansen1953sample,
  title={Sample survey methods and theory. {V}ol. {I} and {II}, {M}ethods and applications.},
  author={Hansen, Morris H and Hurwitz, William N and Madow, William G},
  year={1953},
  publisher={John Wiley}
}

@book{rojas2016estrategias,
  title={Estrategias de muestreo: dise{\~n}o de encuestas y estimaci{\'o}n de par{\'a}metros},
  author={Rojas, H Andr{\'e}s Guti{\'e}rrez},
  year={2016},
  publisher={Ediciones de la U}
}

@inproceedings{hartley1965multiple,
  title={Multiple purpose optimum allocation in stratified sampling},
  author={Hartley, HO},
  booktitle={Proceedings of the Social Statistics Section, ASA},
  pages={258--261},
  year={1965}
}

@article{horvitz1952generalization,
  title={A generalization of sampling without replacement from a finite universe},
  author={Horvitz, Daniel G and Thompson, Donovan J},
  journal={Journal of the American statistical Association},
  volume={47},
  number={260},
  pages={663--685},
  year={1952},
  publisher={Taylor \& Francis Group}
}

@article{huddleston1970optimal,
  title={Optimal sample allocation to strata using convex programming},
  author={Huddleston, HF and Claypool, PL and Hocking, RR},
  journal={Journal of the Royal Statistical Society: Series C (Applied Statistics)},
  volume={19},
  number={3},
  pages={273--278},
  year={1970},
  publisher={Wiley Online Library}
}

@book{kish1965survey,
  title={Survey sampling},
  author={Kish, Leslie},
  year={1965},
  publisher = {John Wiley \& Sons, Inc.},
  address = {New York},
}

@article{kish1976optima,
  title={Optima and proxima in linear sample designs},
  author={Kish, Leslie},
  journal={Journal of the Royal Statistical Society: Series A (General)},
  volume={139},
  number={1},
  pages={80--95},
  year={1976},
  publisher={Wiley Online Library}
}

@article{kish1988multipurpose,
  title={Multipurpose sample designs},
  author={Kish, Leslie},
  journal={Survey Methodology},
  volume={14},
  number={1},
  pages={19--32},
  year={1988}
}

@article{kokan1963optimum,
  title={Optimum allocation in multivariate surveys},
  author={Kokan, AR},
  journal={Journal of the Royal Statistical Society: Series A (General)},
  volume={126},
  number={4},
  pages={557--565},
  year={1963},
  publisher={Wiley Online Library}
}

@article{kokan1967optimum,
  title={Optimum allocation in multivariate surveys: An analytical solution},
  author={Kokan, AR and Khan, Sanaullah},
  journal={Journal of the Royal Statistical Society: Series B (Methodological)},
  volume={29},
  number={1},
  pages={115--125},
  year={1967},
  publisher={Wiley Online Library}
}

@article{kozak2007modern,
  title={Modern approach to optimum stratification: Review and perspectives},
  author={Kozak, Marcin and Verma, Med Ram and Zielinski, A},
  journal={Statistics in Transition},
  volume={8},
  number={2},
  pages={223--250},
  year={2007}
}

@article{kozak2008stratified,
  title={Stratified two-stage sampling in domains: Sample allocation between domains, strata, and sampling stages},
  author={Kozak, Marcin and Zieli{\'n}ski, Andrzej and Singh, Sarjinder},
  journal={Statistics \& probability letters},
  volume={78},
  number={8},
  pages={970--974},
  year={2008},
  publisher={Elsevier}
}

@article{neyman1934optimal,
  title={On the two different aspects of the representative method: the method of stratified sampling and the method of purposive selection},
  author={Neyman, J},
  journal={Journal of the Royal Statistical Society},
  volume={97},
  number={4},
  pages={558--625},
  year={1934}
}

@book{tille2020sampling,
  title={Sampling and estimation from finite populations},
  author={Till{\'e}, Yves},
  year={2020},
  publisher={John Wiley \& Sons}
}

@article{tschprow1923optimal,
  title={On the two different aspects of the representative method: the method of stratified sOn the mathematical expectation of the moments of frequency distributions in the case of correlated observation sampling and the method of purposive selection},
  author={Tschprow, A.A.},
  journal={Metron},
  volume={2},
  pages={646-683},
  year={1923}
}

@book{little2019statistical,
  title={Statistical analysis with missing data},
  author={Little, Roderick JA and Rubin, Donald B},
  volume={793},
  year={2019},
  publisher={John Wiley \& Sons}
}

@article{lynn2004use,
  title={The use of substitution in surveys},
  author={Lynn, Peter},
  journal={The Survey Statistician},
  volume={49},
  pages={14--16},
  year={2004}
}

@book{sarndal2005estimation,
  title={Estimation in surveys with nonresponse},
  author={S{\"a}rndal, Carl-Erik and Lundstr{\"o}m, Sixten},
  year={2005},
  publisher={John Wiley \& Sons}
}

@Book{Cameron+Trivedi:2013,
  author = {A. Colin Cameron and Pravin K. Trivedi},
  title = {Regression Analysis of Count Data},
  year = {2013},
  edition = {2nd},
  publisher = {Cambridge University Press},
  address = {Cambridge},
}

@Book{Chambers+Hastie:1992,
  editor = {John M. Chambers and Trevor J. Hastie},
  title = {Statistical Models in \proglang{S}},
  publisher = {Chapman \& Hall},
  year = {1992},
  address = {London},
}

@Manual{Jackman:2015,
  title = {\pkg{pscl}: Classes and Methods for \proglang{R} Developed in the Political Science Computational Laboratory, Stanford University},
  author = {Simon Jackman},
  year = {2015},
  note = {\proglang{R} package version 1.4.9},
  url = {https://CRAN.R-project.org/package=pscl},
}

@Article{Mullahy:1986,
  author = {John Mullahy},
  title = {Specification and Testing of Some Modified Count Data Models},
  year = {1986},
  journal = {Journal of Econometrics},
  volume = {33},
  number = {3},
  pages = {341--365},
  doi = {10.1016/0304-4076(86)90002-3},
}

@Book{McCullagh+Nelder:1989,
  author = {Peter McCullagh and John A. Nelder},
  title = {Generalized Linear Models},
  edition = {2nd},
  year = {1989},
  publisher = {Chapman \& Hall},
  address = {London},
  doi = {10.1007/978-1-4899-3242-6},
}

@Manual{maussr,
    title = {{MAUSS-R}: {M}ultivariate {A}llocation of {U}nits in {S}ampling {S}urveys},
    author = {Giulio Barcaroli and Teresa Buglielli and Claudia De Vitiis},
    year = {2020},
    note = {R package version 2.4},
    url = {https://www.istat.it/en/methods-and-tools/methods-and-it-tools/design/design-tools/mauss-r},
}



@Manual{optimstrat,
    title = {optimStrat: Choosing the Sample Strategy},
    author = {Edgar Bueno},
    year = {2020},
    note = {R package version 2.3},
    url = {https://CRAN.R-project.org/package=optimStrat},
}

@Manual{practools,
    title = {PracTools: Tools for Designing and Weighting Survey Samples},
    author = {Richard Valliant and Jill A. Dever and Frauke Kreuter},
    year = {2020},
    note = {R package version 1.2.2},
    url = {https://CRAN.R-project.org/package=PracTools},
}

@Manual{R,
  title = {\proglang{R}: {A} Language and Environment for Statistical Computing},
  author = {{\proglang{R} Core Team}},
  organization = {\proglang{R} Foundation for Statistical Computing},
  address = {Vienna, Austria},
  year = {2017},
  url = {https://www.R-project.org/},
}

@Manual{surveyplanning,
    title = {{surveyplanning}: Survey planning tools},
    author = {Juris Breidaks and Martins Liberts and Janis Jukams},
    year = {2020},
    note = {R package version 4.0},
    institution = {Central Statistical Bureau of Latvia},
    address = {Riga, Latvia},
    url = {https://csblatvia.github.io/surveyplanning/},
}

@article{sarndal2007calibration,
  title={The calibration approach in survey theory and practice},
  author={S{\"a}rndal, Carl-Erik},
  journal={Survey methodology},
  volume={33},
  number={2},
  pages={99--119},
  year={2007}
}

@book{SSW:03,
  title={Model assisted survey sampling},
  author={S{\"a}rndal, Carl-Erik and Swensson, Bengt and Wretman, Jan},
  year={2003},
  publisher={Springer Science \& Business Media}
}

@Article{Stasinopoulos+Rigby:2007,
  author = {D. Mikis Stasinopoulos and Robert A. Rigby},
  title = {Generalized Additive Models for Location Scale and Shape ({GAMLSS}) in \proglang{R}},
  journal = {Journal of Statistical Software},
  year = {2007},
  volume = {23},
  number = {7},
  pages = {1--46},
  doi = {10.18637/jss.v023.i07},
}

@article{stokes2004using,
  title={Using spreadsheet solvers in sample design},
  author={Stokes, Lynne and Plummer, John},
  journal={Computational statistics \& data analysis},
  volume={44},
  number={3},
  pages={527--546},
  year={2004},
  publisher={Elsevier}
}

@Manual{Rsampling,
    title = {sampling: Survey Sampling},
    author = {Yves Tillé and Alina Matei},
    year = {2021},
    note = {R package version 2.9},
    url = {https://CRAN.R-project.org/package=sampling},
  }

@Book{Venables+Ripley:2002,
  author = {William N. Venables and Brian D. Ripley},
  title = {Modern Applied Statistics with \proglang{S}},
  edition = {4th},
  year = {2002},
  pages = {495},
  publisher = {Springer-Verlag},
  address = {New York},
  doi = {10.1007/978-0-387-21706-2},
}

@article{waters1987optimal,
  title={Optimal allocation in multivariate, two-stage sampling designs},
  author={Waters, James R and Chester, Alexander J},
  journal={The American Statistician},
  volume={41},
  number={1},
  pages={46--50},
  year={1987},
  publisher={Taylor \& Francis}
}

@Book{Wood:2006,
  author = {Simon N. Wood},
  title = {Generalized Additive Models: An Introduction with \proglang{R}},
  year = {2006},
  publisher = {Chapman \& Hall/CRC},
  address = {Boca Raton},
}

@Article{Yee:2009,
  author = {Thomas W. Yee},
  title = {The \pkg{VGAM} Package for Categorical Data Analysis},
  journal = {Journal of Statistical Software},
  year = {2010},
  volume = {32},
  number = {10},
  pages = {1--34},
  doi = {10.18637/jss.v032.i10},
}

@article{yates1960sampling,
  title={Sampling Methods for Censuses and Surveys , Charles Griffin and Co},
  author={Yates, Frank},
  journal={Ltd., London},
  year={1960}
}

@article{zardetto2015regenesees,
  title={Re{G}enesees: An advanced {R} system for calibration, estimation and sampling error assessment in complex sample surveys},
  author={Zardetto, Diego},
  journal={Journal of Official Statistics},
  volume={31},
  number={2},
  pages={177--203},
  year={2015},
  publisher={Sciendo}
}

@Article{Zeileis+Kleiber+Jackman:2008,
  author = {Achim Zeileis and Christian Kleiber and Simon Jackman},
  title = {Regression Models for Count Data in \proglang{R}},
  journal = {Journal of Statistical Software},
  year = {2008},
  volume = {27},
  number = {8},
  pages = {1--25},
  doi = {10.18637/jss.v027.i08},
}

@article{Baillargeon+Rivest:2012,
  title={The construction of stratified designs in {R} with the package stratification},
  author={Baillargeon, Sophie and Rivest, Louis-Paul},
  journal={Survey Methodology},
  volume={37},
  number={1},
  pages={53--65},
  year={2011}
}

@Manual{Rojas:2020,
	title = {samplesize4surveys: Sample Size Calculations for Complex Surveys},
	author = {Hugo Andres Gutierrez Rojas},
	year = {2020},
	note = {R package version 4.1.1},
	url = {https://CRAN.R-project.org/package=samplesize4surveys},
}

@Book{Valliant:2015,
	author = {Richard Valliant and Jill A. Dever and Frauke Kreute},
	title = {Practical Tools for Designing and Weighting Survey Samples},
	year = {2015},
	publisher = {Springer}
}
