@Article{Alali2015,
  author = {Abdulaziz Alali and Miroslav Kubat},
  journal = {IEEE Transactions on Knowledge and Data Engineering},
  number = {9},
  pages = {2480--2493},
  title = {{PruDent: A Pruned and Confident Stacking Approach for Multi-Label Classification}},
  volume = {27},
  year = {2015},
  url = {https://doi.org/10.1109/tkde.2015.2416731},
}

@Article{Alvares-Cherman2012,
  author = {Everton Alvares Cherman and Jean Metz and Maria Carolina Monard},
  journal = {Expert Systems with Applications},
  number = {2},
  pages = {1647--1655},
  publisher = {Elsevier},
  title = {{Incorporating Label Dependency into the Binary Relevance Framework for Multi-Label Classification}},
  volume = {39},
  year = {2012},
  url = {https://doi.org/10.1016/j.eswa.2011.06.056},
}

@InProceedings{Al-Otaibi2014,
  address = {Nancy, France},
  author = {Reem Al-Otaibi and Peter Flach and Meelis Kull},
  booktitle = {First International Workshop on Learning over Multiple Contexts (LMCE) at ECML-PKDD 2014},
  title = {{Multi-Label Classification: A Comparative Study on Threshold Selection Methods}},
  year = {2014},
}

@Article{Bischl2016,
  author = {Bernd Bischl and Michel Lang and Lars Kotthoff and Julia Schiffner and Jakob Richter and Erich Studerus and Giuseppe Casalicchio and Zachary M. Jones},
  title = {{mlr: Machine Learning in R}},
  journal = {Journal of Machine Learning Research},
  year = {2016},
  volume = {17},
  number = {170},
  pages = {1-5},
  url = {http://jmlr.org/papers/v17/15-066.html},
}


@inproceedings{Brinker2006,
 author = {Brinker, Klaus and F\"{u}rnkranz, Johannes and H\"{u}llermeier, Eyke},
 title = {A Unified Model for Multilabel Classification and Ranking},
 booktitle = {Proceedings of the 2006 Conference on ECAI 2006: 17th European Conference on Artificial Intelligence August 29 -- September 1, 2006, Riva Del Garda, Italy},
 year = {2006},
 isbn = {1-58603-642-4},
 pages = {489--493},
 numpages = {5},
 url = {http://dl.acm.org/citation.cfm?id=1567016.1567123},
 acmid = {1567123},
 publisher = {IOS Press},
 address = {Amsterdam, The Netherlands, The Netherlands},
}

@Article{Charte2015,
  author = {Francisco Charte and F David Charte},
  journal = {The R Journal},
  number = {2},
  pages = {149--162},
  title = {{Working with Multilabel Datasets in R: The mldr Package}},
  volume = {7},
  year = {2015},
}

@InProceedings{Diplaris2005,
  address = {Volos, Greece},
  author = {Sotiris Diplaris and Grigorios Tsoumakas and Pericles A Mitkas and Ioannis Vlahavas},
  booktitle = {Proceedings of the 10th Panhellenic Conference on Informatics},
  pages = {448--456},
  title = {{Protein Classification with Multiple Algorithms}},
  year = {2005},
}

@Article{Gibaja2014,
  author = {Eva Gibaja and Sebastian Ventura},
  journal = {Wiley Interdisciplinary Reviews: Data Mining and Knowledge Discovery},
  number = {6},
  pages = {411--444},
  title = {{Multi-Label Learning: a Review of the State of the Art and Ongoing Research}},
  volume = {4},
  year = {2014},
  url = {https://doi.org/10.1002/widm.1139},
}

@Article{Gibaja2015,
  author = {Eva Gibaja and Sebastián Ventura},
  journal = {ACM Computing Surveys},
  number = {3},
  pages = {1--38},
  title = {{A Tutorial on Multilabel Learning}},
  volume = {47},
  year = {2015},
  url = {https://doi.org/10.1145/2716262},
}

@Article{Hall2009,
  author = {Mark Hall and Eibe Frank and Geoffrey Holmes and Bernhard Pfahringer and Peter Reutemann and Ian H. Witten},
  title = {{The WEKA Data Mining Software: An Update}},
  journal = {SIGKDD Explor. Newsl.},
  issue_date = {June 2009},
  volume = {11},
  number = {1},
  year = {2009},
  pages = {10--18},
  publisher = {ACM},
  address = {New York, NY, USA},
  url = {https://doi.org/10.1145/1656274.1656278},
}

@Article{Hullermeier2008,
  author = {Eyke Hüllermeier and Johannes Fürnkranz and Weiwei Cheng and Klaus Brinker},
  journal = {Artificial Intelligence},
  number = {16-17},
  pages = {1897--1916},
  title = {{Label Ranking by Learning Pairwise Preferences}},
  volume = {172},
  year = {2008},
  url = {https://doi.org/10.1016/j.artint.2008.08.002},
}

@InProceedings{Li2014,
  address = {Gold Coast, Australia},
  author = {Y. Li and M. Zhang},
  booktitle = {Proceedings of the 13th Pacific Rim International Conference on Artificial Intelligence},
  pages = {91--103},
  title = {{Enhancing Binary Relevance for Multi-Label Learning with Controlled Label Correlations Exploitation}},
  year = {2014},
  publisher = {Springer-Verlag},
  url = {https://doi.org/10.1007/978-3-319-13560-1_8},
}

@Article{Liu2015,
  author = {Shuhua (Monica) Liu and Jiun-Hung Chen},
  journal = {Expert Systems with Applications},
  number = {13},
  pages = {5567--5579},
  publisher = {Elsevier Ltd},
  title = {{An Empirical Study of Empty Prediction of Multi-Label Classification}},
  volume = {42},
  year = {2015},
  url = {https://doi.org/10.1016/j.eswa.2015.01.024},
}

@InProceedings{Metz2012,
  address = {Cartagena de Indias, Colombia},
  author = {Jean Metz and Luis FD {de Abreu} and Everton Alvares Cherman and Maria Carolina Monard},
  booktitle = {13th Ibero-American Conference on AI},
  pages = {189--198},
  title = {{On the Estimation of Predictive Evaluation Measure Baselines for Multi-Label Learning}},
  year = {2012},
  url = {https://doi.org/10.1007/978-3-642-34654-5_20},
}

@Article{Montanes2014,
  author = {Elena Montañes and Robin Senge and Jose Barranquero and José Ramón Quevedo and Juan José {del Coz} and Eyke Hüllermeier},
  journal = {Pattern Recognition},
  number = {3},
  pages = {1494--1508},
  publisher = {Elsevier},
  title = {{Dependent Binary Relevance Models for Multi-Label Classification}},
  volume = {47},
  year = {2014},
  url = {https://doi.org/10.1016/j.patcog.2013.09.029},
}

@Article{Probst2017,
  author = {Philipp Probst and Quay Au and Giuseppe Casalicchio and Clemens Stachl and Bernd Bischl},
  title = {{Multilabel Classification with R Package mlr}},
  year = {2017},
  journal = {{The R Journal}},
  pages = {352--369},
  volume = {9},
  number = {1},
}

@InProceedings{Rauber2014,
  address = {Santiago de Chile, Chile},
  author = {Thomas W Rauber and Lucas H Mello and Victor F Rocha and Diego Luchi and Flávio Miguel Varejão},
  booktitle = {Proceedings of the 14th Ibero-American Conference on AI},
  pages = {206--217},
  title = {{Recursive Dependent Binary Relevance Model for Multi-Label Classification}},
  year = {2014},
  publisher = {Springer-Verlag},
  url = {https://doi.org/10.1007/978-3-319-12027-0},
}

@InProceedings{Read2008,
  author = {J Read},
  booktitle = {Proceedings of the New Zealand Computer Science Research Student Conference},
  pages = {143--150},
  title = {{A Pruned Problem Transformation Method for Multi-Label Classification}},
  year = {2008},
}

@InProceedings{Read2008a,
  address = {Pisa, Italy},
  author = {Jesse Read and Bernhard Pfahringer and Geoff Holmes},
  booktitle = {Proceedings of the IEEE International Conference on Data Mining},
  pages = {995--1000},
  title = {{Multi-Label Classification Using Ensembles of Pruned Sets}},
  year = {2008},
  publisher = {IEEE},
  url = {https://doi.org/10.1109/icdm.2008.74},
}

@InProceedings{Read2009,
  address = {Bled, Slovenia},
  author = {Jesse Read and Bernhard Pfahringer and Geoff Holmes and Eibe Frank},
  booktitle = {Proceedings of the European Conference},
  pages = {254--269},
  title = {{Classifier Chains for Multi-Label Classification}},
  volume = {5782},
  year = {2009},
  url = {https://doi.org/10.1007/978-3-642-04174-7_17},
}

@Article{Read2016,
  author = {Jesse Read and P Reutemann and Bernhard Pfahringer and Geoff Holmes},
  journal = {Journal of Machine Learning Reasearch},
  pages = {1--5},
  title = {{MEKA: A Multi-Label / Multi-Target Extension to WEKA}},
  volume = {17},
  year = {2016},
  url = {http://jmlr.org/papers/v17/12-164.html},
}

@InProceedings{Rivolli2017,
  author = {Adriano Rivolli and Larissa C. Parker and Andre C. P. L. F. {de Carvalho}},
  editor = {Eugénio Oliveira and João Gama and Zita Vale and Henrique {Lopes Cardoso}},
  title = {Food Truck Recommendation Using Multi-Label Classification},
  booktitle = {Progress in Artificial Intelligence},
  year = {2017},
  publisher = {Springer-Verlag},
  pages = {585--596},
}

@InProceedings{Sechidis2011,
  author = {Konstantinos Sechidis and Grigorios Tsoumakas and Ioannis Vlahavas},
  booktitle = {Lecture Notes in Computer Science},
  number = {PART 3},
  pages = {145--158},
  title = {{On the Stratification of Multi-Label Data}},
  volume = {6913 LNAI},
  year = {2011},
  url = {https://doi.org/10.1007/978-3-642-23808-6_10},
}

@InProceedings{Senge2013,
  address = {Bamberg, Germany},
  author = {Robin Senge and Juan José {del Coz} and Eyke Hüllermeier},
  booktitle = {Workshop of Lernen, Wissen {\&} Adaptivit{\"{a}}t (LWA 2013)},
  pages = {162--169},
  title = {{Rectifying Classifier Chains for Multi-Label Classification}},
  year = {2013},
}

@Article{Szymanski2017,
  title = {A Scikit-Based Python Environment for Performing Multi-Label Classification},
  author = {Piotr Szymański},
  journal = {arXiv preprint arXiv:1702.01460},
  year = {2017},
}

@InProceedings{Tomas2013,
  address = {Naiguata, Venezuela},
  author = {Jimena Torres Tomás and Newton Spolaôr and Everton Alvares Cherman and Maria Carolina Monard},
  booktitle = {Proceedings of the XXXIX Latin American Computing Conference (CLEI 2013)},
  pages = {155--176},
  title = {{A Framework to Generate Synthetic Multi-Label Datasets}},
  volume = {302},
  year = {2014},
  url = {https://doi.org/10.1016/j.entcs.2014.01.025},
}

@Article{Tsoumakas2007,
  author = {Grigorios Tsoumakas and Ioannis Katakis},
  journal = {International Journal of Data Warehousing and Mining},
  number = {3},
  pages = {1--13},
  title = {{Multi-Label Classification: An Overview}},
  volume = {3},
  year = {2007},
  url = {https://doi.org/10.4018/jdwm.2007070101},
}

@InProceedings{Tsoumakas2007a,
  address = {Warsaw, Poland},
  author = {Grigorios Tsoumakas and Ioannis Vlahavas},
  booktitle = {Proceedings of the European Conference on Machine Learning},
  pages = {406--417},
  title = {{Random k -Labelsets: An Ensemble Method for Multilabel Classification}},
  year = {2007},
  url = {https://doi.org/10.1007/978-3-540-74958-5\_38},
}

@InProceedings{Tsoumakas2008,
  address = {Antwerp, Belgium},
  author = {Grigorios Tsoumakas and Ioannis Katakis and Ioannis Vlahavas},
  booktitle = {Proceedings of the European Conference on Machine Learning and Principles and Practice of Knowledge Discovery, Workshop on Mining Multidimensional Data},
  pages = {30--44},
  title = {{Effective and Efficient Multilabel Classification in Domains with Large Number of Labels}},
  year = {2008},
}

@InProceedings{Tsoumakas2009,
  author = {Grigorios Tsoumakas and Eneldo {Loza Mencía} and Ioannis Katakis and Sang-Hyeun Park and Johannes Fürnkranz},
  booktitle = {Proceedings of the European Conference on Machine Learning and Principles and Practice of Knowledge Discovery, Workshop on Preference Learning},
  pages = {114--129},
  title = {{On the Combination of Two Decompositive Multi-Label Classification Methods}},
  year = {2009},
  address = {Bled, Slovenia},
}

@InCollection{Tsoumakas2010,
  author = {Grigorios Tsoumakas and Ioannis Katakis and Ioannis Vlahavas},
  booktitle = {Data Mining and Knowledge Discovery Handbook},
  chapter = {34},
  edition = {2},
  editor = {Oded Maimon and Lior Rokach},
  isbn = {0387244352},
  pages = {667-685},
  publisher = {Springer-Verlag},
  title = {{Mining Multi-Label Data}},
  year = {2010},
  url = {https://doi.org/10.1007/978-0-387-09823-4_34},
}

@Article{Tsoumakas2011a,
  author = {G. Tsoumakas and E. Spyromitros-Xioufis and J. Vilcek and I. Vlahavas},
  journal = {Journal of Machine Learning Research},
  pages = {2411--2414},
  title = {{MULAN: A Java Library for Multi-Label Learning}},
  volume = {12},
  year = {2011},
}

@Article{Zhang2007,
  author = {Min-Ling Ling Zhang and Zhi-Hua Hua Zhou},
  journal = {Pattern Recognition},
  number = {7},
  pages = {2038--2048},
  title = {{ML-KNN: A Lazy Learning Approach to Multi-Label Learning}},
  volume = {40},
  year = {2007},
  url = {https://doi.org/10.1016/j.patcog.2006.12.019},
}

@Article{Zhang2014,
  author = {Min-Ling Zhang and Zhi-Hua Zhou},
  issn = {1041-4347},
  journal = {IEEE Transactions on Knowledge and Data Engineering},
  number = {8},
  pages = {1819-1837},
  title = {{A Review on Multi-Label Learning Algorithms}},
  volume = {26},
  year = {2014},
  url = {https://doi.org/10.1109/tkde.2013.39},
}

@Article{Zhang2015c,
  author = {Min-Ling Zhang and Lei Wu},
  journal = {IEEE Transactions on Pattern Analysis and Machine Intelligence},
  number = {1},
  pages = {107--120},
  title = {{Lift: Multi-Label Learning with Label-Specific Features}},
  volume = {37},
  year = {2015},
  url = {https://doi.org/10.1109/tpami.2014.2339815},
}

@InBook{deCarvalho2009,
  author = {André C. P. L. F. {de Carvalho} and Alex A. Freitas},
  editor = {Ajith Abraham and Aboul-Ella Hassanien and Václav Snášel},
  title = {{A Tutorial on Multi-Label Classification Techniques}},
  booktitle = {Foundations of Computational Intelligence Volume 5: Function Approximation and Classification},
  year = {2009},
  publisher = {Springer-Verlag},
  address = {Berlin, Heidelberg},
  pages = {177--195},
  chapter = {8},
  url = {https://doi.org/10.1007/978-3-642-01536-6_8},
}
