@String{ IEEEMI = "IEEE Trans. on Medical Imaging" }

@String{ IEEEPAMI = "IEEE Trans. on Patt. Anal. and Mach. Intell." }

@String{ JCGS = "Journal of Computational and Graphical Statistics" }

@String{ JCT = "J. Computerized Tomogr." }

@String{ JRSSB = "Journal of the Royal Statistical Society B" }

@String{ MIA = "Medical Image Analysis" }

@String{ NI = "NeuroImage" }

@String{ PIEEE = "Proceedings of the IEEE" }


@Book{wpress07,
	author = "William H. Press and Saul A. Teukolsky and William T. Vetterling and Brian P. Flannery",
	title = "Numerical {R}ecipes, The Art of Scientific Computing",
	publisher = "CUP",
	edition = "Third",
	year = "2007"
}


@Book{mardia79,
	author = "K.V. Mardia and J.T Kent and J.M. Bibby",
	title = "Multivariate {A}nalysis",
	publisher = "Academic Press",
	year = "1979"
}

@Book{press03,
	author = "James Press",
	title = "Subjective and {O}bjective {B}ayesian {S}tatistics",
	publisher = "John Wiley",
	edition = "Second",
	year = "2003"
}


@Book{geweke05,
	author = "John Geweke",
	title = "Contemporary {B}ayesian econometrics and statistics",
	publisher = "John Wiley and Sons",
	year = "2005"
}


@Book{box73,
	author = "G. E.P. Box and G.C. Tiao",
	title = "{B}ayesian {I}nference in {S}tatistical {A}nalysis",
	publisher = "John Wiley and Sons",
	year = "1973"
}

@Book{ rossi05,
	author = "P. E. Rossi and G.M. Allenby and R. McCulloch",
	title = "{B}ayesian {S}tatistics and {M}arketing",
	publisher = "John Wiley and Sons",
	year = "2005"
}

@Book{ zellner71,
	author = "A. Zellner",
	title = "An {I}ntroduction to {B}ayesian {I}nference in {E}conometrics",
	publisher = "John Wiley and Sons",
	year = "1971"
}

@Book{ koop03,
	author = "G. Koop",
	title = "{B}ayesian {E}conometrics",
	publisher = "John Wiley and Sons",
	year = "2003"
}

@Book{ judge88,
	author = "G.G. Judge and R.C. Hill and W.E. Griffiths and H. L{\"u}tkephol and T.C. Lee",
	title = "Introduction to the {T}heory and {P}ractice of {E}conometrics",
	publisher = "John Wiley and Sons",
	edition = "Second",
	year = "1988"
}

@Book{ gelman2004,
	author = "A. Gelman and J. B. Carlin and H. S. Stern and D. B. Rubin",
	title = "{B}ayesian Data Analysis",
	publisher = "Chapman \& Hall/CRC",
	edition = "Second",
	year = "2004"
}

@Article{ silva04,
	author = "A. {Ferreira da Silva}",
	title = "Bayesian wavelet denoising and evolutionary calibration",
	journal = "Digital Signal Processing",
	year = "2004",
	volume = "14",
	pages = "566--589"
}

@Article{ gf_sparse_vb,
	author = "G. Flandin and W.D. Penny",
	title = "Bayesian {fMRI} data analysis with sparse spatial basis function priors",
	journal = "{N}euro{I}mage",
	year = "2007",
	volume = "34",
	number = "3",
	pages = "1108--1125",
	keyword = "PPM,Bayesian,fMRI,GLM,spatial,hierarchical",
	pdf = " /spm/doc/papers/gf_sparse_vb.pdf ",
	doi = "10.1016/j.neuroimage.2006.10.005"
}

@Article{ will_bayes_srglm,
	author = "W.D. Penny and G. Flandin and N. Trujillo-Bareto",
	title = "Bayesian {C}omparison of {S}patially {R}egularised {G}eneral {L}inear {M}odels",
	journal = "{H}uman {B}rain {M}apping",
	year = "2005",
	volume = "28",
	pages = "275--293",
	keyword = "Bayesian,fMRI,PPM,GLM",
	doi = "doi:10.1002/hbm.20327",
	pdf = " /spm/doc/papers/vb4.pdf "
}

@Article{ vb2,
	author = "W.D. Penny and N. Trujillo-Bareto and K.J. Friston",
	title = "Bayesian {fMRI} time series analysis with spatial priors",
	journal = "{N}euro{I}mage",
	year = "2005",
	volume = "24",
	number = "2",
	pages = "350--362",
	doi = "10.1016/j.neuroimage.2004.08.034",
	pdf = "http://www.fil.ion.ucl.ac.uk/~wpenny/publications/vb2_2005.pdf",
	keyword = "Spatial,fMRI"
}

@TechReport{ vb3,
	author = "W.D. Penny and G. Flandin",
	title = "Bayesian analysis of single-subject {fMRI}: {SPM} implementation",
	institution = "Wellcome Department of Imaging Neuroscience",
	year = "2005",
	keyword = "PPM,Bayesian,fMRI",
	pdf = " /spm/doc/papers/vb3.pdf "
}

@InCollection{ will_hbf2_bayes,
	AUTHOR = "W.D. Penny and K.J. Friston",
	EDITOR = "R.S.J. Frackowiak and K.J. Friston and C. Frith and R. Dolan and K.J. Friston and C.J. Price and S. Zeki and J. Ashburner and W.D. Penny",
	BOOKTITLE = "{H}uman {B}rain {F}unction",
	EDITION = "2nd",
	TITLE = "Classical and {B}ayesian inference",
	PUBLISHER = "Academic Press",
	YEAR = "2003",
	KEYWORD = "Bayesian,fMRI,hierarchical,nonsphericity,PPM,REML",
	PDF = "/spm/doc/books/hbf2/pdfs/Ch17.pdf"
}

@InCollection{ will_hbf2_hier,
	AUTHOR = "W.D. Penny and A.P. Holmes and K.J. Friston",
	EDITOR = "R.S.J. Frackowiak and K.J. Friston and C. Frith and R. Dolan and K.J. Friston and C.J. Price and S. Zeki and J. Ashburner and W.D. Penny",
	BOOKTITLE = "{H}uman {B}rain {F}unction",
	EDITION = "2nd",
	TITLE = "Hierarchical Models",
	PUBLISHER = "Academic Press",
	YEAR = "2003",
	KEYWORD = "Bayesian,GLM,group,introduction,RFX,hierarchical",
	PDF = "/spm/doc/books/hbf2/pdfs/Ch13.pdf"
}

@InCollection{ stefan_hbf2,
	author = "S.J. Kiebel",
	editor = "R.S.J. Frackowiak and K.J. Friston and C. Frith and R. Dolan and K.J. Friston and C.J. Price and S. Zeki and J. Ashburner and W.D. Penny",
	booktitle = "{H}uman {B}rain {F}unction",
	edition = "2nd",
	title = "The general linear model",
	publisher = "Academic Press",
	year = "2003",
	keyword = "introduction",
	pdf = "/spm/doc/books/hbf2/pdfs/Ch7.pdf"
}

@InCollection{ will_hbf2_bayes,
	author = "W.D. Penny and K.J. Friston",
	editor = "R.S.J. Frackowiak and K.J. Friston and C. Frith and R. Dolan and K.J. Friston and C.J. Price and S. Zeki and J. Ashburner and W.D. Penny",
	booktitle = "{H}uman {B}rain {F}unction",
	edition = "2nd",
	title = "Classical and {B}ayesian inference",
	publisher = "Academic Press",
	year = "2003",
	keyword = "Bayesian,fMRI,hierarchical,nonsphericity,PPM,REML",
	pdf = "/spm/doc/books/hbf2/pdfs/Ch17.pdf"
}

@InCollection{holmes,
	author = "A.P. Holmes and  J.B. Poline and K.J. Friston",
	editor = "R.S.J. Frackowiak and  K.J. Friston and C. Frith and R. Dolan and J.C. Mazziotta",
	booktitle = "{H}uman {B}rain {F}unction",
	title = "Characterizing brain images with the general linear model",
	publisher = "Academic Press",
	pages= "59--84",
	year = "1997"
}

@Article{ karl_posterior,
	author = "K.J. Friston and W.D. Penny",
	title = "Posterior probability maps and {SPM}s",
	journal = "{N}euro{I}mage",
	year = "2003",
	volume = "19",
	number = "3",
	pages = "1240--1249",
	keyword = "Bayesian,hierarchical,PPM,EM",
	pdf = "/spm/doc/papers/karl_posterior.pdf"
}

@Article{ tom_fwe,
	author = "T.E. Nichols and S. Hayasaka",
	title = "Controlling the Familywise Error Rate in Functional Neuroimaging: A Comparative Review",
	journal = "Statistical Methods in Medical Research",
	year = "2003",
	volume = "12",
	pages = "419--446",
	keyword = "RFT,nonparametric",
	pdf = " /spm/doc/papers/NicholsHayasaka.pdf "
}

@Article{ vb_fmri_ar,
	author = "W.D. Penny and S.J. Kiebel and K.J. Friston",
	title = "Variational {B}ayesian {I}nference for {fMRI} time series",
	journal = "{N}euro{I}mage",
	year = "2003",
	volume = "19",
	number = "3",
	pages = "727--741",
	keyword = "autocorrelation,Bayesian,fMRI,PPM",
	pdf = "http://www.fil.ion.ucl.ac.uk/~wpenny/publications/glmar.pdf"
}

@Article{ friston94b,
	author = "K.J. Friston and P. Jezzard and R. Turner",
	title = "Analysis of Functional {MRI} Time-Series",
	journal = "{H}uman {B}rain {M}apping",
	year = "1994",
	volume = "1",
	pages = "153--171",
	keyword = "fMRI, autocorrelation,nonsphericity",
	url = "/spm/doc/papers/fMRI_4/"
}

@Article{ 4494444,
	title = "Analysis of {fMRI} Data Using Improved Self-Organizing Mapping and Spatio-Temporal Metric Hierarchical Clustering",
	author = "W. Liao and H. Chen and Q. Yang and X. Lei",
	journal = "Medical Imaging, IEEE Transactions on",
	year = "2008",
	month = "Oct. ",
	volume = "27",
	number = "10",
	pages = "1472--1483",
	doi = "10.1109/TMI.2008.923987",
	ISSN = "0278-0062"
}

@Article{ Woolrich04d,
	author = "M. W. Woolrich and T. E. J. Behrens and C. F. Beckmann and M. Jenkinson and S. M. Smith",
	citeulike-article-id = "1179751",
	journal = "NeuroImage",
	keywords = "bibtex-import",
	number = "4",
	pages = "1732--1747",
	posted-at = "2007-03-21 16:41:47",
	priority = "2",
	title = "Multi-Level Linear Modelling for {FMRI} Group Analysis Using {Bayesian} Inference",
	volume = "21",
	year = "2004"
}

@Article{ 819324,
	title = "Application of {B}ayesian inference to {fMRI} data analysis",
	author = "J. Kershaw and B.A. Ardekani and I. Kanno",
	journal = "Medical Imaging, IEEE Transactions on",
	year = "1999",
	month = "Dec. ",
	volume = "18",
	number = "12",
	pages = "1138--1153"
}

@Article{ 1375157,
	title = "Mixture models with adaptive spatial regularization for segmentation with an application to {fMRI} data",
	author = "M.W. Woolrich and T.E.J. Behrens and C.F. Beckmann and S.M. Smith",
	journal = "Medical Imaging, IEEE Transactions on",
	year = "2005",
	month = "Jan. ",
	volume = "24",
	number = "1",
	pages = "1--11"
}

@Article{ 1704896,
	title = "Variational {B}ayes inference of spatial mixture models for segmentation",
	author = "M.W. Woolrich and T.E. Behrens",
	journal = "Medical Imaging, IEEE Transactions on",
	year = "2006",
	month = "Oct. ",
	volume = "25",
	number = "10",
	pages = "1380--1391"
}

@Article{ woolrich04,
	title = "Fully {B}ayesian spatio-temporal modeling of {fMRI} data",
	author = "M.W. Woolrich and M. Jenkinson and J.M. Brady and S.M. Smith",
	journal = "Medical Imaging, IEEE Transactions on",
	year = "2004",
	month = "Feb. ",
	volume = "23",
	number = "2",
	pages = "213--231"
}

@Article{ friston2002,
	author = "K. J. Friston and W. Penny and C. Phillips and S. Kiebel and G. Hinton and J. Ashburner",
	title = "Classical and {B}ayesian {I}nference in {N}euroimaging: {T}heory",
	journal = "{N}euro{I}mage",
	year = "2002",
	volume = "16",
	pages = "465-- 483",
	keyword = "Spatial,fMRI"
}

@Article{ genovese00,
	author = "Christopher R. Genovese",
	title = "A {B}ayesian Time-Course Model for Functional Magnetic Resonance Imaging Data",
	journal = "Journal of the American Statistical Association",
	volume = "95",
	number = "451",
	pages = "691--703",
	month = "Sept.",
	year = "2000"
}

@Book{ sardy07,
	author = "Gordon E. Sardy",
	title = "{C}omputing {B}rain {A}ctivity {M}aps from {fMRI} {T}ime-{S}eries {I}mages",
	publisher = "Cambridge University Press",
	year = "2007"
}

@Book{ lazar08,
	author = "Nicole Lazar",
	title = "The {S}tatistical {A}nalysis of {F}unctional {MRI} {D}ata",
	publisher = "Springer",
	year = "2008"
}

@Article{ friston91,
	author = "K. Friston and C. Frith and P. Liddle and R. Frackowiak",
	title = "Comparing functional {(PET)} images: the assessment of significant change",
	journal = "J. Cereb. Blood Flow Metab.",
	volume = "11",
	pages = "690 -- 699",
	year = "1991"
}

@Article{ worsley92,
	author = "K. Worsley and A. Evans and S. Marrett and P. Neelin",
	title = "A three-dimensional statistical analysis for {CBF} activation studies in the human brain",
	journal = "J. Cereb. Blood Flow Metab.",
	volume = "12",
	pages = "900 -- 918",
	year = "1992"
}

@Article{ berger87a,
	author = "J. Berger and T. Sellke",
	title = "Testing a Point Null Hypothesis: the Irreconciability of $p$ Values and Evidence",
	journal = "Journal of the American Statistical Association",
	volume = "82",
	pages = "112--122",
	year = "1987"
}

@Article{ berger87b,
	author = "J. Berger and M. Delampady",
	title = "Testing Precise Hypothesis",
	journal = "Statistical Science",
	volume = "2",
	pages = "317--352",
	year = "1987"
}

@Article{ anderson00,
	author = "D.R. Anderson and K. P. Burnham and W. L. Thompson",
	title = "Null hypothesis testing: problems, prevalence, and an alternative",
	journal = "Journal of Wildlife Management",
	volume = "64",
	pages = "912--923",
	year = "2000"
}

@Article{ thompson99,
	author = "B. Thompson",
	title = "Statistical significance tests, effect size reporting, and the vain pursuit of pseudo-objectivity",
	journal = "Theory and Psychology",
	volume = "9",
	pages = "191--196",
	year = "1999"
}

@Article{ berger88,
	author = "J. Berger and D.A. Berry",
	title = "Statistical analysis and the illusion of objectivity",
	journal = "American Scientist",
	volume = "76",
	pages = "159--165",
	year = "1988"
}

@Article{ gelman06,
	author = "A. Gelman",
	title = "Multilevel (Hierarchical) Modeling: What It Can and Cannot Do",
	journal = "Technometrics",
	volume = "48",
	number = "3",
	month = "Aug. ",
	pages = "432--435",
	year = "2006"
}

@Article{ luo03,
	author = "Wen-Lin Luo and Thomas E. Nichols",
	title = "Diagnosis and exploration of massively univariate neuroimaging models",
	journal = "{N}euro{I}mage",
	year = "2003",
	volume = "19",
	pages = "1014--1032"
}

@Article{ pasquale08,
	author = "F. {de Pasquale} and C. Del Gratta and G.L. Romani",
	title = "Empirical {M}arkov {C}hain {M}onte {C}arlo {B}ayesian analysis of {fMRI} data",
	journal = "{N}euro{I}mage",
	year = "2008",
	volume = "42",
	pages = "99--111",
	keyword = "Spatial,fMRI"
}

@Unpublished{ gelman08u,
	title = "Why we (usually) don't have to worry about multiple comparisons",
	author = "Andrew Gelman and Jennifer Hill and Masanao Yajima",
	month = "April",
	year = "2008",
	note = "{U}npublished paper, Dept. of Statistics, Columbia University",
	url = "www.stat.columbia.edu/~gelman/research/unpublished/multiple2.pdf"
}
%	url = "www.stat.columbia.edu/$\sim$gelman/research/unpublished/multiple2.pdf"
%				 	Available from ``www.stat.columbia.edu/$\sim$gelman/research/unpublished/multiple2.pdf''"

% note = "{U}npublished paper, Dept. of Statistics, Columbia University"
% url = "http://www.stat.columbia.edu/~gelman/research/unpublished/multiple2.pdf"

@Article{lindley72,
	author = "D.V.Lindley and A.F.M Smith",
	title = "Bayes Estimates for the Linear Model",
	journal = JRSSB,
	year = "1972",
	volume = "34",
	number = "1",
	pages = "1--41"
}

@Article{zellner62,
	author = "A. Zellner",
	title = "An Efficient Method of Estimating Seemingly Unrelated Regressions and Tests for Aggregation Bias",
	journal = "Journal of the American Statistical Association",
	volume = "57",
	pages = "348--368",
	year = "1962"
}


@Article{woolrich01,
	author = "M. W. Woolrich and  B.D. Ripley and M. Brady and S. M. Smith",
	title = "Temporal Autocorrelation in Univariate Linear Modeling of {FMRI} Data",
	journal = "NeuroImage",
	volume = "14",
	pages = "1370--1386",
	year = "2001"
}

@Article{marchini03,
	author = "J. L. Marchini and S. M. Smith",
	title = "On Bias in the Estimation of Autocorrelations for {fMRI} Voxel Time-Series Analysis",
	journal = "NeuroImage",
	volume = "18",
	pages = "83--90",
	year = "2003"
}

@Article{marchini04,
	author = "J. L. Marchini and Anne Presanis",
	title = "Comparing methods of analyzing {fMRI} statistical parametric maps",
	journal = "NeuroImage",
	volume = "22",
	pages = "1203--1213",
	year = "2004"
}

@Article{worsley02,
	author = "K. J. Worsley and C. H. Liao and J. Aston and V. Petre and G. H. Duncan and F. Morales and A. C. Evans",
	title = "A General Statistical Analysis for {fMRI} Data",
	journal = "NeuroImage",
	volume = "15",
	pages = "1--15",
	year = "2002"
}

@Article{chib93,
	author = "S. Chib",
	title = "{B}ayes Regression with Autoregressive Errors: A {G}ibbs Sampling Approach",
	journal = "Journal of Econometrics",
	volume = "58",
	pages = "275--294",
	year = "1993"
}


@Book{venables97,
	author = "W. N. Venables and B. D. Ripley",
	title = "Modern Applied Statistics with {S-PLUS}",
	year = "1997",
	publisher = "Springer-Verlag",
	edition = "Second",
	series = "Statistics and Computing",
	address = "New York"
}

@Article{silva07,
  author =       "Adelino R. {Ferreira da Silva}",
  title =        "A {D}irichlet process mixture model for brain {MRI} tissue classification",
  journal =      MIA,
  volume =       "11",
  pages =        "169--182",
  year =         "2007"
} 

@Article{silva08,
  author =       "Adelino R. {Ferreira da Silva}",
  title =        "Bayesian mixture models of variable dimension for image segmentation",
  journal =      "Comput. Methods Programs Biomed.",
  volume =       "94",
  pages =        "1--14",
  year =         "2009"
} 

@Article{silva10,
  author =       "Adelino R. {Ferreira da Silva}",
  title =        "A {B}ayesian Multilevel Model for {fMRI} Data Analysis",
  journal =      "Comput. Methods Programs Biomed.",
  volume =       "in press",
  year =         "2010"
}

@Book{ hbf2,
	author = "R.S.J. Frackowiak and K.J. Friston and C. Frith and R. Dolan and C.J. Price and S. Zeki and J. Ashburner and W.D. Penny",
	title = "{H}uman {B}rain {F}unction",
	publisher = "Academic Press",
	year = "2003",
	edition = "2nd",
	keyword = "introduction",
	url = "http://www.fil.ion.ucl.ac.uk/spm/doc/books/hbf2/"
}

@Article{bowman08,
	author = "F. D. Bowman and  B. Caffo and  S. S. Bassett and C. Kiltsd",
	title = "A {B}ayesian hierarchical framework for spatial modeling of {fMRI} data",
	journal = "NeuroImage",
	volume = "39",
	pages = "146--156",
	year = "2008"
}


@Manual{spmmanual,
title = "The SPM8 Manual",
author = "John Ashburner and CC Chen and Guillaume Flandin and Rik Henson and Stefan Kiebel and James Kilner and Vladimir Litvak and Rosalyn Moran and Will Penny and Klaas Stephan and Chloe Hutton and Volkmar Glauche and J\'er\'emie Mattout and Christophe Phillips",
organization = "{F}unctional {I}maging {L}aboratory, {W}ellcome {T}rust {C}entre for {N}euroimaging",
address = "Institute of {N}eurology, {UCL}, {L}ondon",
month = "oct.",
year = "2008",
url = "http://www.fil.ion.ucl.ac.uk/spm/"
}

@Book{RobertCasella2004,
  author =       "Christian P. Robert and George Casella",
  title =        "Monte {C}arlo Statistical Methods",
  publisher =    "Springer-Verlag",
  series =       "Springer Texts in Statistics",
  address =      "New York",
  edition =      "Second",
  ISBN =         "0-387-21239-6",
  year =         "2004",
}


@TechReport{smith04,
	author = "Stephen M. Smith and Mark Jenkinson and Mark W. Woolrich and Christian F. Beckmann and Timothy E.J. Behrens and Heidi Johansen-Berg and Peter R. Bannister and Marilena De Luca and Ivana Drobnjak and David E. Flitney and Rami K. Niazy and James Saunders and John Vickers and Yongyue Zhang and Nicola De Stefano and J. Michael Brad and Paul M. Matthews",
	title = "Advances in {F}unctional and {S}tructural {MR} {I}mage {A}nalysis and {I}mplementation as {FSL}",
	institution = "{FMRIB} ({O}xford {C}entre for {F}unctional {M}agnetic {R}esonance {I}maging of the {B}rain)",
	year = "2004",
	number="TR04SS2",
	url = "http://www.fmrib.ox.ac.uk/fsl"
}


@Manual{nvidia_pg23,
title = "NVIDIA CUDA™ Programming Guide, Version 2.3",
author = "{NVIDIA}",
organization = "NVIDIA Corporation",
month = "July",
year = "2009",
url = "http://www.nvidia.com/CUDA"
}


@Article{owens08,
	author = "John D. Owens and Mike Houston and David Luebke and Simon Green and John E. Stone and James C. Phillips",
	title = "{GPU} {C}omputing",
	journal = PIEEE,
	volume = "96",
	number="5",
	pages = "879--899",
	month = "May",
	year = "2008"
}


@Article{nickools08,
	author = "John Nickolls and Ian Buck and Michael Garland and Kevin Skadron",
	title = "Scalable {P}arallel {P}rogramming",
	journal = "ACM Queue",
	pages = "40--53",
	month = "March/April",
	year = "2008"
}

@Article{fatahalian08,
	author = "Kayvon Fatahalian and Mike Houston",
	title = "A Closer Look at {GPU}s",
	journal = "Comm. of the ACM",
	volume = "51",
	number="10",
	pages = "50-57",
	month = "Oct.",
	year = "2008"
}

@Article{edvul09,
	author = "Edward Vul and Christine Harris and Piotr Winkielman and Harold Pashler",
	title = "Puzzlingly High Correlations in {fMRI} Studies of Emotion, Personality, and Social Cognition",
	journal = "Perspectives on Psychological Science",
	volume = "4",
	number="3",
	pages = "274--290",
	year = "2009"
}

@Manual{Rbase,
  title = {\proglang{R}: A Language and Environment for Statistical Computing},
  author = {{R Development Core Team}},
  organization = {R Foundation for Statistical Computing},
  address = {Vienna, Austria},
  year = {2010},
  note = {{ISBN} 3-900051-07-0},
  url = {http://www.R-project.org},
}

@Manual{oro.nifti,
  title = {\pkg{oro.nifti}: Rigorous - NIfTI Input / Output},
  author = {Brandon Whitcher and Volker Schmid and Andrew Thornton},
  year = {2010},
  note = {R Package Version 0.1.4},
  url = {http://CRAN.R-project.org/package=oro.nifti},
}

@Manual{cudaBayesreg,
  title = {\pkg{cudaBayesreg}: CUDA Parallel Implementation of a {B}ayesian Multilevel Model for fMRI Data Analysis},
  author = {Adelino R. {Ferreira da Silva}},
  year = {2010},
  note = {R package version 0.3-8},
  url = {http://CRAN.R-project.org/package=cudaBayesreg},
}

@Manual{cudaBayesregData,
  title = {\pkg{cudaBayesregData}: Data sets for the examples used in the package \pkg{cudaBayesreg}},
  author = {Adelino R. {Ferreira da Silva}},
  year = {2010},
  note = {R package version 0.3-8},
  url = {http://CRAN.R-project.org/package=cudaBayesreg},
}
@Article{karsten06,
  title = {Analyzing fMRI Experiments with Structural Adaptive Smoothing Procedures},
  author = {Karsten Tabelow and J\"org Polzehl and Henning U. Voss and Vladimir Spokoiny},
  journal = {NeuroImage},
  year = {2006},
  volume = {33},
  number = {1},
  pages = {55--62},
  doi = {10.1016/j.neuroimage.2006.06.029},
}

@Article{boa07,
    title = {\pkg{boa}: An \proglang{R} Package for MCMC Output Convergence Assessment and Posterior Inference},
    author = {Brian J. Smith},
    year = {2007},
    journal = {Journal of Statistical Software},
    volume = {21},
    number = {11},
    pages = {1--37},
}

@Manual{bayesm08,
    title = {\pkg{bayesm}: {B}ayesian Inference for Marketing/Micro-econometrics},
    author = {Peter Rossi and Rob McCulloch.},
    year = {2008},
    note = {R package version 2.2-2},
    url = {http://faculty.chicagogsb.edu/peter.rossi/research/bsm.html},
}

@Article{brent07,
    title = {Some Long-period Random Number Generators Using Shifts and Xors},
    author = {R. P. Brent},
    year = {2007},
    journal = {ANZIAM Journal},
    volume = {48 (CTAC2006)},
    pages = {C188-C202},
    url = {http://wwwmaths.anu.edu.au/~brent}
}

@Article{MT98,
    title = {Mersenne Twister: a 623-Dimensionally Equidistributed Uniform Pseudorandom Number Generator},
    author = {M. Matsumoto and T. Nishimura},
    year = {1998},
    journal = {ACM Transactions on Modeling and Computer Simulation},
    volume = {8},
	  month = {Jan.},
    pages = {3--30}
}

@Article{mars03,
    title = {Random Number Generators},
    author = {G. Marsaglia},
    year = {2003},
    journal = {Journal of Modern Applied Statistical Methods},
    volume = {2},
	  month = {May}
}


@Manual{nvidia_pg32,
title = "NVIDIA CUDA Programming Guide, Version 3.2",
author = "{NVIDIA Corporation}",
month = "Aug.",
year = "2010",
url = "http://www.nvidia.com/CUDA"
}

@Manual{nvidia_bp32,
title = "CUDA C Best Practices Guide Version 3.2",
author = "{NVIDIA Corporation}",
month = "Aug.",
year = "2010",
url = "http://www.nvidia.com/CUDA"
}


