@PhdThesis{oakley1999,
  author =	 {J. Oakley},
  title =	 {Bayesian Uncertainty Analysis for Complex Computer
                  Codes},
  school =	 {University of Sheffield},
  year =	 1999
}

@Article{hankin2005,
  author =	 {R. K. S. Hankin},
  title =	 {Introducing {BACCO}, an {R} bundle for {B}ayesian
                  analysis of computer code output},
  journal =	 {Journal of Statistical Software},
  year =	 2005,
  volume =	 14,
  number =	 16,
  pages =	 {1--20},
  month =	 oct,
}

@Article{hankin2006,
  author =	 {R. K. S. Hankin},
  title =	 {Introducing {elliptic}, an {R} package for elliptic
                  and modular functions},
  journal =	 {Journal of Statistical Software},
  year =	 2006,
  volume =	 15,
  number =	 7,
  pages =	 {1--22},
  month =	 feb,
}

@Article{goodman1963,
  author =	 {N. R. Goodman},
  title =	 {Statistical analysis based on a certain multivariate
                  complex {Gaussian} distribution (an introduction)},
  journal =	 {The Annals of Mathematical Statistics},
  year =	 1963,
  volume =	 34,
  number =	 1,
  pages =	 {152--177},
  month =	 mar,
}

@Book{feller1971,
  author =	 {W. Feller},
  title =	 {An Introduction to Probability Theory and its
                  Applications},
  publisher =	 {Wiley},
  year =	 1971,
  volume =	 2
}

@Article{hankin2012,
  author =	 {R. K. S. Hankin},
  title =	 {Introducing {multivator}: A multivariate emulator},
  journal =	 {Journal of Statistical Software},
  year =	 2012,
  volume =	 46,
  number =	 8,
  pages =	 {1--20},
  month =	 feb,
}

@Book{needham2004,
  author =	 {T. Needham},
  title =	 {Visual Complex Analysis},
  publisher =	 {Clarendon Press, Oxford},
  year =	 2004
}

@Article{krantz1987,
  author =	 {S. G. Krantz},
  title =	 {What is several complex variables?},
  journal =	 {The American Mathematical Monthly},
  year =	 1987,
  volume =	 94,
  number =	 3,
  pages =	 {236--256},
  month =	 mar,
}

@Manual{genz2014,
  title =	 {{mvtnorm}: Multivariate Normal and t Distributions},
  author =	 {Alan Genz and Frank Bretz and Tetsuhisa Miwa and
                  Xuefei Mi and Friedrich Leisch and Fabian Scheipl
                  and Torsten Hothorn},
  year =	 2014,
  note =	 {{R} package version 1.0-0},
  url =		 {http://CRAN.R-project.org/package=mvtnorm},
}

@Book{genz2009,
  title =	 {Computation of Multivariate Normal and t
                  Probabilities},
  author =	 {Alan Genz and Frank Bretz},
  series =	 {Lecture Notes in Statistics},
  year =	 2009,
  publisher =	 {Springer-Verlag},
  address =	 {Heidelberg},
}

@Article{mandic2009,
  author =	 {D. P. Mandic and S. Javidi and S. L. Goh and A. Kuh
                  and K. Aihara},
  title =	 {Complex-valued prediction of wind profile using
                  augmented complex statistics},
  journal =	 {Renewable Energy},
  year =	 2009,
  volume =	 34,
  pages =	 {196--201}
}

@Article{ozarow1994,
  author =	 {L. H. Ozarow},
  title =	 {Information theoretic considerations for cellular
                  mobile radio},
  journal =	 {{I}{E}{E}{E} Transactions on Vehicular Technology},
  year =	 1994,
  volume =	 43,
  number =	 2,
  pages =	 {359--378},
  month =	 may,
}

@Book{kay1989,
  author =	 {S. Kay},
  title =	 {Modern Spectral Analysis},
  publisher =	 {Prentice-Hall},
  year =	 1989
}

@Article{littlewood1948,
  author =	 {J. E. Littlewood and A. C. Offord},
  title =	 {On the distribution of zeros and $a$-values of a
                  random integral function ({I}{I})},
  journal =	 {The Annals of Mathematics},
  year =	 1948,
  volume =	 49,
  number =	 4,
  pages =	 {885--952},
  month =	 oct,
}

@Book{chandrasekharan1985,
  author =	 {K. Chandrasekharan},
  title =	 {Elliptic Functions},
  publisher =	 {Springer-Verlag},
  year =	 1985
}

@Manual{cmvnorm,
  title =	 {cmvnorm: The Complex Multivariate Gaussian
                  Distribution},
  author =	 {Robin K. S. Hankin},
  year =	 2015,
  note =	 {R package version 1.0-2},
  url =		 {http://CRAN.R-project.org/package=cmvnorm},
}



