@Misc{Djatschenko,
	author = {Wadim Djatschenko},
	title = {{The Nitty Gritty of Bond Valuation: A Generalized Methodology for Straight Bond Analysis}},
	year = {2019},
	month = {July},
	note = {Discussion Paper},
	url = {http://dx.doi.org/10.2139/ssrn.3205167},
}

@Manual{RQuantLib,
	title = {RQuantLib: R Interface to the 'QuantLib' Library},
	author = {Dirk Eddelbuettel and Khanh Nguyen and Terry Leitch},
	year = {2018},
	note = {R package version 0.4.5},
	url = {https://CRAN.R-project.org/package=RQuantLib},
}

@Book{ISDA2006,
	address = {New York},
	title = {2006 {ISDA} {Definitions}},
	publisher = {International Swaps and Derivatives Association, Inc.},
	author = {{International Swaps and Derivatives Association, Inc.}},
	year = {2006},
}

@Misc{EBF2004,
	title = {Master {Agreement} for {Financial} {Transactions} - {Supplement} to the {Derivatives} {Annex} - {Interest} {Rate} {Transactions}},
	url = {http://www.ebf.eu/wp-content/uploads/2017/07/10InterestRateTransactions-2004-02699-01-E.pdf},
	author = {{Banking Federation of the European Union}},
	year = {2004},
}

@Misc{ISDA1998,
	title = {{EMU} and {Market} {Conventions}: {Recent} {Developments}},
	number = {ISDA - BS:9951.1},
	institution = {International Swaps and Derivatives Association, Inc.},
	author = {{International Swaps and Derivatives Association, Inc.}},
	year = {1998},
}

@Misc{ICMA2010,
	title = {Rule 251 {Accrued} {Interest} {Calculation} - {Excerpt} from {ICMA}'s {Rules} and {Recommendations}},
	url = {https://www.isda.org/a/NIJEE/ICMA-Rule-Book-Rule-251-reproduced-by-permission-of-ICMA.pdf},
	author = {{International Capital Market Association}},
	year = {2010},
}

@Misc{SWX2003,
	title = {Accrued {Interest} \& {Yield} {Calculations} and {Determination} of {Holiday} {Calendars}},
	url = {http://janroman.dhis.org/finance/General/accrued_interest_en.pdf},
	number = {SWX-SBD-MAN-AIC-202\_/E},
	institution = {SWX Swiss Exchange},
	author = {Christie, David and {SWX Swiss Exchange}},
	year = {2003},
}

@Book{Mayle1993,
	address = {New York},
	edition = {3rd},
	title = {Standard {Securities} {Calculation} {Methods}: {Fixed} {Income} {Securities} {Formulas} for {Price}, {Yield}, and {Accrued} {Interest}},
	volume = {1},
	isbn = {1-882936-01-9},
	shorttitle = {Standard {Securities} {Calculation} {Methods}},
	publisher = {Securities Industry Association},
	author = {Jan Mayle},
	year = {1993},
}

@Book{MSRB2017,
	address = {Washington, DC},
	title = {{MSRB} {Rule} {Book}},
	url = {http://www.msrb.org/msrb1/pdfs/MSRB-Rule-Book-October-2017.pdf},
	publisher = {Municipal Securities Rulemaking Board},
	author = {{Municipal Securities Rulemaking Board}},
	year = {2017},
}

@Book{Krgin2002,
	address = {New York},
	edition = {1st},
	title = {The {Handbook} of {Global} {Fixed} {Income} {Calculations}},
	isbn = {978-0-471-21835-7},
	language = {English},
	publisher = {Wiley},
	author = {Dragomir Krgin},
	year = {2002}
}

@Misc{IIAC2018,
	title = {Canadian {Conventions} in {Fixed} {Income} {Markets} - {A} {Reference} {Document} of {Fixed} {Income} {Securities} {Formulas} and {Practices}; {Release}: 1.3},
	url = {https://iiac.ca/wp-content/uploads/Canadian-Conventions-in-FI-Markets-Release-1.3.pdf},
	author = {{Investment Industry Association of Canada (IIAC)}},
	year = {2018},
}

@Book{CaputoSilva2010,
	address = {Brasilia, BR},
	title = {PUBLIC DEBT: the Brazilian experience},
	isbn = {978-85-87841-44-5},
	publisher = {National Treasury Secretariat and World Bank},
	url = {http://documents.worldbank.org/curated/en/967171469672182286/pdf/700810ESW0P1160Brazilian0Experience.pdf},
	author = {Caputo Silva, Anderson and Oliveira de Carvalho, Lena and Ladeira de Medeiros, Octavio},
	year = {2010},
}

@Book{Itau2017,
	edition = {1st},
	title = {Brazilian {Sovereign} {Fixed} {Income} and {Foreign} {Exchange} {Markets}},
	author = {{Itaú Unibanco}},
	publisher = {{Itaú Unibanco}},
	year = {2017},
}

@Misc{QuantLib,
	author = {{QuantLib Team}},
	title = {QuantLib: A free/open-source library for quantitative finance},
	year = {2018},
	url = {http://quantlib.org/},
}



