@Article{Rice2003, 
	Title = {{C}omparing internet and mobile phone usage: digital divides of usage, adoption, and dropouts},
	Author = {R E Rice and J E Katz},
	Year = {2003},
	Journal = {Telecommunications Policy},
	Volume = {27},
	Number = {8},
	Pages = {597-623}
}

@Incollection{Hoffman2000,
	Author= {D L Hoffman and T P Novak},
	Title= {{The growing digital divide: Implications for an open research agenda}},
	Booktitle={{Understanding the digital economy: Data, tools and research}},
	Pages = {245-260},
	Year={2000}
}

@Article{Chinn2006,
	Title  	   = {{T}he determinants of the global digital divide: a cross-country analysis of computer and internet penetration},
	Author 	   = {M D Chinn and R W Fairlie},
	Year       = {2002},
	Journal    = {Oxford Economic Papers}
}

@Article{Goldfarb2008, 
	Title = {{Internet adoption and usage patterns are different: Implications for the digital divide}},
	Author = {A Goldfarb and J Prince},
	Year = {2008},
	Journal = {Information Economics and Policy},
	Volume = {20},
	Number = {1},
	Pages = {2-15}
}

@Article{Robertson2007, 
	Title = {{A segment-based analysis of Internet service adoption among UK households}},
	Author = {A Robertson and D Soopramanien and R Fildes},
	Year = {2007},
	Journal = {Technology in society},
	Volume = {29},
	Number = {3},
	Pages = {339-350}
}

@Article{Atkin1998, 
	Title = {{Understanding Internet adoption as telecommunications behavior}},
	Author = {D J Atkin and L W Jeffres and K A Neuendorf},
	Year = {1998},
	Journal = {Journal of Broadcasting \& Electronic Media},
	Volume = {42},
	Number = {4},
	Pages = {475-490}
}

@Article{Rhee2004, 
	Title = {{The adoption and use of the Internet in South Korea}},
	Author = {K Y Rhee and W B Kim},
	Year = {2004},
	Journal = {Journal of Computer-Mediated Communication},
	Volume = {9},
	Number = {4},
	Pages = {}
}

@Article{Lopez2009, 
	Title = {{El uso de Internet en España: Influencia de factores regionales y socio-demográficos}},
	Author = {F L López and M G Izquierdo and M B Currás},
	Year = {2009},
	Journal = {Investigaciones regionales},
	Number = {16},
	Pages = {93-115}
}

@Article{Wunnava2009, 
	Title = {{D}eterminants of intercountry Internet diffusion rates},
	Author = {P V Wunnava and D B Leiter},
	Year = {2009},
	Journal = {American Journal of Economics and Sociology},
	Volume = {68},
	Number = {2},
	Pages = {413-426}
}

@Article{McCormick2012, 
	Title = {{Dynamic logistic regression and dynamic model averaging for binary classification}},
	Author = {T H McCormick and A E Raftery and D Madigan and R S Burd},
	Year = {2012},
	Journal = {Biometrics},
	Volume = {68},
	Number = {1},
	Pages = {23-30}
}

@Article{Birba2012, 
	Title = {{Determinants of adoption of Internet in Africa: Case of 17 sub-Saharan countries}},
	Author = {O Birba and A Diagne},
	Year = {2012},
	Journal = {Structural Change and Economic Dynamics},
	Volume = {23},
	Number = {4},
	Pages = {463-472}
}

@Article{Penard2015, 
	Title = {{Internet adoption and usage patterns in Africa: Evidence from Cameroon}},
	Author = {T Penard and N Poussing and B Mukoko and G B Piaptie},
	Year = {2015},
	Journal = {Technology in Society},
	Volume = {42},
	Pages = {71-80}
}

@Article{Madigan1994, 
	Title = {{Model selection and accounting for model uncertainty in graphical models using Occam's window}},
	Author = {D. Madigan and A. E. Raftery},
	Year = {1994},
	Journal = {Journal of the American Statistical Association},
	Volume = {89},
	Number = {428},
	Pages = {1535-1546}
}
 
@Article{Pericchi2016, 
	Title = {{Adaptative significance levels using optimal decision rules: Balancing by weighting the error probabilities}},
	Author = {Luis Pericchi and Carlos Pereira},
	Year = {2016},
	Journal = {Brazilian Journal of Probability and Statistics},
	Volume = {30},
	Number = {1},
		Pages = {70--90}
}

@Article{Kass1995, 
	Title = {{Bayes factors}},
	Author = {R E Kass and A E Raftery},
	Year = {1995},
	Journal = {Journal of the American Statistical Association},
	Volume = {90},
	Number = {430},
	Pages = {773-795}
}

@ARTICLE{deaton80,
	AUTHOR       = "Angus Deaton and John Muellbauer",
	TITLE        = "An Almost Ideal Demand System",
	JOURNAL      = "The American Economic Review",
	YEAR         = "1980",
	VOLUME       = "70",
	NUMBER       = "3",
	PAGES        = "312-326",
	MONTH        = "June",
	NOTE         = ""
}
@article{parteka2010employment,
  title={Employment and export specialisation along the development path: some robust evidence},
  author={Parteka, A.},
  journal={Review of World Economics},
  volume={145},
  number={4},
  pages={615--640},
  year={2010},
  publisher={Springer}
}

@article{volpe2008export,
  title={Is export promotion effective in developing countries? Firm-level evidence on the intensive and the extensive margins of exports},
  author={Volpe Martincus, C. and Carballo, J.},
  journal={Journal of International Economics},
  volume={76},
  number={1},
  pages={89--106},
  year={2008},
  publisher={Elsevier}
}

@article{amin1997export,
  title={Export diversification and structural dynamics in the growth process: The case of Chile},
  author={Amin Guti{\'e}rrez de Pi{\~n}eres, S. and Ferrantino, M.},
  journal={Journal of development Economics},
  volume={52},
  number={2},
  pages={375--391},
  year={1997},
  publisher={Elsevier}
}

@ARTICLE{engle87,
	AUTHOR       = "Robert Engle and Clive Granger",
	TITLE        = "Co-integration and Error Correction: Representation, Estimation and Testing",
	JOURNAL      = "Econometrica",
	YEAR         = "1987",
	VOLUME       = "55",
	NUMBER       = "",
	PAGES        = "251-276",
	MONTH        = "",
	NOTE         = ""
}

@article{agosin2012determinants,
  title={Determinants of Export Diversification Around the World: 1962--2000},
  author={Agosin, M.R. and Alvarez, R. and Bravo-Ortega, C.},
  journal={The World Economy},
  year={2012},
  publisher={Wiley Online Library}
}

@article{dennis2011trade,
  title={Trade facilitation and export diversification},
  author={Dennis, A. and Shepherd, B.},
  journal={The World Economy},
  volume={34},
  number={1},
  pages={101--122},
  year={2011},
  publisher={Wiley Online Library}
}

@article{mengistu2009physical,
  title={Do Physical and Human Capital Matter for Export Diversification?: A Comparative Analysis of Sub-Saharan Africa and East Asia},
  author={Mengistu, A.A.},
  journal={African and Asian Studies},
  volume={8},
  number={1-2},
  pages={1--2},
  year={2009},
  publisher={BRILL}
}

@article{alwang1994portfolio,
  title={Portfolio models and planning for export diversification: Malawi, Tanzania and Zimbabwe},
  author={Alwang, J. and Siegel, P.B.},
  journal={The Journal of Development Studies},
  volume={30},
  number={2},
  pages={405--422},
  year={1994},
  publisher={Taylor \& Francis}
}

@article{hesse2006export,
  title={Export diversification and economic growth},
  author={Hesse, H.},
  journal={World Bank, Washington, DC},
  year={2006}
}

@article{taylor2003export,
  title={Export diversification in Latin America and the Caribbean},
  author={Taylor, T.},
  journal={The International Trade Journal},
  volume={17},
  number={2},
  pages={101--128},
  year={2003},
  publisher={Taylor \& Francis}
}

@article{petersson2005export,
  title={EXPORT DIVERSIFICATION AND INTRA-INDUSTRY TRADE IN SOUTH AFRICA},
  author={Petersson, L.},
  journal={South African Journal of Economics},
  volume={73},
  number={4},
  pages={785--802},
  year={2005},
  publisher={Wiley Online Library}
}

@article{beine2007economic,
  title={Economic integration and the diversification of regional exports: evidence from the Canadian--US Free Trade Agreement},
  author={Beine, M. and Coulombe, S.},
  journal={Journal of Economic Geography},
  volume={7},
  number={1},
  pages={93--111},
  year={2007},
  publisher={Oxford Univ Press}
}

@article{francis2007agricultural,
  title={Agricultural Export-Diversification and Economic Growth in Caribbean Countries: Cointegration and Error-Correction Models},
  author={Francis, B. and Iyare, S.O. and Lorde, T.},
  journal={The International Trade Journal},
  volume={21},
  number={3},
  pages={229--256},
  year={2007},
  publisher={Taylor \& Francis}
}

@article{el2012oil,
  title={Oil Dependency, Export Diversification and Economic Growth in the Arab Gulf States},
  author={El Hag, S. and El Shazly, M.R.},
  journal={European Journal of Social Sciences},
  volume={29},
  number={3},
  pages={397--404},
  year={2012}
}

@article{sanguinetti2004regional,
  title={Regional integration and trade diversification in South-South agreements: Evidence from MERCOSUR},
  author={Sanguinetti, P. and Pantano, J. and Posadas, J.},
  journal={Universidad Torcuato Di Tella, Buenos Aires},
  year={2004}
}

@article{naude2011export,
  title={Export diversification and economic performance: evidence from Brazil, China, India and South Africa},
  author={Naud{\'e}, W. and Rossouw, R.},
  journal={Economic Change and Restructuring},
  volume={44},
  number={1},
  pages={99--134},
  year={2011},
  publisher={Springer}
}

@article{tadesse2013impact,
  title={The impact of foreign direct investment on horizontal export diversification: empirical evidence},
  author={Tadesse, B. and Shukralla, E.K.},
  journal={Applied Economics},
  volume={45},
  number={2},
  pages={141--159},
  year={2013},
  publisher={Taylor \& Francis}
}

@book{ali1991export,
  title={Is export diversification the best way to achieve export growth and stability?: a look at three African countries},
  author={Ali, R. and Alwang, J.R. and Siegel, P.B.},
  volume={729},
  year={1991},
  publisher={World Bank Publications}
}

@ARTICLE{galvis00,
	AUTHOR       = "Luis A. Galvis",
	TITLE        = "La demanda de carnes en Colombia: un an�lisis econom�trico",
	JOURNAL      = "Documentos de trabajo sobre econom�a regional",
	YEAR         = "2000",
	VOLUME       = "13",
	NUMBER       = "",
	PAGES        = "",
	MONTH        = "Enero",
	NOTE         = "Centro de estudios econ�micos regionales, Banco de la Rep�blica"
}
@ARTICLE{moschini95,
	AUTHOR       = "Giancarlo Moschini",
	TITLE        = "Units of Measurement and the Stone Index in Demand System Estimation",
	JOURNAL      = "American Journal of Agriculture Economic",
	YEAR         = "1995",
	VOLUME       = "77",
	NUMBER       = "",
	PAGES        = "63-68",
	MONTH        = "",
	NOTE         = ""
}
@ARTICLE{anderson83,
	AUTHOR       = "Gordon Anderson and Richard Blundell",
	TITLE        = "Estimation and Hypothesis Testing in Dynamic Singular Equations Systems",
	JOURNAL      = "Econometrica",
	YEAR         = "1983",
	VOLUME       = "50",
	NUMBER       = "",
	PAGES        = "1559-1571",
	MONTH        = "",
	NOTE         = ""
}

@article{mejia2011export,
  title={Export diversification and economic growth: an analysis of colombia's export competitiveness in the european union's market (hardback)(series},
  author={Mejia, J.F.},
  year={2011}
}

@article{ben2006diversification,
  title={Diversification: towards a new paradigm for Africa's development},
  author={Ben Hammouda, H. and Karingi, S. and Njuguna, A. and Sadni Jallab, M.},
  year={2006}
}

@book{easterly2001global,
  title={Global development network growth database},
  author={Easterly, W. and Sewadeh, M.},
  year={2001},
  publisher={World Bank Group}
}

@article{bebczuk2006explaining,
  title={Explaining export diversification: an empirical analysis},
  author={Bebczuk, R.N. and Berrettoni, N.D.},
  journal={Documento de Trabajo},
  number={65},
  year={2006}
}

@article{imbs2003stages,
  title={Stages of diversification},
  author={Imbs, J. and Wacziarg, R.},
  journal={American Economic Review},
  pages={63--86},
  year={2003},
  publisher={JSTOR}
}

@techreport{alesina2003fractionalization,
  title={Fractionalization},
  author={Alesina, A. and Devleeschauwer, A. and Easterly, W. and Kurlat, S. and Wacziarg, R.},
  year={2003},
  institution={National Bureau of Economic Research}
}

@article{glaeser2006corruption,
  title={corruption in America},
  author={Glaeser, E.L. and Saks, R.E.},
  journal={Journal of Public Economics},
  volume={90},
  number={6},
  pages={1053--1072},
  year={2006},
  publisher={Elsevier}
}

@article{sachs2001curse,
  title={The curse of natural resources},
  author={Sachs, J.D. and Warner, A.M.},
  journal={European economic review},
  volume={45},
  number={4},
  pages={827--838},
  year={2001},
  publisher={Elsevier}
}

@techreport{acemoglu2000colonial,
  title={The colonial origins of comparative development: An empirical investigation},
  author={Acemoglu, D. and Johnson, S. and Robinson, J.A.},
  year={2000},
  institution={National Bureau of Economic Research}
}

@article{acemoglu2005institutions,
  title={Institutions as a fundamental cause of long-run growth},
  author={Acemoglu, D. and Johnson, S. and Robinson, J.A.},
  journal={Handbook of economic growth},
  volume={1},
  pages={385--472},
  year={2005},
  publisher={Elsevier}
}

@article{bonaglia2003export,
  title={Export diversification in low-income countries: an international challenge after Doha},
  author={Bonaglia, F. and Fukasaku, K.},
  year={2003},
  publisher={OECD Development Centre working paper}
}

@article{parteka2011export,
  title={Export Diversification and Development-Empirical Assessment},
  author={Parteka, A. and Tamberi, M.},
  journal={Universita'Politecnica delle Marche Dipartimento di Scienze Economiche e Sociali Working Paper},
  number={359},
  year={2011}
}

@article{agosin2009export,
  title={Export Diversification and Growth in emerging economies},
  author={Agosin, M.R.},
  journal={CEPAL Review},
  volume={97},
  pages={115--131},
  year={2009}
}

@article{agosin2006trade,
  title={Trade and growth: Why Asia grows faster than Latin America},
  author={Agosin, M.R.},
  year={2006}
}

@article{al2000export,
  title={Export diversification and growth: an empirical investigation},
  author={Al-Marhubi, F.},
  journal={Applied Economics Letters},
  volume={7},
  number={9},
  pages={559--562},
  year={2000},
  publisher={Taylor \& Francis}
}

@article{lederman2003trade,
  title={Trade structure and growth},
  author={Lederman, D. and Maloney, W.},
  journal={World Bank Policy Research Working Paper},
  number={3025},
  year={2003}
}

@article{hausmann2007you,
  title={What you export matters},
  author={Hausmann, R. and Hwang, J. and Rodrik, D.},
  journal={Journal of Economic Growth},
  volume={12},
  number={1},
  pages={1--25},
  year={2007},
  publisher={Springer}
}

@article{herzer2006does,
  title={What does export diversification do for growth? An econometric analysis},
  author={Herzer, D. and Felicitas Nowak-Lehnmann D.},
  journal={Applied economics},
  volume={38},
  number={15},
  pages={1825--1838},
  year={2006},
  publisher={Taylor \& Francis}
}

@article{jansen2009income,
  title={Income volatility in small and developing economies: export concentration matters},
  author={Jansen, M.},
  year={2009},
  publisher={World Trade Organization (WTO)}
}

@BOOK{casella02,
	AUTHOR       = "George Casella and Roger Berger",
	TITLE        = "Statistical Inference",
	PUBLISHER    = "Thomson Learning",
	YEAR         = "2002",
	VOLUME       = "",
	SERIES       = "",
	ADDRESS      = "",
	EDITION      = "",
	MONTH        = "",
	NOTE         = ""
}
@ARTICLE{kwiatkowski92,
	AUTHOR       = "Denis Kwiatkowski and Peter Phillips and Peter Schmidt and Yongcheol Shin",
	TITLE        = "Testing the null hypothesis of stationarity against the alternative of a unit root",
	JOURNAL      = "Journal of econometrics",
	YEAR         = "1992",
	VOLUME       = "54",
	NUMBER       = "",
	PAGES        = "159-178",
	MONTH        = "",
	NOTE         = ""
}
@ARTICLE{johansen88,
	AUTHOR       = "Soren Johansen",
	TITLE        = "Statistical analysis of cointegration vectors",
	JOURNAL      = "Journal of economic dynamics and control",
	YEAR         = "1988",
	VOLUME       = "12",
	NUMBER       = "2-3",
	PAGES        = "231-254",
	MONTH        = "",
	NOTE         = ""
}
@ARTICLE{white80,
	AUTHOR       = "Halbert White",
	TITLE        = "A heteroscedasticity-consistent covariance matrix estimator and a direct test for heteroscedasticity",
	JOURNAL      = "Econometrica",
	YEAR         = "1980",
	VOLUME       = "48",
	NUMBER       = "",
	PAGES        = "817-838",
	MONTH        = "",
	NOTE         = ""
}
@ARTICLE{zellner79,
	AUTHOR       = "A Zellner and H Theil",
	TITLE        = "Three stage least squares: simultaneous estimation of simultaneous equations",
	JOURNAL      = "Econometrica",
	YEAR         = "1979",
	VOLUME       = "30",
	NUMBER       = "",
	PAGES        = "54-78",
	MONTH        = "",
	NOTE         = ""
}
@ARTICLE{stukel88,
	AUTHOR       = "T Stukel",
	TITLE        = "Generalized Logistic Models",
	JOURNAL      = "Journal of the American Statistical Association",
	YEAR         = "1988",
	VOLUME       = "83",
	NUMBER       = "402",
	PAGES        = "426-431",
	MONTH        = "",
	NOTE         = ""
}
@BOOK{greenberg08,
	AUTHOR       = "E Greenberg",
	TITLE        = "Introduction to Bayesian Econometrics",
	PUBLISHER    = "Cambridge University Press",
	YEAR         = "2008",
	VOLUME       = "",
	SERIES       = "",
	ADDRESS      = "",
	EDITION      = "First",
	MONTH        = "",
	NOTE         = ""
}
@INCOLLECTION{goodrich07,
	AUTHOR       = "Ben Goodrich and Ying Lu",
	TITLE        = "logit.bayes: Bayesian Logistic Regression for Dichotomous Dependent Variables",
	BOOKTITLE    = "Zelig: Everyone's Statistical Software",
	PUBLISHER    = "",
	YEAR         = "2007",
	EDITOR       = "",
	CHAPTER      = "",
	PAGES        = "",
	ADDRESS      = "",
	MONTH        = "",
	NOTE         = ""
}
}
@ARTICLE{prentice76,
	AUTHOR       = "Ross Prentice",
	TITLE        = "A Generalization of the Probit and Logit Methods for Dose Response Curves",
	JOURNAL      = "Biometriks",
	YEAR         = "1976",
	VOLUME       = "32",
	NUMBER       = "",
	PAGES        = "761-768",
	MONTH        = "December",
	NOTE         = ""
}
@ARTICLE{pregibon80,
	AUTHOR       = "Daryl Pregibon",
	TITLE        = "Goodness of link test for generalized linear models",
	JOURNAL      = "Applied Statistics",
	YEAR         = "1980",
	VOLUME       = "29",
	NUMBER       = "1",
	PAGES        = "15-24",
	MONTH        = "",
	NOTE         = ""
}
@ARTICLE{aranda81,
	AUTHOR       = "Francisco Aranda-Ordaz",
	TITLE        = "On two families of transformation to additivity for binary response data",
	JOURNAL      = "Biometrika",
	YEAR         = "1981",
	VOLUME       = "68",
	NUMBER       = "2",
	PAGES        = "357-363",
	MONTH        = "",
	NOTE         = ""
}
@BOOK{cameron05,
	AUTHOR       = "Colin Cameron and Pravin Trivedi",
	TITLE        = "Microeconometrics: Methods and Applications",
	PUBLISHER    = "Cambridge",
	YEAR         = "2005",
	VOLUME       = "",
	SERIES       = "",
	ADDRESS      = "",
	EDITION      = "First",
	MONTH        = "",
	NOTE         = ""
}
@ARTICLE{kadane98,
	AUTHOR       = "Joseph Kadane and Lara Wolfson",
	TITLE        = "Experiences in Elitation",
	JOURNAL      = "The Statiscian",
	YEAR         = "1998",
	VOLUME       = "47",
	NUMBER       = "1",
	PAGES        = "3-19",
	MONTH        = "",
	NOTE         = ""
}
@ARTICLE{tsutakawa86,
	AUTHOR       = "R. Tsutakawa and H. Lin",
	TITLE        = "Bayesian Estimation of the Item Response Curves",
	JOURNAL      = "Psychometrika",
	YEAR         = "1986",
	VOLUME       = "51",
	NUMBER       = "",
	PAGES        = "365-393",
	MONTH        = "",
	NOTE         = ""
}
@ARTICLE{zellner84,
	AUTHOR       = "A. Zellner and P. Rosi",
	TITLE        = "Bayesian Analysis of Dichotomous Quantal Response Models",
	JOURNAL      = "Journal of Econometrics",
	YEAR         = "1984",
	VOLUME       = "25",
	NUMBER       = "",
	PAGES        = "365-393",
	MONTH        = "",
	NOTE         = ""
}
@ARTICLE{bcj96,
	AUTHOR       = "Edwart Bedrick and Ronald Christensen and Wesley Johnson",
	TITLE        = "A New Perspective on Priors for Generalized Linear Models",
	JOURNAL      = "Journal of the American Statistical Association",
	YEAR         = "1996",
	VOLUME       = "91",
	NUMBER       = "436",
	PAGES        = "1450-1460",
	MONTH        = "December",
	NOTE         = ""
}
@ARTICLE{bcj97,
	AUTHOR       = "Edwart Bedrick and Ronald Christensen and Wesley Johnson",
	TITLE        = "Bayesian Binomial Regression: Predicting Survival at a Trauma Center",
	JOURNAL      = "The American Statistician",
	YEAR         = "1997",
	VOLUME       = "51",
	NUMBER       = "3",
	PAGES        = "211-218",
	MONTH        = "August",
	NOTE         = ""
}
@ARTICLE{shafiqah06,
	AUTHOR       = "A. Shafiqah and Al-Awadhi and Paul Garthwaite",
	TITLE        = "Quantifying Expert Opinion for Modelling Fauna Habitat Distributions",
	JOURNAL      = "Computational Statistics",
	YEAR         = "2006",
	VOLUME       = "21",
	NUMBER       = "",
	PAGES        = "121-140",
	MONTH        = "",
	NOTE         = ""
}
@ARTICLE{chen99,
	AUTHOR       = "Ming-Hui Chen and Joseph Ibrahim and Constantin Yiannoutsos",
	TITLE        = "Prior Elicitation, Variable Selection and Bayesian Computation for Logistic Regression Models",
	JOURNAL      = "Journal of the Royal Statistical Society",
	YEAR         = "1999",
	VOLUME       = "61",
	NUMBER       = "1",
	PAGES        = "223-242",
	MONTH        = "",
	NOTE         = ""
}
@ARTICLE{chaloner83,
	AUTHOR       = "K. Chaloner and G. Duncan",
	TITLE        = "Assessment of a Beta Prior Distribution: PM Elicitation",
	JOURNAL      = "The Statistician",
	YEAR         = "1983",
	VOLUME       = "32",
	NUMBER       = "1",
	PAGES        = "174-180",
	MONTH        = "",
	NOTE         = ""
}
@ARTICLE{gavasakar88,
	AUTHOR       = "U. Gavasakar",
	TITLE        = "A Comparison of Two Elicitation Methods for a Prior Distribution for a Binomial Parameter",
	JOURNAL      = "Management Science",
	YEAR         = "1988",
	VOLUME       = "34",
	NUMBER       = "6",
	PAGES        = "784-790",
	MONTH        = "",
	NOTE         = ""
}
@BOOK{raiffa61,
	AUTHOR       = "H. Raiffa and R. Schlaifer",
	TITLE        = "Applied Statistical Theory",
	PUBLISHER    = "Harvard University",
	YEAR         = "1961",
	VOLUME       = "",
	SERIES       = "",
	ADDRESS      = "Boston",
	EDITION      = "",
	MONTH        = "",
	NOTE         = ""
}
@BOOKLET{correa08,
	TITLE        = "Introducci�n a la Estad�stica Bayesiana",
	AUTHOR       = "Juan Correa",
	HOWPUBLISHED = "Notas de clase-Universidad Nacional de Colombia (Medell�n)",
	ADDRESS      = "",
	MONTH        = "",
	YEAR         = "2008",
	NOTE         = ""
}

@ARTICLE{milicer66,
	AUTHOR       = "H. Milicer and F. Szczotka",
	TITLE        = "Age at Menarche in Warsaw girls in 1965",
	JOURNAL      = "Human Biology",
	YEAR         = "1966",
	VOLUME       = "38",
	NUMBER       = " ",
	PAGES        = "199-203",
	MONTH        = "",
	NOTE         = ""
}

@Article{fuquene09,
author = {J. F�quene and J. Cook and L. Pericchi},
title = {A case for robust bayesian priors with applications to clinical trials},
journal = {Bayesian Analysis},
year = {2009},
OPTkey = {?},
OPTvolume = {4},
OPTnumber = {4},
OPTpages = {817-846},
OPTmonth = {?},
OPTnote = {?},
OPTannote = {?}
}

@ARTICLE{poyhonen63,
	AUTHOR       = "P. P{\"o}yh{\"o}nen",
	TITLE        = "A Tentative Model for the Volume of Trade between Countries",
	JOURNAL      = "Weltwirtschaftliches Archiv",
	YEAR         = "1963",
	VOLUME       = "90",
	NUMBER       = "1",
	PAGES        = "93-99",
	MONTH        = "",
	NOTE         = ""
}

@TechReport{bun02,
author = {M. Bun and F. Klaassen},
title = {The importance of dynamics in panel gravity models of trade},
institution = {University of Amsterdam},
year = {2002},
OPTkey = {?},
OPTtype = {?},
OPTnumber = {?},
OPTaddress = {?},
OPTmonth = {?},
OPTnote = {?},
OPTannote = {?}
}

@ARTICLE{blundell98,
	AUTHOR       = "R. Blundell and S. Bond",
	TITLE        = "Initials conditions and moment restrictions in dynamics panel data models",
	JOURNAL      = "Journal of Econometrics",
	YEAR         = "1998",
	VOLUME       = "87",
	NUMBER       = "",
	PAGES        = "115-143",
	MONTH        = "",
	NOTE         = ""
}
@ARTICLE{harris99,
	AUTHOR       = "R. Harris and E. Tzavalis",
	TITLE        = "Inference for unit roots in dynamic panels where the time dimension is fixed",
	JOURNAL      = "Journal of Econometrics",
	YEAR         = "1999",
	VOLUME       = "91",
	NUMBER       = "",
	PAGES        = "201-226",
	MONTH        = "",
	NOTE         = ""
}

}
@ARTICLE{baldwintaglioni06,
	AUTHOR       = "R. Baldwin and D. Taglioni",
	TITLE        = "Gravity for dummies and dummies for gravity equations",
	JOURNAL      = "NBER Working Paper Series",
	YEAR         = "1999",
	VOLUME       = "",
	NUMBER       = "Working Paper 12516",
	PAGES        = "1-31",
	MONTH        = "",
	NOTE         = ""
}

}
@ARTICLE{deardorff95,
	AUTHOR       = "A. V. Deardorff",
	TITLE        = "Determinants of bilateral trade: does gravity work in a neoclassical world?",
	JOURNAL      = "NBER",
	YEAR         = "1995",
	VOLUME       = "",
	NUMBER       = "Working Paper 5377",
	PAGES        = "1-28",
	MONTH        = "",
	NOTE         = ""
}

}
@BOOK{tinbergen62,
	AUTHOR       = "J. Tinbergen",
	TITLE        = "Shaping the world economy: suggestion for an international economic policy",
	PUBLISHER    = "Twentieth Century Fund",
	YEAR         = "1962",
	VOLUME       = "",
	SERIES       = "",
	ADDRESS      = "New York",
	EDITION      = "",
	MONTH        = "",
	NOTE         = ""
}

}
@BOOK{linnemann66,
	AUTHOR       = "H. Linnemann",
	TITLE        = "An econometric study of international trade flows",
	PUBLISHER    = "North-Holland",
	YEAR         = "1966",
	VOLUME       = "",
	SERIES       = "",
	ADDRESS      = "Amsterdam",
	EDITION      = "",
	MONTH        = "",
	NOTE         = ""
}

}
@ARTICLE{bergstrand85,
	AUTHOR       = "J. H. Bergstrand",
	TITLE        = "The gravity equation in international trade: some microeconomic foundations and empirical evidence",
	JOURNAL      = "Review of Economics and Statistics",
	YEAR         = "1985",
	VOLUME       = "67",
	NUMBER       = "3",
	PAGES        = "474-481",
	MONTH        = "",
	NOTE         = ""
}

}
@ARTICLE{bergstrand89,
	AUTHOR       = "J. H. Bergstrand",
	TITLE        = "The generalized gravity equation, monopolistic competition, and the factor-proportions theory in international trade",
	JOURNAL      = "Review of Economics and Statistics",
	YEAR         = "1989",
	VOLUME       = "71",
	NUMBER       = "",
	PAGES        = "143-153",
	MONTH        = "",
	NOTE         = ""
}

}
@ARTICLE{bergstrand90,
	AUTHOR       = "J. H. Bergstrand",
	TITLE        = "The {H}eckscher-{O}hlin-{S}amuelson model, the Linder hypothesis and the determinants of bilateral intra-industry trade",
	JOURNAL      = "Economics Journal",
	YEAR         = "1990",
	VOLUME       = "100",
	NUMBER       = "",
	PAGES        = "1216-1229",
	MONTH        = "",
	NOTE         = ""
}

}
@BOOK{leamerstern70,
	AUTHOR       = "E. Leamer and R. Stern",
	TITLE        = "Quantitative international economics",
	PUBLISHER    = "Allyn and Bacon",
	YEAR         = "1970",
	VOLUME       = "",
	SERIES       = "",
	ADDRESS      = "Boston",
	EDITION      = "",
	MONTH        = "",
	NOTE         = ""
}

}
@ARTICLE{savagedeutsch60,
	AUTHOR       = "I. R. Savage and K. W. Deutsch",
	TITLE        = "A statistical  model of the gross analysis of transaction flows",
	JOURNAL      = "Econometrica",
	YEAR         = "1960",
	VOLUME       = "28",
	NUMBER       = "3",
	PAGES        = "551-572",
	MONTH        = "",
	NOTE         = ""
}

}
@ARTICLE{anderson79,
	AUTHOR       = "J. E. Anderson",
	TITLE        = "A theoretical foundation for the gravity equation",
	JOURNAL      = "American Economic Review",
	YEAR         = "1979",
	VOLUME       = "69",
	NUMBER       = "",
	PAGES        = "106-116",
	MONTH        = "",
	NOTE         = ""
}

}
@ARTICLE{correia08,
	AUTHOR       = "L. J. Correia",
	TITLE        = "The determinants of colombian exports: an empirical analysis using the gravity model",
	JOURNAL      = "Revista Desarrollo y Sociedad, Universidad de los Andes-{CEDE}",
	YEAR         = "2008",
	VOLUME       = "",
	NUMBER       = "",
	PAGES        = "",
	MONTH        = "",
	NOTE         = ""
}

}
@ARTICLE{cardenasgarcia04,
	AUTHOR       = "M. C\'ardenas and C. Garc\'ia",
	TITLE        = "El modelo gravitacional de comercio y el {TLC} entre Colombia y Estados Unidos",
	JOURNAL      = "Working Paper Series, Fedesarrollo",
	YEAR         = "2004",
	VOLUME       = "27",
	NUMBER       = "",
	PAGES        = "1-37",
	MONTH        = "",
	NOTE         = ""
}

}
@ARTICLE{krugman79,
	AUTHOR       = "P. Krugman",
	TITLE        = "",
	JOURNAL      = "",
	YEAR         = "1979",
	VOLUME       = "",
	NUMBER       = "",
	PAGES        = "",
	MONTH        = "",
	NOTE         = ""
}

}
@BOOK{helpmankrugman85,
	AUTHOR       = "E. Helpman and P. Krugman",
	TITLE        = "Market structure and foreign trade. Increasing returns, imperfect  competition, and the international economy",
	PUBLISHER    = "MIT Press",
	YEAR         = "1985",
	VOLUME       = "",
	SERIES       = "",
	ADDRESS      = "Cambridge, {MA}",
	EDITION      = "",
	MONTH        = "",
	NOTE         = ""
}


@ARTICLE{andersonvanwincoop03,
	AUTHOR       = "J. E. Anderson and E. van Wincoop",
	TITLE        = "Gravity with gravitas: a solution to the border puzzle",
	JOURNAL      = "American Economic Review",
	YEAR         = "2003",
	VOLUME       = "93",
	NUMBER       = "1",
	PAGES        = "170-192",
	MONTH        = "",
	NOTE         = ""
}

}
@ARTICLE{dixitstiglitz77,
	AUTHOR       = "A. V. Dixit and J. Stiglitz",
	TITLE        = "Monopolistic competition and optimun product diversity",
	JOURNAL      = "American Economic Review",
	YEAR         = "1977",
	VOLUME       = "67",
	NUMBER       = "",
	PAGES        = "297-308",
	MONTH        = "",
	NOTE         = ""
}

}
@misc{worldbank02,
      author = "World-Bank",
      title = "Trade frictions and welfare in the gravity model",
      month = "25 July",
      year = "2002",
      url = "http://info.worldbank.org/etools/BSPAN/PresentationView.asp?PID=416&EID=217"
}

}
@ARTICLE{rose00,
	AUTHOR       = "A. K. Rose",
	TITLE        = "One money, one market: Estimating the effect of common currencies on trade",
	JOURNAL      = "Economic Policy",
	YEAR         = "2000",
	VOLUME       = "15",
	NUMBER       = "30",
	PAGES        = "7-46",
	MONTH        = "",
	NOTE         = ""
}

}
@ARTICLE{rose04,
	AUTHOR       = "A. K. Rose",
	TITLE        = "So we really know that the {WTO} increases trade?",
	JOURNAL      = "American Economic Review",
	YEAR         = "2004",
	VOLUME       = "94",
	NUMBER       = "1",
	PAGES        = "98-114",
	MONTH        = "",
	NOTE         = ""
}

}
@INCOLLECTION{leamerlevinsohn95,
	AUTHOR       = "E. Leamer and J. Levinsohn",
	TITLE        = "Interntional trade theory: the evidence",
	BOOKTITLE    = "The handbook of international economics",
	PUBLISHER    = "North-Holland, Elsevier",
	YEAR         = "1995",
	EDITOR       = "G. Grossman and K. Rogoff",
	CHAPTER      = "",
	PAGES        = "",
	ADDRESS      = "",
	MONTH        = "",
	NOTE         = ""
}

}
@ARTICLE{feenstraetal01,
	AUTHOR       = "R. C. Feenstra and J. R. Markusen and A. K. Rose",
	TITLE        = "Using the gravity equation to differentiate among alternative theories of trade",
	JOURNAL      = "Canadian Journal of Economics",
	YEAR         = "2001",
	VOLUME       = "34",
	NUMBER       = "2",
	PAGES        = "430-447",
	MONTH        = "",
	NOTE         = ""
}

}
@ARTICLE{evenettkeller02,
	AUTHOR       = "S. J. Evenett and  W. Keller",
	TITLE        = "On theories explaining the success of the gravity equation",
	JOURNAL      = "Journal of Political Economy",
	YEAR         = "2002",
	VOLUME       = "110",
	NUMBER       = "2",
	PAGES        = "281-316",
	MONTH        = "",
	NOTE         = ""
}

}
@ARTICLE{eatonkortum02,
	AUTHOR       = "J. Eaton and S. Kortum",
	TITLE        = "Technology, geography and trade",
	JOURNAL      = "Econometrica",
	YEAR         = "2002",
	VOLUME       = "70",
	NUMBER       = "5",
	PAGES        = "1741-1779",
	MONTH        = "",
	NOTE         = ""
}

}
@ARTICLE{soloagawinters01,
	AUTHOR       = "I. Soloaga and L. Alan Winters",
	TITLE        = "Regionalism in the nineties: what effect on trade?",
	JOURNAL      = "North American Journal of Economics and Finance",
	YEAR         = "2001",
	VOLUME       = "12",
	NUMBER       = "1",
	PAGES        = "1-29",
	MONTH        = "",
	NOTE         = ""
}

}
@ARTICLE{subramanianwei07,
	AUTHOR       = "A. Subramanian and S. Wei",
	TITLE        = "The {WTO} promotes trade, strongly but unevenly",
	JOURNAL      = "Journal of International Economics",
	YEAR         = "2007",
	VOLUME       = "72",
	NUMBER       = "1",
	PAGES        = "151-175",
	MONTH        = "",
	NOTE         = ""
}

@ARTICLE{ledermanozden07,
	AUTHOR       = "D. Lederman and \c{C}. {\"O}zden",
	TITLE        = "Geopolitical interests and preferential acces to {U.S.} markets",
	JOURNAL      = "Journal of Political Economy",
	YEAR         = "2007",
	VOLUME       = "19",
	NUMBER       = "2",
	PAGES        = "235-258",
	MONTH        = "",
	NOTE         = ""
}


@INCOLLECTION{deardorff98,
	AUTHOR       = "A. V. Deardorff",
	TITLE        = "Determinants of bilateral trade: does gravity work in a neoclassical world?",
           BOOKTITLE    = "The regionalization of the world economy",
	PUBLISHER    = "University of Chicago Press",
	YEAR         = "1998",
	EDITOR       = "J. A. Frankel",
	CHAPTER      = "",
	PAGES        = "7-32",
	ADDRESS      = "Chicago",
	MONTH        = "",
	NOTE         = ""
}

@ARTICLE{raftery97,
	AUTHOR       = "A. Raftery and D. Madigan and J. Hoeting",
	TITLE        = "Bayesian Model Averaging for Linear Regression Models",
	JOURNAL      = "Journal of the American Statistical Association",
	YEAR         = "1997",
	VOLUME       = "92",
	NUMBER       = "437",
	PAGES        = "179-191",
	MONTH        = "",
	NOTE         = ""
}

@BOOK{leamer78,
	AUTHOR       = "E. Leamer",
	TITLE        = "Specification Searches",
	PUBLISHER    = "New York: Weley",
	YEAR         = "1978",
	VOLUME       = "",
	SERIES       = "",
	ADDRESS      = "New {Y}ork",
	EDITION      = "",
	MONTH        = "",
	NOTE         = ""
}

@ARTICLE{raftery95,
	AUTHOR       = "A. Raftery",
	TITLE        = "Bayesian Model Selection in Social Research",
	JOURNAL      = "Sociological Methodology",
	YEAR         = "1995",
	VOLUME       = "25",
	NUMBER       = "",
	PAGES        = "111-163",
	MONTH        = "",
	NOTE         = ""
}

@article{wiig2011if,
  title={If diversification is good, why don't countries diversify more? The political economy of diversification in resource-rich countries},
  author={Wiig, A. and Kolstad, I.},
  journal={Energy Policy},
  year={2011},
  publisher={Elsevier}
}

@ARTICLE{madigan95,
	AUTHOR       = "D. Madigan and J. C. York and D. Allard",
	TITLE        = "Bayesian Graphical Models for Discrete Data",
	JOURNAL      = "International Statistical Review",
	YEAR         = "1995",
	VOLUME       = "63",
	NUMBER       = "2",
	PAGES        = "215-232",
	MONTH        = "",
	NOTE         = ""
}

@ARTICLE{hastings70,
	AUTHOR       = "W. Hastings",
	TITLE        = "Monte Carlo sampling methods using Markov chains and their application",
	JOURNAL      = "Biometrika",
	YEAR         = "1970",
	VOLUME       = "57",
	NUMBER       = "",
	PAGES        = "97-109",
	MONTH        = "",
	NOTE         = ""
}

@ARTICLE{metropolis53,
	AUTHOR       = "N. Metropolis and A. Rosenbluth and M. Rosenbluth and A. Teller and E. Teller",
	TITLE        = "Equations of state calculations by fast computing machines",
	JOURNAL      = "J. Chem. Phys",
	YEAR         = "1953",
	VOLUME       = "21",
	NUMBER       = "",
	PAGES        = "1087-1092",
	MONTH        = "",
	NOTE         = ""
}

@BOOK{koop03,
	AUTHOR       = "G. Koop",
	TITLE        = "Bayesian Econometrics",
	PUBLISHER    = "Jhon Wiley \& Sons Ltd.",
	YEAR         = "2003",
	VOLUME       = "",
	SERIES       = "",
	ADDRESS      = "",
	EDITION      = "",
	MONTH        = "",
	NOTE         = ""
}

@ARTICLE{fernandez01b,
	AUTHOR       = "C. Fernandez and E. Ley and M. Steel",
	TITLE        = "Benchmark priors for Bayesian model averaging",
	JOURNAL      = "Journal of Econometrics",
	YEAR         = "2001",
	VOLUME       = "100",
	NUMBER       = "",
	PAGES        = "381-427",
	MONTH        = "",
	NOTE         = ""
}

@ARTICLE{ley09,
	AUTHOR       = "E. Ley and M. Steel",
	TITLE        = "On the Effect of Prior Assumptions in Bayesian Model Averaging with Applications to Growth Regressions",
	JOURNAL      = "Journal of Applied Econometrics",
	YEAR         = "2009",
	VOLUME       = "24",
	NUMBER       = "4",
	PAGES        = "651-674",
	MONTH        = "",
	NOTE         = ""
}

@MANUAL{R11,
	TITLE        = "R: A Language and Environment for Statistical Computing. R. Version 2.13.0",
	AUTHOR       = "R Development Core Team",
	ORGANIZATION = "R Foundation for Statistical Computing",
	ADDRESS      = "Vienna, Austria",
	EDITION      = "",
	MONTH        = "",
	YEAR         = "2011",
	NOTE         = "{ISBN} 3-900051-07-0"
}

@MANUAL{feldkircher12,
	TITLE        = "Bayesian Model Averaging",
	AUTHOR       = "Martin Feldkircher and Stefan Zeugner",
	ORGANIZATION = "R Foundation for Statistical Computing",
	ADDRESS      = "Vienna, Austria",
	EDITION      = "",
	MONTH        = "",
	YEAR         = "2012",
	NOTE         = ""
}

@BOOK{petris07,
	AUTHOR       = "G. Petris and S. Petrone and P. Campagnoli",
	TITLE        = "Dynamic Linear Models with R",
	PUBLISHER    = "Springer",
	YEAR         = "2007",
	VOLUME       = "",
	SERIES       = "",
	ADDRESS      = "",
	EDITION      = "",
	MONTH        = "",
	NOTE         = ""
}

@ARTICLE{van2013,
	AUTHOR       = "van den Hauwe, S. and Paap, R. and van Dijk, D.",
	TITLE        = "Bayesian forecasting of federal funds target rate decisions",
	JOURNAL      = "Journal of Macroeconomics",
	YEAR         = "2013",
	VOLUME       = "37",
	NUMBER       = "",
	PAGES        = "19-40",
	MONTH        = "",
	NOTE         = ""
}

%ARTICLE{McCormick2012,
%	AUTHOR       = "Tyler H. McCormick and Adrian E. Raftery and David Madigan and Randall S. Burd",
%	TITLE        = "Dynamic Logistic Regression and Dynamic Model Averaging for Binary Classification",
%	JOURNAL      = "Biometrics",
%	YEAR         = "2012",
%	VOLUME       = "68",
%	NUMBER       = "",
%	PAGES        = "23--30",
%	MONTH        = "March",
%	NOTE         = ""
%}


@ARTICLE{Madigan94,
	AUTHOR       = "David Madigan and Adrian E. Raftery",
	TITLE        = "Model selection and accounting for model uncertainty in graphical models using Occam's window",
	JOURNAL      = "Journal of the American Statistical Association",
	YEAR         = "1994",
	VOLUME       = "89",
	NUMBER       = "",
	PAGES        = "1535--1546",
	MONTH        = "",
	NOTE         = ""
}

@BOOK{diebold2013,
	AUTHOR       = "Francis X. Diebold and Glenn D. Rudebusch",
	TITLE        = "Yield Curve Modeling and Forecasting: The Dynamic Nelson-Siegel Approach",
	PUBLISHER    = "Princeton University Press",
	YEAR         = "2013",
	VOLUME       = "",
	SERIES       = "",
	ADDRESS      = "",
	EDITION      = "",
	MONTH        = "",
	NOTE         = ""
}

@ARTICLE{prentice76,
	AUTHOR       = "Ross Prentice",
	TITLE        = "A Generalization of the Probit and Logit Methods for Dose Response Curves",
	JOURNAL      = "Biometriks",
	YEAR         = "1976",
	VOLUME       = "32",
	NUMBER       = "",
	PAGES        = "761-768",
	MONTH        = "December",
	NOTE         = ""
}

@ARTICLE{pregibon80,
	AUTHOR       = "Daryl Pregibon",
	TITLE        = "Goodness of link test for generalized linear models",
	JOURNAL      = "Applied Statistics",
	YEAR         = "1980",
	VOLUME       = "29",
	NUMBER       = "1",
	PAGES        = "15-24",
	MONTH        = "",
	NOTE         = ""
}

@ARTICLE{aranda81,
	AUTHOR       = "Francisco Aranda-Ordaz",
	TITLE        = "On two families of transformation to additivity for binary response data",
	JOURNAL      = "Biometrika",
	YEAR         = "1981",
	VOLUME       = "68",
	NUMBER       = "2",
	PAGES        = "357-363",
	MONTH        = "",
	NOTE         = ""
}

@ARTICLE{stukel88,
	AUTHOR       = "T Stukel",
	TITLE        = "Generalized Logistic Models",
	JOURNAL      = "Journal of the American Statistical Association",
	YEAR         = "1988",
	VOLUME       = "83",
	NUMBER       = "402",
	PAGES        = "426-431",
	MONTH        = "",
	NOTE         = ""
}

@BOOK{judge88,
	AUTHOR       = {George Judge and R. Carter Hill and William E. Griffiths and Helmut L\"utkepohl and Tsoung-Chao Lee},
	TITLE        = {Introduction to the Theory and Practice of Econometrics},
	PUBLISHER    = {Jhon Wiley \& Sons},
	YEAR         = {1988},
}

\@ARTICLE{Gelman1992,
AUTHOR = "A. Gelman and D. B. Rubin",
TITLE = "Inference from iterative simulation using multiple sequences",
JOURNAL = "Statistical Science",
VOLUME = "7",
NUMBER = "4",
PAGES = "457-472",
YEAR = "1992",
MONTH = "November",
NOTE = "",
}

\@ARTICLE{Brooks1998,
AUTHOR = "S. P. Brooks and A. Gelman",
TITLE = "General methods for monitoring convergence of iterative simulations",
JOURNAL = "Journal of Computational and Graphical Statistics",
VOLUME = "7",
NUMBER = "4",
PAGES = "434-455",
YEAR = "1998",
MONTH = "",
NOTE = "",
}

\@ARTICLE{Krueger1996,
AUTHOR = "Joel T. Krueger and Kenneth N. Kuttner",
TITLE = "The fed funds futures rate as a predictor of Federal Reserve policy",
JOURNAL = "Journal of Futures Markets ",
VOLUME = "16",
NUMBER = "8",
PAGES = "865--879",
YEAR = "1996",
MONTH = "",
NOTE = "",
}

@techreport{Soderstrom1999,
  title={Predicting monetary policy using federal funds futures prices},
  author={U Söderström},
  year={1999},
  institution={Sweden Central Bank}
}

@techreport{Gurkaynak2005,
  title={Using federal funds futures contracts for monetary policy analysis},
  author={R. Göurkaynak},
  year={2005},
  institution={Division of Monetary Affairs, Board of Governors of the Federal Reserve System}
}

@techreport{Crump2014,
  title={Interest Rate Derivatives and Monetary Policy Expectations},
  author={R. Crump and E. Moench and W. O'Boyle and M. Raskin and C. Rosa and L. Stowe},
  year={2014},
  institution={Liberty Street Economics, Federal Reserve Bank of New York}
}

\@ARTICLE{Rudebusch2009,
AUTHOR = "G. Rudebusch and J. Williams",
TITLE = "Forecasting Recessions: The Puzzle of the Enduring Power of the Yield Curve",
JOURNAL = "Journal of Business \& Economic Statistics",
VOLUME = "27",
NUMBER = "4",
PAGES = "",
YEAR = "2009",
MONTH = "",
NOTE = "",
}

@techreport{Chinn2010,
  title={The predictive power of the yield curve across countries and time},
  author={M. Chinn and K. Kucko},
  year={2010},
  institution={NBER}
}

@techreport{Diebold2006,
  title={G1},
  author={F. F. Diebold and G. Rudebusch and S. B. Arouba},
  year={2006},
  institution={}
}

\@ARTICLE{Ang2003,
AUTHOR = "A. Ang and M. Piazzesi",
TITLE = "A No-Arbitrage Vector Autoregression of Term Structure Dynamics with Macroeconomic and Latent Variables",
JOURNAL = "Journal of Monetary Economics",
VOLUME = "50",
NUMBER = "745--787",
PAGES = "",
YEAR = "2003",
MONTH = "",
NOTE = "",
}

\@ARTICLE{Estrella1991,
AUTHOR = "A. Estrella and G A. Hardouvelis",
TITLE = "The Term Structure as a Predictor of Real Economic Activity",
JOURNAL = "Journal of Finance",
VOLUME = "46",
NUMBER = "555--576",
PAGES = "",
YEAR = "1991",
MONTH = "",
NOTE = "",
}

\@ARTICLE{Estrella1998,
AUTHOR = "A. Estrella and F S. Mishkin",
TITLE = "Predicting U.S. Recessions: Financial Variables as Leading Indicators",
JOURNAL = "Review of Economics and Statistics",
VOLUME = "80",
NUMBER = "45--61",
PAGES = "",
YEAR = "1998",
MONTH = "",
NOTE = "",
}

@techreport{Stock2000,
  title={Forecasting Output and Inflation: The Role of Asset Prices},
  author={J H. Stock and M W. Watson},
  year={2000},
  institution={Kennedy School of Government}
}

@book{Baumohl2005,
	address = {Upper Saddle River, NJ},
	author = {Baumohl, {Bernard}},
	publisher = {Wharton School Publishing},
	title = {The Secrets of Economic Indicators},
	year = {2005},
}

@article{sala2004,
  title={Determinants of long-term growth: A {B}ayesian averaging of classical estimates ({B}{A}{C}{E}) approach},
  author={Sala-i-Martin, Xavier and Doppelhofer, Gernot and Miller, Ronald I},
  journal={American Economic Review},
  pages={813--835},
  year={2004},
  publisher={JSTOR}
}

@article{eicher2012,
  title={Trade creation and diversion revisited: {A}ccounting for model uncertainty and natural trading partner effects},
  author={Eicher, Theo S and Henn, Christian and Papageorgiou, Chris},
  journal={Journal of Applied Econometrics},
  volume={27},
  number={2},
  pages={296--321},
  year={2012},
  publisher={Wiley Online Library}
}

@article{Moral13b,
title = "Model averaging in economics: an overview",
journal = "Journal of Economic Surveys",
volume = "",
number = "",
pages = "",
year = "2013",
note = "",
issn = "",
doi = "",
author = "E Moral-Benito",
keywords = "Model Averaging",
keywords = "Model Uncertainty",
}

@article{Moral13a,
title = "Determinants of economic growth: A bayesian panel data approach",
journal = "The Review of Economics and Statistics",
volume = "94",
number = "2",
pages = "566-579",
year = "2013",
note = "",
issn = "",
doi = "",
author = "E Moral-Benito",
keywords = "",
keywords = "",
}

@article{fernandez2001model,
  title={Model uncertainty in cross-country growth regressions},
  author={Fernandez, Carmen and Ley, Eduardo and Steel, Mark FJ},
  journal={Journal of Applied Econometrics},
  volume={16},
  number={5},
  pages={563--576},
  year={2001},
  publisher={Wiley Online Library}
}

@article {Eicher12,
author = {Eicher, Theo S. and Henn, Christian and Papageorgiou, Chris},
title = {Trade creation and diversion revisited: Accounting for model uncertainty and natural trading partner effects},
journal = {Journal of Applied Econometrics},
volume = {27},
number = {2},
publisher = {John Wiley & Sons, Ltd},
issn = {1099-1255},
doi = {10.1002/jae.1198},
pages = {296--321},
year = {2012},
}

@ARTICLE{raftery03,
    AUTHOR       = "A. Raftery and Y. Zheng",
    TITLE        = "Discussion: Performance of {B}ayesian Model Averaging",
    JOURNAL      = "Journal of the American Statistical Association",
    YEAR         = "2003",
    VOLUME       = "98",
    NUMBER       = "464",
    PAGES        = "931-938",
    MONTH        = "",
    NOTE         = ""
}

@ARTICLE{jetter15,
    AUTHOR       = "M. Jetter and Ram\'irez Hassan, A.",
    TITLE        = "Want export diversification? Educate the kids first",
    JOURNAL      = "Economic Inquiry",
    YEAR         = "2015",
    VOLUME       = "",
    NUMBER       = "",
    PAGES        = "",
    MONTH        = "",
    NOTE         = "Forthcoming"
}

\@BOOK{Jeffreys1961,
AUTHOR      = "Jeffreys, H.",
TITLE       = "Theory of Probability",
PUBLISHER   = "Oxford University Press",
VOLUME      = "",
NUMBER      = "",
SERIES      = "",
ADDRESS      = "London",
EDITION      = "",
YEAR        = "1961",
MONTH       = "",
NOTE        = "",
}

\@BOOK{Bernardo1994,
AUTHOR      = "Bernardo, J. and Smith, A.",
TITLE       = "Bayesian Theory",
PUBLISHER   = "Wiley",
VOLUME      = "",
NUMBER      = "",
SERIES      = "",
ADDRESS      = "Chichester, England",
EDITION      = "",
YEAR        = "1994",
MONTH       = "",
NOTE        = "",
}

\@BOOK{DeGroot1975,
AUTHOR      = "DeGroot, M. H.",
TITLE       = "Probability and Statistics",
PUBLISHER   = "Addison-Wesley",
VOLUME      = "",
NUMBER      = "",
SERIES      = "",
ADDRESS      = "London",
EDITION      = "",
YEAR        = "1975",
MONTH       = "",
NOTE        = "",
}


@ARTICLE{Goodman1999,
    AUTHOR       = "Goodman, S. N.",
    TITLE        = "Toward evidence-based medical statistics. 2: The Bayes factor",
    JOURNAL      = "Annals of internal medicine",
    YEAR         = "1999",
    VOLUME       = "130",
    NUMBER       = "12",
    PAGES        = "1005--1013",
    MONTH        = "",
    NOTE         = ""
}

\@ARTICLE{Lindley2000,
AUTHOR      = "Lindley, D. V.",
TITLE       = "The philosophy of statistics",
JOURNAL     = "The Statistician",
VOLUME      = "49",
NUMBER      = "3",
PAGES       = "293--337",
YEAR        = "2000",
MONTH       = "",
NOTE        = "",
}

@article{eicher2012trade,
  title={Trade creation and diversion revisited: {A}ccounting for model uncertainty and natural trading partner effects},
  author={Eicher, Theo S and Henn, Christian and Papageorgiou, Chris},
  journal={Journal of Applied Econometrics},
  volume={27},
  number={2},
  pages={296--321},
  year={2012},
  publisher={Wiley Online Library}
}

@ARTICLE{Hoeting1999,
	AUTHOR       = "J. Hoeting and D. Madigan and A. Raftery and C. Volinsky",
	TITLE        = "Bayesian Model Averaging: A Tutorial",
	JOURNAL      = "Statistical Science",
	YEAR         = "1999",
	VOLUME       = "14",
	NUMBER       = "4",
	PAGES        = "382--417",
	MONTH        = "",
	NOTE         = ""
}

@ARTICLE{Barbieri2004,
	AUTHOR       = "M. Barbieri and J. Berger",
	TITLE        = "Optimal predictive model selection",
	JOURNAL      = "The Annals of Statistics",
	YEAR         = "2004",
	VOLUME       = "32",
	NUMBER       = "3",
	PAGES        = "870--897",
	MONTH        = "",
	NOTE         = ""
}

@ARTICLE{Hein2010,
	AUTHOR       = "Hein, S. and Weiskittel, A. R.",
	TITLE        = "Cutpoint analysis for models with binary outcomes: {A} case study on branch mortality",
	JOURNAL      = "European Journal of Forest Research",
	YEAR         = "2010",
	VOLUME       = "129",
	NUMBER       = "4",
	PAGES        = "585–-590",
	MONTH        = "",
	NOTE         = ""
}

@ARTICLE{Geweke2011,
	AUTHOR       = "John Geweke and Gianni Amisano",
	TITLE        = "Optimal prediction pools",
	JOURNAL      = "Journal of Econometrics",
	YEAR         = "2011",
	VOLUME       = "164",
	NUMBER       = "",
	PAGES        = "130–-141",
	MONTH        = "",
	NOTE         = ""
}

@ARTICLE{Raftery2010,
	AUTHOR       = "Adrian E. Raftery and Miroslav Kárný and Pavel Ettler",
	TITLE        = "Online Prediction Under Model Uncertainty via Dynamic Model Averaging: Application to a Cold Rolling Mill",
	JOURNAL      = "Technometrics",
	YEAR         = "2010",
	VOLUME       = "52",
	NUMBER       = "1",
	PAGES        = "52–-66",
	MONTH        = "",
	NOTE         = ""
}

@ARTICLE{Youden1950,
	AUTHOR       = "Youden, W.",
	TITLE        = "Index rating for diagnostic test",
	JOURNAL      = "Cancer",
	YEAR         = "1950",
	VOLUME       = "3",
	NUMBER       = "",
	PAGES        = "32--35",
	MONTH        = "",
	NOTE         = ""
}

@ARTICLE{Clyde2004,
	AUTHOR       = "M. Clyde and E. George",
	TITLE        = "Model Uncertatinty",
	JOURNAL      = "Statistical Science",
	YEAR         = "2004",
	VOLUME       = "19",
	NUMBER       = "1",
	PAGES        = "81--94",
	MONTH        = "",
	NOTE         = ""
}


@article{Agarwal1998,
  title={The impact of the Internet on economic education},
  author={Agarwal, Rajshree and Day, A Edward},
  journal={The Journal of Economic Education},
  volume={29},
  number={2},
  pages={99--110},
  year={1998},
  publisher={Taylor \& Francis}
}

@article{Becker2010,
  title={Opportunity for All: How the American Public Benefits from Internet Access at US Libraries.},
  author={Becker, Samantha and Crandall, Michael D and Fisher, Karen E and Kinney, Bo and Landry, Carol and Rocha, Anita},
  journal={Institute of Museum and Library Services},
  year={2010},
  publisher={ERIC}
}

@article{Schreyer2000,
  title={The contribution of information and communication technology to output growth},
  author={Schreyer, Paul},
  year={2000},
  publisher={OECD Publishing}
}

@Book{Allen1977,
  title={Managing the flow of technology: technology transfer and the dissemination of technological information within the R and D organization},
  author={Allen, Thomas J},
  year={1977},
  publisher={Massachusetts Institute of Technology, Cambridge, MA},
	address = {United States}
}

@article{Harris1998,
  title={The internet as a GPT: factor market implications},
  author={Harris, Richard G},
  journal={General purpose technologies and economic growth},
  pages={145--166},
  year={1998},
  publisher={MIT Press, Cambridge}
}

@article{Davis1989,
  title={Perceived usefulness, perceived ease of use, and user acceptance of information technology},
  author={Davis, Fred D},
  journal={MIS quarterly},
  pages={319--340},
  year={1989},
  publisher={JSTOR}
}

@article{Hansen2005,
	title={Challenges for econometric model selection},
	author={Hansen, Bruce},
	journal={Econometric Theory},
	  volume={21},
	  number={},
	pages={60--68},
	year={2005}
}

@article{Yeung2005,
	title={Bayesian model averaging: development of an improved multi-class, gene selection and classification tool for microarray data},
	author={Yeung, KY. and Bumgarner, R. and Raftery, A.},
	journal={BIOINFORMATICS},
	  volume={21},
	  number={10},
	pages={2394--2402},
	year={2005}
}

@article{DJ2017,
	title={Redefine statistical significance},
	author={Benjamin, DJ and Berger, JO and Johannesson, M and Nosek, BA and Wagenmakers, E-J and Berk, R and Bollen, KA and Brembs, B and Brown, L and Camerer, C and Cesarini, D and Chambers, CD and Clyde, Merlise and Cook, TD and De Boeck, P and Dienes, Z and Dreber, A and Easwaran, K and Efferson, C and Fehr, E and Fidler, F and Field, AP and Forster, M and George, EI and Gonzalez, R and Goodman, S and Green, E and Green, DP and Greenwald, AG and Hadfield, JD and Hedges, LV and Held, L and Hua Ho, T and Hoijtink, H and Hruschka, DJ and Imai, K and Imbens, G and Ioannidis, JPA and Jeon, M and Jones, JH and Kirchler, M and Laibson, D and List, J and Little, R and Lupia, A and Machery, E and Maxwell, SE and McCarthy, M and Moore, DA and Morgan, SL and Munafó, M and Nakagawa, S and Nyhan, B and Parker, TH and Pericchi, L and Perugini, M and Rouder, J and Rousseau, J and Savalei, V and Schönbrodt, FD and Sellke, T and Sinclair, B and Tingley, D and Van Zandt, T and Vazire, S and Watts, DJ and Winship, C and Wolpert, RL and Xie, Y and Young, C and Zinman, J and Johnson, VE},
	journal={Nature Human Behaviour},
	volume={forthcoming},
	number={},
	pages={},
	year={2017}
}

%%%%%%%%%%%%%%%%%%%%%%% Predicting Inflation %%%%%%%%%%%%%%%%%%%%%%%%%%%%%

@techreport{stock2008phillips,
	title={Phillips curve inflation forecasts},
	author={Stock, James H and Watson, Mark W},
	year={2008},
	institution={National Bureau of Economic Research}
}

@article{balcilar2017long,
	title={Long memory, economic policy uncertainty and forecasting {US} inflation: {A} {B}ayesian {VARFIMA} approach},
	author={Balcilar, Mehmet and Gupta, Rangan and Jooste, Charl},
	journal={Applied Economics},
	volume={49},
	number={11},
	pages={1047--1054},
	year={2017},
	publisher={Taylor \& Francis}
}

@article{balcilar2017precious,
	title={Do precious metal prices help in forecasting {S}outh {A}frican inflation?},
	author={Balcilar, Mehmet and Katzke, Nico and Gupta, Rangan},
	journal={The North American Journal of Economics and Finance},
	volume={40},
	pages={63--72},
	year={2017},
	publisher={Elsevier}
}

@article{bjornland2008forecasting,
	title={Forecasting inflation with an uncertain output gap},
	author={Bj{\o}rnland, Hilde C and Brubakk, Leif and Jore, Anne Sofie},
	journal={Empirical Economics},
	volume={35},
	number={3},
	pages={413--436},
	year={2008},
	publisher={Springer}
}

@article{chen2014forecasting,
	title={Forecasting inflation using commodity price aggregates},
	author={Chen, Yu-Chin and Turnovsky, Stephen J and Zivot, Eric},
	journal={Journal of Econometrics},
	volume={183},
	number={1},
	pages={117--134},
	year={2014},
	publisher={Elsevier}
}

@article{ye2013exploring,
	title={Exploring Determinants of Inflation in China based on L1-∈-Twin Support Vector Regression},
	author={Ye, Ya-Fen and Cao, Hui and Bai, Lan and Wang, Zhen and Shao, Yuan-Hai},
	journal={Procedia Computer Science},
	volume={17},
	pages={514--522},
	year={2013},
	publisher={Elsevier}
}

@article{hossain2017determinants,
	title={The Determinants of Price Inflation in the {U}nited {S}tates: {A} Multivariate Dynamic Cointegration and Causal Analysis},
	author={Hossain, Md Sharif and Mitra, Rajarshi},
	journal={The Journal of Developing Areas},
	volume={51},
	number={1},
	pages={153--175},
	year={2017},
	publisher={Tennessee State University College of Business}
}

@article{koop2012forecasting,
	title={Forecasting inflation using dynamic model averaging},
	author={Koop, Gary and Korobilis, Dimitris},
	journal={International Economic Review},
	volume={53},
	number={3},
	pages={867--886},
	year={2012},
	publisher={Wiley Online Library}
}

@article{lin2013forecasting,
	title={Forecasting China's inflation in a data-rich environment},
	author={Lin, Ching-Yi and Wang, Chun},
	journal={Applied Economics},
	volume={45},
	number={21},
	pages={3049--3057},
	year={2013},
	publisher={Taylor \& Francis}
}

@article{maas2014forecasting,
	title={Forecasting inflation using time-varying Bayesian model averaging},
	author={Maas, Jordi},
	journal={Statistica Neerlandica},
	volume={68},
	number={3},
	pages={149--182},
	year={2014},
	publisher={Wiley Online Library}
}

@article{van2013bayesian,
	title={Bayesian forecasting of federal funds target rate decisions},
	author={van den Hauwe, Sjoerd and Paap, Richard and van Dijk, Dick},
	journal={Journal of Macroeconomics},
	volume={37},
	pages={19--40},
	year={2013},
	publisher={Elsevier}
}

%%%%%%%%%% Importancia de la reputación %%%%%%%

@article{kydland1977rules,
	title={Rules rather than discretion: The inconsistency of optimal plans},
	author={Kydland, Finn E and Prescott, Edward C},
	journal={Journal of political economy},
	volume={85},
	number={3},
	pages={473--491},
	year={1977},
	publisher={The University of Chicago Press}
}

@book{walsh2010monetary,
	title={Monetary theory and policy},
	author={Walsh, Carl E},
	year={2010},
	publisher={MIT press}
}

@article{jose2007macroeconomia,
	title={Macroeconom{\'\i}a. Teoria Y Pol{\'\i}tica},
	author={DeGregorio, Jose},
	journal={Introducci{\'o}n a las Fluctuaciones de Corto Plazo},
	year={2007}
}

@article{clarida1999,
	Author = {Clarida, Richard and Gali, Jordi and Gertler, Mark},
	Title = {The Science of Monetary Policy: A New {K}eynesian Perspective},
	Journal = {Journal of Economic Literature},
	Volume = {37},
	Number = {4},
	Year = {1999},
	Month = {December},
	Pages = {1661-1707},
	DOI = {10.1257/jel.37.4.1661},
	URL = {http://www.aeaweb.org/articles?id=10.1257/jel.37.4.1661}
}

@article{walsh2009inflation,
	title={Inflation targeting: what have we learned?},
	author={Walsh, Carl E},
	journal={International Finance},
	volume={12},
	number={2},
	pages={195--233},
	year={2009},
	publisher={Wiley Online Library}
}

@article{papadamou2014determinants,
	title={Determinants of Central Bank Credibility and Macroeconomic Performance Evidence from Eastern European and Latin American Countries},
	author={Papadamou, Stephanos and Sidiropoulos, Moiese and Spyromitros, Eleftherios},
	journal={Eastern European Economics},
	volume={52},
	number={4},
	pages={5--31},
	year={2014},
	publisher={ME SHARPE INC 80 BUSINESS PARK DR, ARMONK, NY 10504 USA}
}

@article{Box1976,
	title={Science and Statistics},
	author={Box, G. E. P.},
	journal={Journal of the {A}merican {S}tatistical {A}ssociation},
	volume={71},
	number={},
	pages={791--799},
	year={1976},
	publisher={}
}

@article{Gordon1993,
	title={Novel approach to nonlinear/non-{G}aussian	{B}ayesian state estimation},
	author={N.J. Gordon and	D.J. Salmond and A.F.M. Smith},
	journal={IEE Proceedings--F},
	volume={140},
	number={2},
	pages={107--113},
	year={1993},
	publisher={}
}


@article{londono2012,
	title={Monetary policy and inflation targeting dynamics in Colombia: a FAVAR approach},
	author={Londo{\~n}o, Andr{\'e}s Felipe and Tamayo, Jorge Andr{\'e}s and Vel{\'a}squez, Carlos Alberto},
	journal={Ensayos sobre POL{\'I}TICA ECON{\'O}MICA},
	volume={30},
	number={68},
	pages={12--71},
	year={2012},
	publisher={Banco de la Rep{\'u}blica}
}

@incollection{Timmermann2006,
	title = "Chapter 4 Forecast Combinations",
	editor = "G. Elliott and C.W.J. Granger and A. Timmermann",
	series = "Handbook of Economic Forecasting",
	publisher = "Elsevier",
	volume = "1",
	number = "Supplement C",
	pages = "135--196",
	year = "2006",
	issn = "1574--0706",
	doi = "https://doi.org/10.1016/S1574-0706(05)01004-9",
	url = "http://www.sciencedirect.com/science/article/pii/S1574070605010049",
	author = "Allan Timmermann",
	keywords = "forecast combinations, pooling and trimming, shrinkage methods, model misspecification, diversification gains"
}

@incollection{Madigan1994a,
	title = "Strategies for graphical model selection",
	editor = "P. Cheeseman and R. W. Oldford",
	series = "Selecting Models from Data: {AI} and {S}tatistics",
	publisher = "New York: Springer--Verlag",
	volume = "",
	number = "",
	pages = "91--100",
	year = "1994",
	issn = "",
	doi = "",
	url = "",
	author = "Madigan, D. and Raftery, A.E. and York, J.C. and Bradshaw, J.M.",
	keywords = ""
}

@article{salisu2018,
	title={Predicting US inflation: Evidence from a new approach},
	author={Salisu, Afees A and Isah, Kazeem O},
	journal={Economic Modelling},
	year={2018},
	publisher={Elsevier}
}

@article{kichian2014,
	title={Forecasting Canadian inflation: A semi-structural NKPC approach},
	author={Kichian, Maral and Rumler, Fabio},
	journal={Economic Modelling},
	volume={43},
	pages={183--191},
	year={2014},
	publisher={Elsevier}
}

@article{moser2007,
	title={Forecasting austrian inflation},
	author={Moser, Gabriel and Rumler, Fabio and Scharler, Johann},
	journal={Economic Modelling},
	volume={24},
	number={3},
	pages={470--480},
	year={2007},
	publisher={Elsevier}
}

@article{ouguncc2013,
	title={Short-term inflation forecasting models for Turkey and a forecast combination analysis},
	author={{\"O}{\u{g}}{\"u}n{\c{c}}, Fethi and Akdo{\u{g}}an, Kurma{\c{s}} and Ba{\c{s}}er, Selen and Chadwick, Meltem G{\"u}lenay and Ertu{\u{g}}, Dilara and H{\"u}lag{\"u}, Timur and K{\"o}sem, Sevim and {\"O}zmen, Mustafa Utku and Tekatl{\i}, Necati},
	journal={Economic Modelling},
	volume={33},
	pages={312--325},
	year={2013},
	publisher={Elsevier}
}

@Article{Albert1993, 
	Title = {Bayesian Analysis of Binary and Polychotomous Response Data},
	Author = {J. H. Albert and S. Chib},
	Year = {1993},
	Journal = {Journal of the American Statistical Association},
	Volume = {88},
	Number = {422},
	Pages = {669-679}
}

@Article{Tanner1987, 
	Title = {The Calculation of Posterior Distributions by Data Augmentation},
	Author = {M. A. Tanner and W. H. Wong},
	Year = {1987},
	Journal = {Journal of the American Statistical Association},
	Volume = {82},
	Number = {398},
	Pages = {528-540}
}

@Article{Chib1992, 
	Title = {Bayes inference in the {T}obit censored regression model},
	Author = {S. Chib},
	Year = {1992},
	Journal = {Journal of Econometrics},
	Volume = {51},
	Number = {},
	Pages = {79-99}
}

@Article{Kozumi2011, 
	Title = {Gibbs sampling methods for Bayesian quantile regression},
	Author = {Hideo Kozumi and Genya Kobayashi},
	Year = {2011},
	Journal = {Journal of Statistical Computation and Simulation},
	Volume = {81},
	Number = {11},
	Pages = {1565–-1578}
}

@book{Rossi2005,
	title={Bayesian Statistics and Marketing},
	author={P. Rossi and G. M. Allenby and R. McCulloch},
	volume={},
	year={2005},
	publisher={John Wiley \& Sons}
}

@Article{Chib1999, 
	Title = {On {MCMC} sampling in hierarchical	longitudinal models},
	Author = {S. Chib and B. Carlin},
	Year = {1999},
	Journal = {Statistics and Computing},
	Volume = {9},
	Number = {},
	Pages = {17--26}
}

@Article{Martin2011, 
	Title = {{MCMCpack}: Markov Chain Monte Carlo in {R}},
	Author = {Andrew D. Martin and Kevin M. Quinn and Jong Hee Park},
	Year = {2011},
	Journal = {Journal of Statistical Software},
	Volume = {42},
	Number = {9},
	Pages = {1-21}
}

@Manual{Martin2018,
	title={Package MCMCpack},
	author={Andrew D. Martin and Kevin M. Quinn and Jong Hee Park},
	year={2018},
	url = {https://CRAN.R-project.org/package=MCMCpack}
}

@Manual{Plummer2016,
	title={Output Analysis and Diagnostics for MCMC},
	author={Martyn Plummer and Nicky Best and Kate Cowles and Karen Vines and Deepayan Sarkar and Douglas Bates and Russell Almond and Arni Magnusson},
	year={2016},
	url = {https://CRAN.R-project.org/package=coda}
}

@Manual{Rossi2017,
	title={Package bayesm},
	author={P. Rossi},
	year={2017},
	url = {https://CRAN.R-project.org/package=bayesm}
}

@Manual{Baath2018,
	title={Package bayesboot},
	author={R. Baath},
	year={2018},
	url = {https://CRAN.R-project.org/package=bayesboot}
}

@Manual{Raftery2012,
	title={Package {BMA}},
	author={Adrian Raftery and Jennifer Hoeting and Chris Volinsky and	Ian Painter and Ka Yee Yeung},
	year={2012},
	url = {https://CRAN.R-project.org/package=BMA}
}

@Manual{Lenkoski2013,
	title={Package {ivbma}},
	author={Alex Lenkoski and Anna Karl and Andreas Neudecker},
	year={2013},
	url = {https://CRAN.R-project.org/package=ivbma}
}

@Article{Rubin1981, 
	Title = {The Bayesian Bootstrap},
	Author = {Donnald B. Rubin},
	Year = {1981},
	Journal = {The Annals of Statistics},
	Volume = {9},
	Number = {1},
	Pages = {130-134}
}

@Article{Efron1979, 
	Title = {Bootstrap methods: another look at the jackknife},
	Author = {B. Efron},
	Year = {1979},
	Journal = {The Annals of Statistics},
	Volume = {7},
	Number = {},
	Pages = {1-26}
}

@article{Simmons2010,
	title={Markov Chain {M}onte {C}arlo model composition search strategy for quantitative trait loci in a {B}ayesian hierarchical model},
	author={Simmons, Susan J and Fang, Fang and Fang, Qijun and Ricanek, Karl},
	journal={World Academy of Science, Engineering and Technology},
	volume={63},
	pages={58--61},
	year={2010}
}

@article{Raftery93,
	title={Bayesian model selection in structural equation models},
	author={Raftery, Adrian E},
	journal={Sage Focus Editions},
	volume={154},
	pages={163--163},
	year={1993},
	publisher={Sage Publications}
}

@article{Tierney1986,
	title={Accurate approximations for posterior moments and marginal densities},
	author={Tierney, Luke and Kadane, Joseph B},
	journal={Journal of the american statistical association},
	volume={81},
	number={393},
	pages={82--86},
	year={1986},
	publisher={Taylor \& Francis Group}
}

@article{madigan1995bayesian1,
	title={Bayesian graphical models for discrete data},
	author={Madigan, David and York, Jeremy and Allard, Denis},
	journal={International Statistical Review},
	pages={215--232},
	volume={63},
	year={1995},
	publisher={JSTOR}
}

@book{koop2007bayesian,
	title={Bayesian econometric methods},
	author={Koop, Gary and Poirier, Dale J and Tobias, Justin L},
	year={2007},
	publisher={Cambridge University Press}
}

@Article{Johnson2012,
	author =       "V. E. Jhonson and D. Rossell",
	title =        "Bayesian model selection in high--dimensional settings",
	journal =      "Journal of the American Statistical Association",
	year =         "2012",
	volume =       "107",
	number =       "498",
	pages =        "649--660",
	month =        "",
	note =         "",
}

@article{Raftery1997,
	title={Bayesian Model Averaging for Linear Regression Models},
	author={Adrian E. Raftery and David Madigan and Jennifer A. Hoeting},
	journal={Journal of the American Statistical Association},
	pages={179--191},
	volume={92},
	number={437},
	year={1997},
	publisher={JSTOR}
}

@article{Madigan1994,
	title={Model selection and accounting for model uncertainty in Graphical models using Occam's window},
	author={D. Madigan and A. Raftery},
	journal={Journal of the American Statistical Association},
	pages={1535--1546},
	volume={89},
	number={428},
	year={1994},
	publisher={JSTOR}
}

@article{Furnival1974,
	title={Regressions by Leaps and Bounds},
	author={George M. Furnival and Robert W. Wilson},
	journal={Technometrics},
	pages={ 499--511},
	volume={16},
	number={4},
	year={1974}
}

@article{Dickey1978,
title={Bayes factors from mixed probabilities},
author={Dickey, J. M. and E. Gunel},
journal={Journal of the Royal Statistical Society: Series B (Methodology)},
pages={ 43--46},
volume={40},
number={},
year={1978}
}

@techreport{Karl2012,
	title={Instrumental variable bayesian model averaging via conditional Bayes factor},
	author={Karl, A. and A. Lenkoski},
	year={2012},
	institution={Heidelberg University}
}

@book{McCullagh1989,
	title={Generalized Linear Models},
	author={P. McCullagh and Nelder, J. A.},
	volume={},
	year={1989},
	publisher={London: Chapman and Hall}
}

@Manual{R2018,
 title = {R: A Language and Environment for Statistical Computing},
 author = {{R Core Team}},
 organization = {R Foundation for Statistical Computing},
 address = {Vienna, Austria},
 year = {2018},
 url = {http://www.R-project.org/}
}

@Manual{Chang2018,
 title = {Web Application Framework for R: Package shiny},
 author = {W. Chang},
 organization = {R Studio},
 year = {2018},
 url = {http://shiny.rstudio.com/}
}

@article{Chib1995,
title={Understanding the Metropolis-Hastings Algorithm},
author={S. Chib and E. Greenberg},
journal={The American Statistician},
pages={327--335},
volume={49},
number={4},
year={1995}
}

@article{Gelfand1990,
title={Sampling-Based Approaches to Calculating Marginal Densities},
author={A. E. Gelfand and A. F. M. Smith},
journal={Journal of the American Statistical Association},
pages={398--409},
volume={85},
number={},
year={1990}
} 

@article{Gelman1992,
title={Iterative and Non-Iterative Simulation Algorithms},
author={A. Gelman},
journal={Computing Science and Statistics (Interface Proceedings)},
pages={433--438},
volume={24},
number={},
year={1992}
} 

@Article{Casella2006,
	author =       "G. Casella and E. Moreno",
	title =        "Objective Bayesian Variable Selection",
	journal =      "Journal of the American Statistical Association",
	year =         "2006",
	volume =       "101",
	number =       "473",
	pages =        "157--167",
	month =        "",
	note =         "",
}

@ARTICLE{Clyde2004,
	AUTHOR       = "M. Clyde and E. George",
	TITLE        = "Model Uncertatinty",
	JOURNAL      = "Statistical Science",
	YEAR         = "2004",
	VOLUME       = "19",
	NUMBER       = "1",
	PAGES        = "81--94",
	MONTH        = "",
	NOTE         = ""
}

@Article{George1993,
	author =       "E. George and R. McCulloch",
	title =        "Variable selection via Gibbs sampling",
	journal =      "Journal of the American Statistical Association",
	year =         "1993",
	volume =       "88",
	number =       "423",
	pages =        "881--889",
	month =        "",
	note =         "",
}

@Article{George1997,
	author =       "E. George and R. McCulloch",
	title =        "Approaches for Bayesian variable selection",
	journal =      "Statistica Sinica",
	year =         "1997",
	volume =       "7",
	number =       "",
	pages =        "339--373",
	month =        "",
	note =         "",
}

@article{Green1995,
	title={Reversible jump Markov chain Monte Carlo computation and
	Bayesian model determination},
	author={Green, P. J.},
	journal={Biometrika},
	volume={82},
	number={},
	pages={711--732},
	year={1995},
	publisher={}
}

@Article{Ishwaran2005,
	author =       "H. Ishwaran and J. S. Rao",
	title =        "Spike and slab variable selection: Frequentist and Bayesian strategies",
	journal =      "The Annals of Statistics",
	year =         "2005",
	volume =       "33",
	number =       "2",
	pages =        "730--773",
	month =        "",
	note =         "",
}

@article{ley2009effect,
	title={On the effect of prior assumptions in Bayesian model averaging with applications to growth regression},
	author={Ley, Eduardo and Steel, Mark FJ},
	journal={Journal of applied econometrics},
	volume={24},
	number={4},
	pages={651--674},
	year={2009},
	publisher={Wiley Online Library}
}

@article{Lenkoski2014,
	title={Two-stage Bayesian model averaging in endogeneous variable models},
	author={Lenkoski, Alex and Eicher, Theo S. and Raftery, Adrian},
	journal={Econometric Reviews},
	volume={33},
	year={2014}
}
@ARTICLE{Koop12,
	AUTHOR       = "G Koop and R Le\'on-Gonzalez and R Strachan",
	TITLE        = "Bayesian model averaging in the instrumental variable regression model",
	JOURNAL      = "Journal of Econometrics",
	YEAR         = "2012",
	VOLUME       = "171",
	NUMBER       = "",
	PAGES        = "237--250",
	MONTH        = "",
	NOTE         = ""
}

@ARTICLE{Park2008,
	AUTHOR       = "T. Park and G. Casella",
	TITLE        = "The Bayesian Lasso",
	JOURNAL      = "Journal of the American Statistical Association",
	YEAR         = "2008",
	VOLUME       = "103",
	NUMBER       = "482",
	PAGES        = "681--686",
	MONTH        = "",
	NOTE         = ""
}

@ARTICLE{Roberts1997,
	AUTHOR       = "G. O. Roberts and A. Gelman and W. R. Gilks",
	TITLE        = "Weak convergence and optimal scaling of random walk Metropolis algorithms",
	JOURNAL      = "The Annals of Applied Probability",
	YEAR         = "1997",
	VOLUME       = "7",
	NUMBER       = "1",
	PAGES        = "110--120",
	MONTH        = "",
	NOTE         = ""
}

@inbook{Geweke1992,
	author	= "Geweke, J.",
	editor	= "M. Bernado and J. O. Berger and A. P. Dawid and A. F. M. Smith",
	title	= "Bayesian Statistics",
	chapter	= "Evaluating the accuracy of sampling-based approaches to calculating posterior moments",
	pages	= "",
	publisher= "Clarendon Press, Oxford, UK.",
	year	= "1992"
}

@ARTICLE{Raftery1992,
	AUTHOR       = "Raftery, A.E. and Lewis, S.M.",
	TITLE        = "One Long Run with Diagnostics: Implementation Strategies for {M}arkov chain {M}onte {C}arlo",
	JOURNAL      = "Statistical Science",
	YEAR         = "1992",
	VOLUME       = "7",
	NUMBER       = "",
	PAGES        = "493--497",
	MONTH        = "",
	NOTE         = ""
}
Heidelberger P and Welch PD. Simulation run length control in the presence of an initial transient. Opns Res., 31, 1109-44 (1983)

@ARTICLE{Heidelberger1983,
	AUTHOR       = "Heidelberger, P. and Welch, P. D.",
	TITLE        = "Simulation run length control in the presence of an initial transient",
	JOURNAL      = "Operations Research",
	YEAR         = "1983",
	VOLUME       = "31",
	NUMBER       = "6",
	PAGES        = "1109--1144",
	MONTH        = "",
	NOTE         = ""
}

@BOOK{Robert2004,
	AUTHOR       = "C. Robert and G. Casella",
	TITLE        = "Monte Carlo Statistical Methods",
	PUBLISHER    = "Springer",
	YEAR         = "2004",
	VOLUME       = "",
	SERIES       = "",
	ADDRESS      = "",
	EDITION      = "Second",
	MONTH        = "",
	NOTE         = ""
}

@BOOK{Robert2010,
	AUTHOR       = "C. Robert and G. Casella",
	TITLE        = "Introducing Monte Carlo Methods with R",
	PUBLISHER    = "Springer",
	YEAR         = "2010",
	VOLUME       = "",
	SERIES       = "",
	ADDRESS      = "",
	EDITION      = "Second",
	MONTH        = "",
	NOTE         = ""
}

@ARTICLE{McCulloch1994,
	AUTHOR       = "R. McCulloch and P. Rossi",
	TITLE        = "An exact likelihood analysis of the multinomial probit model",
	JOURNAL      = "Journal of Econometrics",
	YEAR         = "1994",
	VOLUME       = "64",
	NUMBER       = "",
	PAGES        = "207--240",
	MONTH        = "",
	NOTE         = ""
}

@ARTICLE{Geman1984,
	AUTHOR       = "Geman, S and Geman, D.",
	TITLE        = "Stochastic relaxation, {G}ibbs distributions and the {B}ayesian restoration of images",
	JOURNAL      = "IEEE Transactions on Pattern Analysis and Machine Intelligence",
	YEAR         = "1984",
	VOLUME       = "6",
	NUMBER       = "",
	PAGES        = "721--741",
	MONTH        = "",
	NOTE         = ""
}

@ARTICLE{Edwards2003,
	AUTHOR       = "Y. D. Edwards and G. M. Allenby",
	TITLE        = "Multivariate Analysis of Multiple Response
Data",
	JOURNAL      = " Journal of Marketing Research",
	YEAR         = "2003",
	VOLUME       = "40",
	NUMBER       = "",
	PAGES        = "321--334",
	MONTH        = "",
	NOTE         = ""
}

@ARTICLE{Woodward2005,
	AUTHOR       = "P. Woodward",
	TITLE        = "Bugs{XLA}: Bayes for the common man",
	JOURNAL      = "Journal of Statistical Software",
	YEAR         = "2005",
	VOLUME       = "14",
	NUMBER       = "5",
	PAGES        = "1--18",
	MONTH        = "",
	NOTE         = ""
}

@ARTICLE{Karabatsos2016,
	AUTHOR       = "Karabatsos, G.",
	TITLE        = " A Menu-Driven Software Package of Bayesian Nonparametric (and Parametric) Mixed Models for Regression Analysis and Density Estimation",
	JOURNAL      = "Behavior Research Methods",
	YEAR         = "2016",
	VOLUME       = "49",
	NUMBER       = "",
	PAGES        = "335--362",
	MONTH        = "",
	NOTE         = ""
}

  @Misc{shinystan2017,
    title = {shinystan: Interactive Visual and Numerical Diagnostics
      and Posterior Analysis for Bayesian Models.},
    author = {{Stan Development Team}},
    year = {2017},
    note = {R package version 2.3.0},
    url = {http://mc-stan.org/},
  }
  
 @ARTICLE{Serna2018,
	AUTHOR       = "Serna Rodr\'iguez, M. and Ram\'irez Hassan, A. and Coad, A.",
	TITLE        = "Uncovering value drivers of high performance soccer players",
	JOURNAL      = "Journal of Sport Economics",
	YEAR         = "2018",
	VOLUME       = "Accepted manuscript",
	NUMBER       = "",
	PAGES        = "",
	MONTH        = "",
	NOTE         = ""
}

 @ARTICLE{Ramirez2013,
	AUTHOR       = "Ram\'irez Hassan, A. and Cardona Jim\'enez, J. and Cadavid Montoya, R.",
	TITLE        = "The impact of subsidized health insurance on the poor in {C}olombia: Evaluating the case of {M}edell\'in",
	JOURNAL      = "Economia Aplicada",
	YEAR         = "2013",
	VOLUME       = "17",
	NUMBER       = "4",
	PAGES        = "543--556",
	MONTH        = "",
	NOTE         = ""
}

\@ARTICLE{Acemoglu2001,
	AUTHOR      = "D. Acemoglu and S. Johnson and J. Robinson",
	TITLE       = "The colonial origins of comparative development: An empirical investigation",
	JOURNAL     = "The American Economic Review",
	VOLUME      = "91",
	NUMBER      = "5",
	PAGES       = "1369--1401",
	YEAR        = "2001",
	MONTH       = "",
	NOTE        = "",
}

 @ARTICLE{Ramirez2017,
	AUTHOR       = "Ram\'irez Hassan, A.",
	TITLE        = "The interplay between the {B}ayesian and frequentist approaches: a general nesting spatial panel data model",
	JOURNAL      = "Spatial Economic Analysis",
	YEAR         = "2017",
	VOLUME       = "12",
	NUMBER       = "1",
	PAGES        = "92--112",
	MONTH        = "",
	NOTE         = ""
}

@ARTICLE{Winkelmann2004,
	AUTHOR       = "R. Winkelmann",
	TITLE        = "Health Care Reform and the Number of Doctor Visits - An Econometric Analysis",
	JOURNAL      = "Journal of Applied Econometrics",
	YEAR         = "2004",
	VOLUME       = "19",
	NUMBER       = "4",
	PAGES        = "455--472",
	MONTH        = "",
	NOTE         = ""
}

 @ARTICLE{Jetter2015,
	AUTHOR       = "Jetter, M. and Ram\'irez Hassan, A.",
	TITLE        = "Want export diversification? Educate the kids first",
	JOURNAL      = "Economic Inquiry",
	YEAR         = "2015",
	VOLUME       = "53",
	NUMBER       = "4",
	PAGES        = "1765--1782",
	MONTH        = "",
	NOTE         = ""
}

 @ARTICLE{Ramirez2019,
	AUTHOR       = "Ram\'irez-Hassan, A.",
	TITLE        = "Dynamic variable selection in dynamic logistic regression: an application to Internet subscription",
	JOURNAL      = "Empirical Economics",
	YEAR         = "2019",
	VOLUME       = "Forthcoming",
	NUMBER       = "",
	PAGES        = "",
	MONTH        = "",
	NOTE         = ""
}

@BOOK{Wooldridge2012,
	AUTHOR       = "Wooldridge, Jeffrey M.",
	TITLE        = "Introductory econometrics: a modern approach",
	PUBLISHER    = "Cengage Learning",
	YEAR         = "2012",
	VOLUME       = "",
	SERIES       = "",
	ADDRESS      = "Mason, Ohio: South-Western",
	EDITION      = "Fifth",
	MONTH        = "",
	NOTE         = ""
}

 @ARTICLE{Ramirez2020,
	AUTHOR       = "Ram\'irez-Hassan, A. Guerra-Urzola, R.",
	TITLE        = "Bayesian treatment effects due to a subsidized health program: The case of preventive health care utilization in Medellín (Colombia)",
	JOURNAL      = "Empirical Economics",
	YEAR         = "2020",
	VOLUME       = "Forthcoming",
	NUMBER       = "",
	PAGES        = "",
	MONTH        = "",
	NOTE         = ""
}

 @ARTICLE{Tibshirani1996,
	AUTHOR       = "Tibshirani, R.",
	TITLE        = "Regression srinkage and selection via the lasso",
	JOURNAL      = "Journal of Royal Statistical Society: Series B (methodology)",
	YEAR         = "1996",
	VOLUME       = "67",
	NUMBER       = "1",
	PAGES        = "91-108",
	MONTH        = "",
	NOTE         = ""
}

 @ARTICLE{Akaike1974,
	AUTHOR       = "Akaike, H.",
	TITLE        = "A new look at the statistical model identification",
	JOURNAL      = "IEEE Transactions on automatic control",
	YEAR         = "1974",
	VOLUME       = "19",
	NUMBER       = "6",
	PAGES        = "716-723",
	MONTH        = "",
	NOTE         = ""
}

 @ARTICLE{Mallows1973,
	AUTHOR       = "Mallows, C. L.",
	TITLE        = "Some Comments on {CP}",
	JOURNAL      = "Technometrics",
	YEAR         = "1973",
	VOLUME       = "15",
	NUMBER       = "4",
	PAGES        = "661-675",
	MONTH        = "",
	NOTE         = ""
}

@ARTICLE{Schwarz1978,
	AUTHOR       = "Schwarz, G.",
	TITLE        = "Estimating the dimension of a model",
	JOURNAL      = "Annals of statistics",
	YEAR         = "1978",
	VOLUME       = "6",
	NUMBER       = "2",
	PAGES        = "461-464",
	MONTH        = "",
	NOTE         = ""
}

@ARTICLE{Fu1998,
	AUTHOR       = "Fu, W.",
	TITLE        = "Penalized regression: the bridge versus the lasso",
	JOURNAL      = "Journal of Computational and Graphics Statistics",
	YEAR         = "1998",
	VOLUME       = "7",
	NUMBER       = "",
	PAGES        = "397-416",
	MONTH        = "",
	NOTE         = ""
}

@ARTICLE{Efron2004,
	AUTHOR       = "Efron, B. and Hastie, T. and Johnstone, I. and Tibshirani, R.",
	TITLE        = "Least angle regression",
	JOURNAL      = "The annals of statistics",
	YEAR         = "2004",
	VOLUME       = "32",
	NUMBER       = "2",
	PAGES        = "407-499",
	MONTH        = "",
	NOTE         = ""
}

@ARTICLE{Tibshirani2005,
	AUTHOR       = "Tibshirani, R. and Saunders, M.",
	TITLE        = "Sparsity and smoothness via the fused lasso",
	JOURNAL      = "Journal of Royal Statistical Society: Series B (methodology)",
	YEAR         = "2005",
	VOLUME       = "58",
	NUMBER       = "1",
	PAGES        = "267-288",
	MONTH        = "",
	NOTE         = ""
}

@ARTICLE{Fan2005,
	AUTHOR       = "Fan, J. and Li, R.",
	TITLE        = "Variable Selection via Nonconcave Penalized Likelihood and its Oracle Properties",
	JOURNAL      = "Journal of the American Statistical Association",
	YEAR         = "2005",
	VOLUME       = "96",
	NUMBER       = "456",
	PAGES        = "1348-1360",
	MONTH        = "",
	NOTE         = ""
}

@ARTICLE{Zou2006,
	AUTHOR       = "Zou, H.",
	TITLE        = "The adaptative lasso and its oracle properties",
	JOURNAL      = "Journal of the American Statistical Association",
	YEAR         = "2006",
	VOLUME       = "101",
	NUMBER       = "476",
	PAGES        = "1418-1429",
	MONTH        = "",
	NOTE         = ""
}

@ARTICLE{Zou2005,
	AUTHOR       = "Zou, H. and Hastie, T.",
	TITLE        = "Regularization and variable selection via the elastic net",
	JOURNAL      = "Journal of Royal Statistical Society: Series B (methodology)",
	YEAR         = "2005",
	VOLUME       = "67",
	NUMBER       = "2",
	PAGES        = "301-320",
	MONTH        = "",
	NOTE         = ""
}

@ARTICLE{Bondell2008,
	AUTHOR       = "Bondell, H. and Reich, B.",
	TITLE        = "Simultaneous regression shrinkage, variable selection and clustering of predictors with OSCAR",
	JOURNAL      = "Biometrics",
	YEAR         = "2005",
	VOLUME       = "47",
	NUMBER       = "1",
	PAGES        = "115-123",
	MONTH        = "",
	NOTE         = ""
}

@ARTICLE{Zhang2010,
	AUTHOR       = "Zhang, C.",
	TITLE        = "Nearly unbiased variable selection under minima concave penalty",
	JOURNAL      = "The Annals of Statistics",
	YEAR         = "2010",
	VOLUME       = "38",
	NUMBER       = "2",
	PAGES        = "894-942",
	MONTH        = "",
	NOTE         = ""
}

@ARTICLE{Song2015,
	AUTHOR       = "Song, Q. and Liang, F.",
	TITLE        = "High dimensional variable selection with reciprocal L1-regularization",
	JOURNAL      = "Journal of the American Statistical Association",
	YEAR         = "2015",
	VOLUME       = "110",
	NUMBER       = "",
	PAGES        = "1602–1620",
	MONTH        = "",
	NOTE         = ""
}

@ARTICLE{Box1976,
	AUTHOR       = "Box, G.",
	TITLE        = "Science and statistics",
	JOURNAL      = "Journal of the American Statistical Association",
	YEAR         = "1976",
	VOLUME       = "71",
	NUMBER       = "",
	PAGES        = "791-799",
	MONTH        = "",
	NOTE         = ""
}

@ARTICLE{Berger1996,
	AUTHOR       = "Berger, J. and Pericchi, L.",
	TITLE        = "The intrinsic Bayes factor for model selection and prediction",
	JOURNAL      = "Journal of the American Statistical Association",
	YEAR         = "1996",
	VOLUME       = "91",
	NUMBER       = "433",
	PAGES        = "109-122",
	MONTH        = "",
	NOTE         = ""
}

@ARTICLE{Shin2018,
	AUTHOR       = "Shin, M. and Bhattacharya, A. and Johnson, V.",
	TITLE        = "Scalable Bayesian variable selection using nonlocal prior densities in Ultrahigh-dimensional settings",
	JOURNAL      = "Stat Sin",
	YEAR         = "2018",
	VOLUME       = "28",
	NUMBER       = "2",
	PAGES        = "1053-1078",
	MONTH        = "",
	NOTE         = ""
}

%Zellner, A. (1986). "On Assessing Prior Distributions and Bayesian Regression Analysis with g Prior Distributions". In Goel, P.; Zellner, A. (eds.). Bayesian Inference and Decision Techniques: Essays in Honor of Bruno de Finetti. Studies in Bayesian Econometrics and Statistics. 6. New York: Elsevier. pp. 233–243. ISBN 978-0-444-87712-3.

@Incollection{Zellner1986,
	Author= {Zellner, A.},
	Title= {On Assessing Prior Distributions and Bayesian Regression Analysis with g Prior Distributions},
	Booktitle={Bayesian Inference and Decision Techniques: Essays in Honor of Bruno de Finetti. Studies in Bayesian Econometrics and Statistics. 6},
	Pages = {233-243},
	Year={1986}
}

@ARTICLE{Narisetty2014,
	AUTHOR       = "Narisetty, N. and He, X.",
	TITLE        = "Bayesian variable selection with shrinking and diffusing priors",
	JOURNAL      = "The Annals of Statistics",
	YEAR         = "2014",
	VOLUME       = "42",
	NUMBER       = "2",
	PAGES        = "789-817",
	MONTH        = "",
	NOTE         = ""
}

@TechReport{Ray2019,
author = {Ray, P and Bhattacharya, A},
title = {Signal Adaptive Variable Selector for the Horseshoe Prior},
institution = {Department of Statistics, Texas A\& M University, College Station},
year = {2019},
OPTkey = {?},
OPTtype = {?},
OPTnumber = {?},
OPTaddress = {https://arxiv.org/pdf/1810.09004.pdf},
OPTmonth = {?},
OPTnote = {?},
OPTannote = {?}
}

@TechReport{Huber2019,
author = {Huber, F. and Koop, G. and Onorante, L.},
title = {Inducing sparsity and shrinkage in time varying parameter modelos},
institution = {University of Salzburg},
year = {2019},
OPTkey = {?},
OPTtype = {?},
OPTnumber = {?},
OPTaddress = {},
OPTmonth = {?},
OPTnote = {?},
OPTannote = {?}
}

@ARTICLE{Barker2013,
	AUTHOR       = "Barker, R. J. and Link, W. A.",
	TITLE        = "Bayesian multimodel inference by RJMCMC: A Gibbs sampling approach",
	JOURNAL      = "The American Statistician",
	YEAR         = "2013",
	VOLUME       = "67",
	NUMBER       = "3",
	PAGES        = "150-156",
	MONTH        = "",
	NOTE         = ""
}

@article{olson1980monte,
	title={A Monte Carlo study of estimators of stochastic frontier production functions},
	author={Olson, Jerome A and Schmidt, Peter and Waldman, Donald M},
	journal={Journal of Econometrics},
	volume={13},
	number={1},
	pages={67--82},
	year={1980},
	publisher={Citeseer}
}
@article{waldman1982stationary,
	title={A stationary point for the stochastic frontier likelihood},
	author={Waldman, Donald M},
	journal={Journal of Econometrics},
	volume={18},
	number={2},
	pages={275--279},
	year={1982},
	publisher={Elsevier}
}
@article{simar2009inferences,
	title={Inferences from cross-sectional, stochastic frontier models},
	author={Simar, L{\'e}opold and Wilson, Paul W},
	journal={Econometric Reviews},
	volume={29},
	number={1},
	pages={62--98},
	year={2009},
	publisher={Taylor \& Francis}
}
@article{horrace2019stationary,
	title={Stationary points for parametric stochastic frontier models},
	author={Horrace, William C and Wright, Ian A},
	journal={Journal of Business \& Economic Statistics},
	pages={1--26},
	year={2019},
	publisher={Taylor \& Francis}
}
@incollection{leroux2000estimation,
	title={Estimation of disease rates in small areas: a new mixed model for spatial dependence},
	author={Leroux, Brian G and Lei, Xingye and Breslow, Norman},
	booktitle={Statistical models in epidemiology, the environment, and clinical trials},
	pages={179--191},
	year={2000},
	publisher={Springer}
}
@article{dean2001detecting,
	title={Detecting interaction between random region and fixed age effects in disease mapping},
	author={Dean, CB and Ugarte, MD and Militino, AF},
	journal={Biometrics},
	volume={57},
	number={1},
	pages={197--202},
	year={2001},
	publisher={Wiley Online Library}
}
@article{simpson2017penalising,
	title={Penalising model component complexity: A principled, practical approach to constructing priors},
	author={Simpson, Daniel and Rue, H{\aa}vard and Riebler, Andrea and Martins, Thiago G and S{\o}rbye, Sigrunn H and others},
	journal={Statistical Science},
	volume={32},
	number={1},
	pages={1--28},
	year={2017},
	publisher={Institute of Mathematical Statistics}
}
@article{bernardinelli1995bayesian,
	title={Bayesian estimates of disease maps: how important are priors?},
	author={Bernardinelli, L and Clayton, D and Montomoli, C},
	journal={Statistics in Medicine},
	volume={14},
	number={21-22},
	pages={2411--2431},
	year={1995},
	publisher={Wiley Online Library}
}
@article{sun1999posterior,
	title={Posterior distribution of hierarchical models using CAR (1) distributions},
	author={Sun, Dongchu and Tsutakawa, Robert K and Speckman, Paul L},
	journal={Biometrika},
	volume={86},
	number={2},
	pages={341--350},
	year={1999},
	publisher={Oxford University Press}
}
@article{riebler2016intuitive,
	title={An intuitive Bayesian spatial model for disease mapping that accounts for scaling},
	author={Riebler, Andrea and S{\o}rbye, Sigrunn H and Simpson, Daniel and Rue, H{\aa}vard},
	journal={Statistical methods in medical research},
	volume={25},
	number={4},
	pages={1145--1165},
	year={2016},
	publisher={SAGE Publications Sage UK: London, England}
}
@ARTICLE{deaton80,
	AUTHOR       = "Angus Deaton and John Muellbauer",
	TITLE        = "An Almost Ideal Demand System",
	JOURNAL      = "The American Economic Review",
	YEAR         = "1980",
	VOLUME       = "70",
	NUMBER       = "3",
	PAGES        = "312-326",
	MONTH        = "June",
	NOTE         = ""
}
@ARTICLE{engle87,
	AUTHOR       = "Robert Engle and Clive Granger",
	TITLE        = "Co-integration and Error Correction: Representation, Estimation and Testing",
	JOURNAL      = "Econometrica",
	YEAR         = "1987",
	VOLUME       = "55",
	NUMBER       = "",
	PAGES        = "251-276",
	MONTH        = "",
	NOTE         = ""
}
@ARTICLE{galvis00,
	AUTHOR       = "Luis A. Galvis",
	TITLE        = "La demanda de carnes en Colombia: un an\'alisis econom\'etrico",
	JOURNAL      = "Documentos de trabajo sobre econom\'ia regional",
	YEAR         = "2000",
	VOLUME       = "13",
	NUMBER       = "",
	PAGES        = "",
	MONTH        = "Enero",
	NOTE         = "Centro de estudios econ\'omicos regionales, Banco de la Rep\'ublica"
}
@ARTICLE{moschini95,
	AUTHOR       = "Giancarlo Moschini",
	TITLE        = "Units of Measurement and the Stone Index in Demand System Estimation",
	JOURNAL      = "American Journal of Agriculture Economic",
	YEAR         = "1995",
	VOLUME       = "77",
	NUMBER       = "",
	PAGES        = "63-68",
	MONTH        = "",
	NOTE         = ""
}
@ARTICLE{anderson83,
	AUTHOR       = "Gordon Anderson and Richard Blundell",
	TITLE        = "Estimation and Hypothesis Testing in Dynamic Singular Equations Systems",
	JOURNAL      = "Econometrica",
	YEAR         = "1983",
	VOLUME       = "50",
	NUMBER       = "",
	PAGES        = "1559-1571",
	MONTH        = "",
	NOTE         = ""
}
@BOOK{casella02,
	AUTHOR       = "George Casella and Roger Berger",
	TITLE        = "Statistical Inference",
	PUBLISHER    = "Thomson Learning",
	YEAR         = "2002",
	VOLUME       = "",
	SERIES       = "",
	ADDRESS      = "",
	EDITION      = "",
	MONTH        = "",
	NOTE         = ""
}
@ARTICLE{kwiatkowski92,
	AUTHOR       = "Denis Kwiatkowski and Peter Phillips and Peter Schmidt and Yongcheol Shin",
	TITLE        = "Testing the null hypothesis of stationarity against the alternative of a unit root",
	JOURNAL      = "Journal of econometrics",
	YEAR         = "1992",
	VOLUME       = "54",
	NUMBER       = "",
	PAGES        = "159-178",
	MONTH        = "",
	NOTE         = ""
}
@ARTICLE{johansen88,
	AUTHOR       = "Soren Johansen",
	TITLE        = "Statistical analysis of cointegration vectors",
	JOURNAL      = "Journal of economic dynamics and control",
	YEAR         = "1988",
	VOLUME       = "12",
	NUMBER       = "2-3",
	PAGES        = "231-254",
	MONTH        = "",
	NOTE         = ""
}
@ARTICLE{white80,
	AUTHOR       = "Halbert White",
	TITLE        = "A heteroscedasticity-consistent covariance matrix estimator and a direct test for heteroscedasticity",
	JOURNAL      = "Econometrica",
	YEAR         = "1980",
	VOLUME       = "48",
	NUMBER       = "",
	PAGES        = "817-838",
	MONTH        = "",
	NOTE         = ""
}
@ARTICLE{zellner79,
	AUTHOR       = "A Zellner and H Theil",
	TITLE        = "Three stage least squares: simultaneous estimation of simultaneous equations",
	JOURNAL      = "Econometrica",
	YEAR         = "1979",
	VOLUME       = "30",
	NUMBER       = "",
	PAGES        = "54-78",
	MONTH        = "",
	NOTE         = ""
}
@ARTICLE{stukel88,
	AUTHOR       = "T Stukel",
	TITLE        = "Generalized Logistic Models",
	JOURNAL      = "Journal of the American Statistical Association",
	YEAR         = "1988",
	VOLUME       = "83",
	NUMBER       = "402",
	PAGES        = "426-431",
	MONTH        = "",
	NOTE         = ""
}
@BOOK{greenberg08,
	AUTHOR       = "E Greenberg",
	TITLE        = "Introduction to Bayesian Econometrics",
	PUBLISHER    = "Cambridge",
	YEAR         = "2008",
	VOLUME       = "",
	SERIES       = "",
	ADDRESS      = "",
	EDITION      = "First",
	MONTH        = "",
	NOTE         = ""
}
@INCOLLECTION{goodrich07,
	AUTHOR       = "Ben Goodrich and Ying Lu",
	TITLE        = "logit.bayes: Bayesian Logistic Regression for Dichotomous Dependent Variables",
	BOOKTITLE    = "Zelig: Everyone's Statistical Software",
	PUBLISHER    = "",
	YEAR         = "2007",
	EDITOR       = "",
	CHAPTER      = "",
	PAGES        = "",
	ADDRESS      = "",
	MONTH        = "",
	NOTE         = ""
}
@ARTICLE{prentice76,
	AUTHOR       = "Ross Prentice",
	TITLE        = "A Generalization of the Probit and Logit Methods for Dose Response Curves",
	JOURNAL      = "Biometriks",
	YEAR         = "1976",
	VOLUME       = "32",
	NUMBER       = "",
	PAGES        = "761-768",
	MONTH        = "December",
	NOTE         = ""
}
@ARTICLE{pregibon80,
	AUTHOR       = "Daryl Pregibon",
	TITLE        = "Goodness of link test for generalized linear models",
	JOURNAL      = "Applied Statistics",
	YEAR         = "1980",
	VOLUME       = "29",
	NUMBER       = "1",
	PAGES        = "15-24",
	MONTH        = "",
	NOTE         = ""
}
@ARTICLE{aranda81,
	AUTHOR       = "Francisco Aranda-Ordaz",
	TITLE        = "On two families of transformation to additivity for binary response data",
	JOURNAL      = "Biometrika",
	YEAR         = "1981",
	VOLUME       = "68",
	NUMBER       = "2",
	PAGES        = "357-363",
	MONTH        = "",
	NOTE         = ""
}
@BOOK{cameron05,
	AUTHOR       = "Colin Cameron and Pravin Trivedi",
	TITLE        = "Microeconometrics: Methods and Applications",
	PUBLISHER    = "Cambridge",
	YEAR         = "2005",
	VOLUME       = "",
	SERIES       = "",
	ADDRESS      = "",
	EDITION      = "First",
	MONTH        = "",
	NOTE         = ""
}
@ARTICLE{kadane98,
	AUTHOR       = "Joseph Kadane and Lara Wolfson",
	TITLE        = "Experiences in Elitation",
	JOURNAL      = "The Statiscian",
	YEAR         = "1998",
	VOLUME       = "47",
	NUMBER       = "1",
	PAGES        = "3-19",
	MONTH        = "",
	NOTE         = ""
}
@ARTICLE{tsutakawa86,
	AUTHOR       = "R. Tsutakawa and H. Lin",
	TITLE        = "Bayesian Estimation of the Item Response Curves",
	JOURNAL      = "Psychometrika",
	YEAR         = "1986",
	VOLUME       = "51",
	NUMBER       = "",
	PAGES        = "365-393",
	MONTH        = "",
	NOTE         = ""
}
@ARTICLE{zellner84,
	AUTHOR       = "A. Zellner and P. Rosi",
	TITLE        = "Bayesian Analysis of Dichotomous Quantal Response Models",
	JOURNAL      = "Journal of Econometrics",
	YEAR         = "1984",
	VOLUME       = "25",
	NUMBER       = "",
	PAGES        = "365-393",
	MONTH        = "",
	NOTE         = ""
}
@ARTICLE{bcj96,
	AUTHOR       = "Edwart Bedrick and Ronald Christensen and Wesley Johnson",
	TITLE        = "A New Perspective on Priors for Generalized Linear Models",
	JOURNAL      = "Journal of the American Statistical Association",
	YEAR         = "1996",
	VOLUME       = "91",
	NUMBER       = "436",
	PAGES        = "1450-1460",
	MONTH        = "December",
	NOTE         = ""
}
@ARTICLE{bcj97,
	AUTHOR       = "Edwart Bedrick and Ronald Christensen and Wesley Johnson",
	TITLE        = "Bayesian Binomial Regression: Predicting Survival at a Trauma Center",
	JOURNAL      = "The American Statistician",
	YEAR         = "1997",
	VOLUME       = "51",
	NUMBER       = "3",
	PAGES        = "211-218",
	MONTH        = "August",
	NOTE         = ""
}
@ARTICLE{shafiqah06,
	AUTHOR       = "A. Shafiqah and Al-Awadhi and Paul Garthwaite",
	TITLE        = "Quantifying Expert Opinion for Modelling Fauna Habitat Distributions",
	JOURNAL      = "Computational Statistics",
	YEAR         = "2006",
	VOLUME       = "21",
	NUMBER       = "",
	PAGES        = "121-140",
	MONTH        = "",
	NOTE         = ""
}
@ARTICLE{chen99,
	AUTHOR       = "Ming-Hui Chen and Joseph Ibrahim and Constantin Yiannoutsos",
	TITLE        = "Prior Elicitation, Variable Selection and Bayesian Computation for Logistic Regression Models",
	JOURNAL      = "Journal of the Royal Statistical Society",
	YEAR         = "1999",
	VOLUME       = "61",
	NUMBER       = "1",
	PAGES        = "223-242",
	MONTH        = "",
	NOTE         = ""
}
@ARTICLE{chaloner83,
	AUTHOR       = "K. Chaloner and G. Duncan",
	TITLE        = "Assessment of a Beta Prior Distribution: PM Elicitation",
	JOURNAL      = "The Statistician",
	YEAR         = "1983",
	VOLUME       = "32",
	NUMBER       = "1",
	PAGES        = "174-180",
	MONTH        = "",
	NOTE         = ""
}
@ARTICLE{gavasakar88,
	AUTHOR       = "U. Gavasakar",
	TITLE        = "A Comparison of Two Elicitation Methods for a Prior Distribution for a Binomial Parameter",
	JOURNAL      = "Management Science",
	YEAR         = "1988",
	VOLUME       = "34",
	NUMBER       = "6",
	PAGES        = "784-790",
	MONTH        = "",
	NOTE         = ""
}
@BOOK{raiffa61,
	AUTHOR       = "H. Raiffa and R. Schlaifer",
	TITLE        = "Applied Statistical Theory",
	PUBLISHER    = "Harvard University",
	YEAR         = "1961",
	VOLUME       = "",
	SERIES       = "",
	ADDRESS      = "Boston",
	EDITION      = "",
	MONTH        = "",
	NOTE         = ""
}
@BOOKLET{correa08,
	TITLE        = "Introducci\'on a la Estad\'istica Bayesiana",
	AUTHOR       = "Juan Correa",
	HOWPUBLISHED = "Notas de clase-Universidad Nacional de Colombia (Medell\'in)",
	ADDRESS      = "",
	MONTH        = "",
	YEAR         = "2008",
	NOTE         = ""
}

@ARTICLE{milicer66,
	AUTHOR       = "H. Milicer and F. Szczotka",
	TITLE        = "Age at Menarche in Warsaw girls in 1965",
	JOURNAL      = "Human Biology",
	YEAR         = "1966",
	VOLUME       = "38",
	NUMBER       = " ",
	PAGES        = "199-203",
	MONTH        = "",
	NOTE         = ""
}
@Book{greenberg08,
ALTauthor = {E. Greenberg},
ALTeditor = {},
title = {Introduction to Bayesian Econometrics},
publisher = {Cambridge University Press},
year = {2008},
OPTkey = {?},
OPTvolume = {?},
OPTnumber = {?},
OPTseries = {?},
OPTaddress = {?},
OPTedition = {?},
OPTmonth = {?},
OPTnote = {?},
OPTannote = {?}
}
@Article{fuquene09,
author = {J. F\'uquene and J. Cook and L. Pericchi},
title = {A case for robust bayesian priors with applications to clinical trials},
journal = {Bayesian Analysis},
year = {2009},
OPTkey = {?},
OPTvolume = {4},
OPTnumber = {4},
OPTpages = {817-846},
OPTmonth = {?},
OPTnote = {?},
OPTannote = {?}
}
@Article{berger06,
author = {J. Berger},
title = {The case for objective bayesian analysis},
journal = {Bayesian Analysis},
year = {2006},
OPTkey = {?},
OPTvolume = {1},
OPTnumber = {3},
OPTpages = {385-402},
OPTmonth = {?},
OPTnote = {?},
OPTannote = {?}
}

@BOOK{kah11,
	AUTHOR       = "Danial Kahneman",
	TITLE        = "Thinking Fast and Slow",
	PUBLISHER    = "Farrar Straus Giroux",
	YEAR         = "2011",
	VOLUME       = "",
	SERIES       = "",
	ADDRESS      = "",
	EDITION      = "",
	MONTH        = "",
	NOTE         = ""
}

@TechReport{garthwaite04,
author = {P. Garthwaite and J. Kadane and A. O'Hagan},
title = {Elicitation},
institution = {The Open University},
year = {2004},
OPTkey = {?},
OPTtype = {?},
OPTnumber = {?},
OPTaddress = {?},
OPTmonth = {?},
OPTnote = {?},
OPTannote = {?}
}

@Article{chib93,
author = {S. Chib},
title = {Bayes regression with autoregressive errors},
journal = {Journal of Econometrics},
year = {1993},
OPTkey = {?},
OPTvolume = {58},
OPTnumber = {},
OPTpages = {275-294},
OPTmonth = {?},
OPTnote = {?},
OPTannote = {?}
}

@Article{gelman06,
author = {A. Gelman},
title = {Prior distributions for variance parameters in hierarchical models},
journal = {Bayesian Analysis},
year = {2006},
OPTkey = {?},
OPTvolume = {1},
OPTnumber = {3},
OPTpages = {515-534},
OPTmonth = {?},
OPTnote = {?},
OPTannote = {?}
}

@ARTICLE{kadane98,
	AUTHOR       = "Joseph Kadane and Lara Wolfson",
	TITLE        = "Experiences in Elitation",
	JOURNAL      = "The Statiscian",
	YEAR         = "1998",
	VOLUME       = "47",
	NUMBER       = "1",
	PAGES        = "3-19",
	MONTH        = "",
	NOTE         = ""
}

@ARTICLE{tversky74,
	AUTHOR       = "A. Tversky and D. Kahneman",
	TITLE        = "Judgement under uncertainty: heuristics and biases",
	JOURNAL      = "Science",
	YEAR         = "1974",
	VOLUME       = "185",
	NUMBER       = " ",
	PAGES        = "1124-1131",
	MONTH        = "",
	NOTE         = ""
}

@ARTICLE{tversky73,
	AUTHOR       = "A. Tversky and D. Kahneman",
	TITLE        = "Availability: a heuristic for judging frequency and probability",
	JOURNAL      = "Cognitive Psychology",
	YEAR         = "1973",
	VOLUME       = "5",
	NUMBER       = " ",
	PAGES        = "207-232",
	MONTH        = "",
	NOTE         = ""
}

@ARTICLE{tversky71,
	AUTHOR       = "A. Tversky and D. Kahneman",
	TITLE        = "The belief in the law of small numbers",
	JOURNAL      = "Psychological Bulletin",
	YEAR         = "1971",
	VOLUME       = "76",
	NUMBER       = " ",
	PAGES        = "105-110",
	MONTH        = "",
	NOTE         = ""
}

@ARTICLE{fischhoff75,
	AUTHOR       = "B. Fischhoff and R. Beyth",
	TITLE        = "I knew it would happen. Remembered probabilities of once future things",
	JOURNAL      = "Organizational Behavior and Human Performance",
	YEAR         = "1975",
	VOLUME       = "13",
	NUMBER       = " ",
	PAGES        = "1-16",
	MONTH        = "",
	NOTE         = ""
}

@MANUAL{R11,
	TITLE        = "R: A Language and Environment for Statistical Computing. R. Version 2.13.0",
	AUTHOR       = "{R Development Core Team}",
	ORGANIZATION = "R Foundation for Statistical Computing",
	ADDRESS      = "Vienna, Austria",
	EDITION      = "",
	MONTH        = "",
	YEAR         = "2011",
	NOTE         = "{ISBN} 3-900051-07-0"
}

@ARTICLE{beach66,
	AUTHOR       = "L. Beach and R. Swenson",
	TITLE        = "Intuitive estimation of means",
	JOURNAL      = "Psychonomic Science",
	YEAR         = "1966",
	VOLUME       = "5",
	NUMBER       = " ",
	PAGES        = "161-162",
	MONTH        = "",
	NOTE         = ""
}

@ARTICLE{keren91,
	AUTHOR       = "G. Keren",
	TITLE        = "Calibration and probability judgements: conceptual and methodological issues",
	JOURNAL      = "Acta Psychological",
	YEAR         = "1991",
	VOLUME       = "77",
	NUMBER       = " ",
	PAGES        = "217-273",
	MONTH        = "",
	NOTE         = ""
}

@ARTICLE{hastings70,
	AUTHOR       = "W. Hastings",
	TITLE        = "Monte Carlo sampling methods using Markov chains and their application",
	JOURNAL      = "Biometrika",
	YEAR         = "1970",
	VOLUME       = "57",
	NUMBER       = "",
	PAGES        = "97-109",
	MONTH        = "",
	NOTE         = ""
}

@ARTICLE{metropolis53,
	AUTHOR       = "N. Metropolis and A. Rosenbluth and M. Rosenbluth and A. Teller and E. Teller",
	TITLE        = "Equations of state calculations by fast computing machines",
	JOURNAL      = "J. Chem. Phys",
	YEAR         = "1953",
	VOLUME       = "21",
	NUMBER       = "",
	PAGES        = "1087-1092",
	MONTH        = "",
	NOTE         = ""
}


@TechReport{coda12,
author = {M. Plummer and N. Best and K. Cowles and K. Vines and D. Sarkar and R. Almond},
title = {Output analysis and diagnostics for MCMC},
institution = {CRAN R},
year = {2012},
OPTkey = {?},
OPTtype = {?},
OPTnumber = {?},
OPTaddress = {?},
OPTmonth = {?},
OPTnote = {?},
OPTannote = {?}
}

@ARTICLE{gelman92,
	AUTHOR       = "A. Gelman and D. Rubin",
	TITLE        = "Inference from iterative simulation using multiple sequences",
	JOURNAL      = "Statist. Science",
	YEAR         = "1992",
	VOLUME       = "7",
	NUMBER       = "",
	PAGES        = "457-511",
	MONTH        = "",
	NOTE         = ""
}

@TechReport{bonilla09,
author = {L. Bonilla},
title = {Demograf\'ia, juventud y homicidios en Colombia, 1979-2006},
institution = {Banco de la Rep\'ublica},
year = {2009},
OPTkey = {?},
OPTtype = {?},
OPTnumber = {?},
OPTaddress = {?},
OPTmonth = {?},
OPTnote = {?},
OPTannote = {?}
}


@ARTICLE{gav2000,
AUTHOR = "A. Gaviria",
TITLE = "Increasing returns and the evolution of violent crime: The case of Colombia",
JOURNAL = "Journal of Development Economics",
YEAR = "2000",
VOLUME = "61",
NUMBER = "1",
PAGES = "1-25",
MONTH = "February",
NOTE = ""
}

@TechReport{sn2001,
author = {F. S\'anchez and J. Nu{\~n}ez},
title = {Determinantes del crimen violento en un pa\'is altamente violento: el caso de Colombia},
institution = {Universidad de los Andes},
year = {2001},
OPTkey = {?},
OPTtype = {?},
OPTnumber = {?},
OPTaddress = {?},
OPTmonth = {?},
OPTnote = {?},
OPTannote = {?}
}

@TechReport{ep1998,
author = {J. Echeverri and Z. Partow},
title = {Why justice is unresponsive to crime: the case of cocaine in Colombia},
institution = {Banco de la Rep\'ublica},
year = {1998},
OPTkey = {?},
OPTtype = {?},
OPTnumber = {?},
OPTaddress = {?},
OPTmonth = {?},
OPTnote = {?},
OPTannote = {?}
}

@TechReport{mp1994,
author = {C. Posada and A. Montenegro},
title = {Criminalidad en Colombia},
institution = {Banco de la Rep\'ublica},
year = {1994},
OPTkey = {?},
OPTtype = {?},
OPTnumber = {?},
OPTaddress = {?},
OPTmonth = {?},
OPTnote = {?},
OPTannote = {?}
}

@ARTICLE{leung2002,
AUTHOR = "A. Leung",
TITLE = "Delinquency, Social Institutions, and Capital Accumulation",
JOURNAL = "Journal of Institutional and Theoretical Economics",
YEAR = "2002",
VOLUME = "158",
NUMBER = "3",
PAGES = "420-440",
MONTH = "September",
NOTE = ""
}

@ARTICLE{neumayer2005,
AUTHOR = "E. Neumayer",
TITLE = "Inequality and violent crime: evidence from data on robbery and violent theft",
JOURNAL = "Journal of Peace Research",
YEAR = "2005",
VOLUME = "42",
NUMBER = "1",
PAGES = "101-112",
MONTH = "January",
NOTE = ""
}

@ARTICLE{rubio1997,
AUTHOR = "M. Rubio",
TITLE = "Perverse social capital: some evidence from Colombia",
JOURNAL = "Journal of Economic Issues",
YEAR = "1997",
VOLUME = "31",
NUMBER = "3",
PAGES = "805-816",
MONTH = "September",
NOTE = ""
}

@ARTICLE{gs1999,
AUTHOR = "E. Glaeser and B. Sacerdote",
TITLE = "Why is there more crime in cities?",
JOURNAL = "Journal of Political Economy ",
YEAR = "1999",
VOLUME = "107",
NUMBER = "6",
PAGES = "225-258",
MONTH = "December",
NOTE = ""
}

@TechReport{lr2000,
author = {S. Levitt and M. Rubio},
title = {Understanding crime in Colombia and what can be done about it},
institution = {Fedesarrollo},
year = {2000},
OPTkey = {?},
OPTtype = {?},
OPTnumber = {?},
OPTaddress = {?},
OPTmonth = {?},
OPTnote = {?},
OPTannote = {?}
}

@TechReport{mm2003,
author = {C. Medina and H. Mart\'inez},
title = {Violence and drug prohibition in Colombia},
institution = {Universidad de los Andes},
year = {2003},
OPTkey = {?},
OPTtype = {?},
OPTnumber = {?},
OPTaddress = {?},
OPTmonth = {?},
OPTnote = {?},
OPTannote = {?}
}

@TechReport{fll1998,
author = {P. Fajnzylber and D. Lederman and N. Loayza },
title = { Determinants of crime rates in Latin America and the world: an empirical assessment},
institution = {World Bank},
year = {1998},
OPTkey = {?},
OPTtype = {?},
OPTnumber = {?},
OPTaddress = {?},
OPTmonth = {?},
OPTnote = {?},
OPTannote = {?}
}

@TechReport{mpt2013,
author = { C. Medina and C. Posso and J. Tamayo},
title = {The effect of adult criminals spillovers on the likelihood of youths becoming criminals},
institution = {Banco de la Rep\'ublica},
year = {2013},
OPTkey = {?},
OPTtype = {?},
OPTnumber = {?},
OPTaddress = {?},
OPTmonth = {?},
OPTnote = {?},
OPTannote = {?}
}

@TechReport{mpt2011,
author = { C. Medina and C. Posso and J. Tamayo},
title = {Costos de la violencia urbana y pol\'iticas p\'ublicas, algunas lecciones de Medell\'in},
institution = {Banco de la Rep\'ublica},
year = {2011},
OPTkey = {?},
OPTtype = {?},
OPTnumber = {?},
OPTaddress = {?},
OPTmonth = {?},
OPTnote = {?},
OPTannote = {?}
}
@article{areal2012integrating,
  title={Integrating spatial dependence into stochastic frontier analysis},
  author={Areal, Francisco Jos{\'e} and Balcombe, Kelvin and Tiffin, Richard},
  journal={Australian Journal of Agricultural and Resource Economics},
  volume={56},
  number={4},
  pages={521--541},
  year={2012},
  publisher={Wiley Online Library}
}
@article{gude2018heterogeneous,
  title={Heterogeneous spillovers among Spanish provinces: a generalized spatial stochastic frontier model},
  author={Gude, Alberto and {\'A}lvarez, Inmaculada and Orea, Luis},
  journal={Journal of Productivity Analysis},
  volume={50},
  number={3},
  pages={155--173},
  year={2018},
  publisher={Springer}
}
@article{glass2016spatial,
  title={A spatial autoregressive stochastic frontier model for panel data with asymmetric efficiency spillovers},
  author={Glass, Anthony J and Kenjegalieva, Karligash and Sickles, Robin C},
  journal={Journal of Econometrics},
  volume={190},
  number={2},
  pages={289--300},
  year={2016},
  publisher={Elsevier}
}
@article{tsionas2016spatial,
  title={A spatial stochastic frontier model with spillovers: Evidence for Italian regions},
  author={Tsionas, Efthymios G and Michaelides, Panayotis G},
  journal={Scottish Journal of Political Economy},
  volume={63},
  number={3},
  pages={243--257},
  year={2016},
  publisher={Wiley Online Library}
}
@article{druska2004generalized,
  title={Generalized moments estimation for spatial panel data: Indonesian rice farming},
  author={Druska, Viliam and Horrace, William C},
  journal={American Journal of Agricultural Economics},
  volume={86},
  number={1},
  pages={185--198},
  year={2004},
  publisher={Oxford University Press}
}
@TechReport{bns2003,
author = { F. Bourguignon and J. Nu{\~n}ez and F. S\'anchez},
title = {What part of the income distribution matters for explaining property crime? The case of Colombia},
institution = {Universidad de los Andes},
year = {2003},
OPTkey = {?},
OPTtype = {?},
OPTnumber = {?},
OPTaddress = {?},
OPTmonth = {?},
OPTnote = {?},
OPTannote = {?}
}

@TechReport{sdf2003,
author = { F. S\'anchez and A. D\'iaz and M. Formisano},
title = {Conflicto, violencia y actividad criminal en Colombia: un an\'alisis espacial},
institution = {Universidad de los Andes},
year = {2003},
OPTkey = {?},
OPTtype = {?},
OPTnumber = {?},
OPTaddress = {?},
OPTmonth = {?},
OPTnote = {?},
OPTannote = {?}
}

@ARTICLE{giraldo2008,
AUTHOR = "J. Giraldo",
TITLE = "Conflicto armado urbano y violencia homicida: El caso de Medell\'in",
JOURNAL = "Revista Latinoamericana de Seguridad Ciudadana",
YEAR = "2008",
VOLUME = "5",
NUMBER = "1",
PAGES = "99-113",
MONTH = "Septiembre",
NOTE = ""
}

@TechReport{llm2002,
author = { D. Lederman and N. Loayza and A. Men\'endez},
title = { Violent crime: does social capital matter},
institution = {World Bank},
year = {2002},
OPTkey = {?},
OPTtype = {?},
OPTnumber = {?},
OPTaddress = {?},
OPTmonth = {?},
OPTnote = {?},
OPTannote = {?}
}

@TechReport{policia2009,
author = { Policia},
title = { Manual para el Comando de Atenci\'on Inmediata, CAI},
institution = {Policia Nacional},
year = {2009},
OPTkey = {?},
OPTtype = {?},
OPTnumber = {?},
OPTaddress = {?},
OPTmonth = {?},
OPTnote = {?},
OPTannote = {?}
}

@ARTICLE{clayton87,
AUTHOR = "D. Clayton and J. Kaldor",
TITLE = "Empirical Bayes Estimates of Age-Standardized Relative Risks for Use in Disease Mapping",
JOURNAL = "Biometrics",
YEAR = "1987",
VOLUME = "43",
NUMBER = "3",
PAGES = "671-681",
MONTH = "September",
NOTE = ""
}

@BOOK{bivand08,
	AUTHOR       = "R. Bivand and E. Pebesma and V. G\'omez-{R}ubio",
	TITLE        = "Applied Spatial Data Analysis with R",
	PUBLISHER    = "Springer",
	YEAR         = "2008",
	VOLUME       = "",
	SERIES       = "",
	ADDRESS      = "",
	EDITION      = "",
	MONTH        = "",
	NOTE         = ""
}

@BOOK{shao03,
	AUTHOR       = "J. Shao",
	TITLE        = "Mathematical Statistics",
	PUBLISHER    = "Springer",
	YEAR         = "2003",
	VOLUME       = "",
	SERIES       = "",
	ADDRESS      = "",
	EDITION      = "Second",
	MONTH        = "April",
	NOTE         = ""
}

@TechReport{gomez13,
author = {V. G\'omez-Rubio and J. Ferr\'andiz-Ferragud and A. L\'opez-Qu\'ilez},
title = {Package DCluster},
institution = {R Team},
year = {2013},
OPTkey = {?},
OPTtype = {?},
OPTnumber = {?},
OPTaddress = {?},
OPTmonth = {January},
OPTnote = {?},
OPTannote = {?}
}

@MANUAL{DCluster,
	TITLE        = "Package DCluster",
	AUTHOR       = "{V. G\'omez-Rubio and J. Ferr\'andiz-Ferragud and A. L\'opez-Qu\'ilez}",
	ORGANIZATION = "",
	ADDRESS      = "",
	EDITION      = "",
	MONTH        = "January",
	YEAR         = "2013",
	NOTE         = "http://cran.r-project.org/web/packages/DCluster/DCluster.pdf"
}

@MANUAL{R13,
	TITLE        = "R: A Language and Environment for Statistical Computing. R. Version 2.13.0",
	AUTHOR       = "{R Development Core Team}",
	ORGANIZATION = "R Foundation for Statistical Computing",
	ADDRESS      = "Vienna, Austria",
	EDITION      = "",
	MONTH        = "",
	YEAR         = "2011",
	NOTE         = "{ISBN} 3-900051-07-0"
}

@ARTICLE{choynowski59,
AUTHOR = "M. Choynowski",
TITLE = "Maps based on probabilities",
JOURNAL = "Journal of the American Statistical Association",
YEAR = "1959",
VOLUME = "54",
NUMBER = "286",
PAGES = "385-388",
MONTH = "June",
NOTE = ""
}

@BOOK{banerjee04,
	AUTHOR       = "S. Banerjee and B. Carlin and A. Gelfand",
	TITLE        = "Hierarchical Modeling and Analysis for Spatial Data",
	PUBLISHER    = "Chapman \& {H}all/{CRC}",
	YEAR         = "2004",
	VOLUME       = "",
	SERIES       = "",
	ADDRESS      = "",
	EDITION      = "",
	MONTH        = "",
	NOTE         = ""
}

@BOOK{shanbenberger05,
	AUTHOR       = "O Schabenberger and C Gotway",
	TITLE        = "Spatial methods for spatial data analysis",
	PUBLISHER    = "Chapman \& Hall CRC",
	YEAR         = "2005",
	VOLUME       = "",
	SERIES       = "",
	ADDRESS      = "United States",
	EDITION      = "First",
	MONTH        = "",
	NOTE         = ""
}

@ARTICLE{besag91,
AUTHOR = "J. Besag and J. York and A. Mollie",
TITLE = "Bayesian image restoration, with two applications in spatial statistics",
JOURNAL = "Annals of the Institute of Statistical Mathematics",
YEAR = "1991",
VOLUME = "43",
NUMBER = "",
PAGES = "1-59",
MONTH = "",
NOTE = ""
}

@ARTICLE{lunn09,
AUTHOR = "D. Lunn and D. Spiegelhalter and A. Thomas and N. Best",
TITLE = "The BUGS project: Evolution, critique and future directions",
JOURNAL = "Statistics in Medicine",
YEAR = "2009",
VOLUME = "28",
NUMBER = "",
PAGES = "3049-3067",
MONTH = "",
NOTE = ""
}

@MANUAL{bivand11,
	TITLE        = "spdep: Spatial dependence: weighting schemes, statistics and models. R package 0.5-31",
	AUTHOR       = "R. Bivand",
	ORGANIZATION = "",
	ADDRESS      = "",
	EDITION      = "",
	MONTH        = "",
	YEAR         = "2011",
	NOTE         = ""
}
@MANUAL{furrer10,
	TITLE        = "Fields: Tools for spatial data. R package 6.3",
	AUTHOR       = "R. Furrer and D. Nychka and S. Sain",
	ORGANIZATION = "",
	ADDRESS      = "",
	EDITION      = "",
	MONTH        = "",
	YEAR         = "2010",
	NOTE         = ""
}

@MANUAL{pebesma13,
	TITLE        = "sp: classes and methods for spatial data. R package 1.0-11",
	AUTHOR       = "E. Pebesma and R. Bivand and B. Rowlingson and V. Gomez-Rubio",
	ORGANIZATION = "",
	ADDRESS      = "",
	EDITION      = "",
	MONTH        = "",
	YEAR         = "2013",
	NOTE         = ""
}

@MANUAL{bivand131,
	TITLE        = "rgdal: Bindings for the Geospatial Data Abstraction Library. R package 0.8-10",
	AUTHOR       = "R. Bivand and T. Keitt and B. Rowlingson and E. Pebesma and M. Sumner and R. Hijmans",
	ORGANIZATION = "",
	ADDRESS      = "",
	EDITION      = "",
	MONTH        = "",
	YEAR         = "2013",
	NOTE         = ""
}

@MANUAL{bivand132,
	TITLE        = "maptools: Tools for reading and handling spatial objects. R package 0.8-25",
	AUTHOR       = "R. Bivand and N. Lewin-Koh and E. Pebesma",
	ORGANIZATION = "",
	ADDRESS      = "",
	EDITION      = "",
	MONTH        = "",
	YEAR         = "2013",
	NOTE         = ""
}

@MANUAL{neuwirth13,
	TITLE        = "ColorBrewer: ColorBrewer palettes. R package 1.0-5",
	AUTHOR       = "E. Neuwirth",
	ORGANIZATION = "",
	ADDRESS      = "",
	EDITION      = "",
	MONTH        = "",
	YEAR         = "2013",
	NOTE         = ""
}

@MANUAL{bivand133,
	TITLE        = "classInt: Choose univariate class intervals. R package 0.1-20",
	AUTHOR       = "R. Bivand and H. Ono and R. Dunlap and M. Stigler",
	ORGANIZATION = "",
	ADDRESS      = "",
	EDITION      = "",
	MONTH        = "",
	YEAR         = "2013",
	NOTE         = ""
}

@MANUAL{gomez13,
	TITLE        = "DCluster: Functions for the detection of spatial clusters of diseases. R package 0.2-6",
	AUTHOR       = "V. G\'omez-{R}ubio and J. Ferr\'andiz-{F}erragud and A. L\'opez-{Q}u\'ilez",
	ORGANIZATION = "",
	ADDRESS      = "",
	EDITION      = "",
	MONTH        = "",
	YEAR         = "2013",
	NOTE         = ""
}

@MANUAL{aragon13,
	TITLE        = "epitools: Epidemiology Tools. R package 0.5-7",
	AUTHOR       = "T. Aragon and M. Fay and D. Wollschlaeger",
	ORGANIZATION = "",
	ADDRESS      = "",
	EDITION      = "",
	MONTH        = "",
	YEAR         = "2013",
	NOTE         = ""
}

@MANUAL{mcIlroy13,
	TITLE        = "epitools: Map Projections. R package 1.2-1",
	AUTHOR       = "D. McIlroy and R. Brownrigg and T. Minka and R. Bivand",
	ORGANIZATION = "",
	ADDRESS      = "",
	EDITION      = "",
	MONTH        = "",
	YEAR         = "2013",
	NOTE         = ""
}

@MANUAL{gelman13,
	TITLE        = "R2WinBUGS: Running WinBUGS and OpenBUGS from R / S-PLUS. R package 2.1-19",
	AUTHOR       = "A. Gelman and S. Sturtz and U. Ligges",
	ORGANIZATION = "",
	ADDRESS      = "",
	EDITION      = "",
	MONTH        = "",
	YEAR         = "2013",
	NOTE         = ""
}

@MANUAL{plummer13,
	TITLE        = "coda: Output analysis and diagnostics for MCMC. R package 0.16-1",
	AUTHOR       = "M. Plummer and N. Best and K. Cowles and K. Vines and D. Sarkar and R. Almond",
	ORGANIZATION = "",
	ADDRESS      = "",
	EDITION      = "",
	MONTH        = "",
	YEAR         = "2013",
	NOTE         = ""
}

@article{julious2001we,
  title={Why do we continue to use standardized mortality ratios for small area comparisons?},
  author={Julious, Steven A and Nicholl, Jon and George, Steve},
  journal={Journal of Public Health},
  volume={23},
  number={1},
  pages={40--46},
  year={2001},
  publisher={Oxford University Press}
}
@Manual{ClusterPy,
title = {ClusterPy: {Library} of spatially constrained clustering algorithms, {Version} 0.9.9.},
author = {Juan C. Duque and Boris Dev and Alejandro Betancourt and Jose L. Franco},
organization = {RiSE-group (Research in Spatial Economics). EAFIT University.},
address = {Colombia},
year = {2011},
url = {http://www.rise-group.org},
}
@article{duque2012max,
  title={The max-p-regions problem},
  author={Duque, Juan C and Anselin, Luc and Rey, Sergio J},
  journal={Journal of Regional Science},
  volume={52},
  number={3},
  pages={397--419},
  year={2012},
  publisher={Wiley Online Library}
}
@techreport{barrera2004dynamics,
  title={Dynamics and causes of crime in Colombia},
  author={Barrera-Osorio, Felipe},
  year={2004},
  institution={FEDESARROLLO}
}
@article{neumayer2003good,
  title={Good policy can lower violent crime: Evidence from a cross-national panel of homicide rates, 1980--97},
  author={Neumayer, Eric},
  journal={Journal of Peace Research},
  volume={40},
  number={6},
  pages={619--640},
  year={2003},
  publisher={Sage Publications}
}
@article{dilulio1996help,
  title={Help Wanted: Economists},
  author={Dilulio Jr, John J},
  journal={Crime and Public Policy The},
  year={1996}
}
@incollection{becker1968crime,
  title={Crime and punishment: An economic approach},
  author={Becker, Gary S},
  booktitle={The economic dimensions of crime},
  pages={13--68},
  year={1968},
  publisher={Springer}
}
@article{ballester2010delinquent,
  title={Delinquent networks},
  author={Ballester, Coralio and Zenou, Yves and Calv{\'o}-Armengol, Antoni},
  journal={Journal of the European Economic Association},
  volume={8},
  number={1},
  pages={34--61},
  year={2010},
  publisher={Oxford University Press}
}
@book{kikuchi2010neighborhood,
  title={Neighborhood structures and crime: a spatial analysis},
  author={Kikuchi, George},
  year={2010},
  publisher={LFB Scholarly Pub. LLC}
}
@article{brush2007does,
  title={Does income inequality lead to more crime? A comparison of cross-sectional and time-series analyses of United States counties},
  author={Brush, Jesse},
  journal={Economics letters},
  volume={96},
  number={2},
  pages={264--268},
  year={2007},
  publisher={Elsevier}
}
@article{andresen2006spatial,
  title={A spatial analysis of crime in Vancouver, British Columbia: A synthesis of social disorganization and routine activity theory},
  author={Andresen, Martin A},
  journal={The Canadian Geographer/Le G{\'e}ographe canadien},
  volume={50},
  number={4},
  pages={487--502},
  year={2006},
  publisher={Wiley Online Library}
}
@article{gyimah2006crime,
  title={Crime and punishment: And skin hue too?},
  author={Gyimah-Brempong, Kwabena and Price, Gregory N},
  journal={American Economic Review},
  volume={96},
  number={2},
  pages={246--250},
  year={2006}
}
@article{cornwell1994estimating,
  title={Estimating the economic model of crime with panel data},
  author={Cornwell, Christopher and Trumbull, William N},
  journal={The Review of economics and Statistics},
  pages={360--366},
  year={1994},
  publisher={JSTOR}
}
@article{allison1972economic,
  title={Economic factors and the rate of crime},
  author={Allison, John P},
  journal={Land Economics},
  volume={48},
  number={2},
  pages={193--196},
  year={1972},
  publisher={JSTOR}
}
@article{arnio2012demography,
  title={Demography, foreclosure, and crime: Assessing spatial heterogeneity in contemporary models of neighborhood crime rates},
  author={Arnio, Ashley N and Baumer, Eric P},
  journal={Demographic Research},
  volume={26},
  pages={449--486},
  year={2012},
  publisher={JSTOR}
}

@article{kakamu2008spatial,
  title={Spatial interaction of crime incidents in Japan},
  author={Kakamu, Kazuhiko and Polasek, Wolfgang and Wago, Hajime},
  journal={Mathematics and Computers in Simulation},
  volume={78},
  number={2-3},
  pages={276--282},
  year={2008},
  publisher={Elsevier}
}
@article{hipp2007block,
  title={Block, tract, and levels of aggregation: Neighborhood structure and crime and disorder as a case in point},
  author={Hipp, John R},
  journal={American Sociological Review},
  volume={72},
  number={5},
  pages={659--680},
  year={2007},
  publisher={Sage Publications Sage CA: Los Angeles, CA}
}
@article{machin2004crime,
  title={Crime and economic incentives},
  author={Machin, Stephen and Meghir, Costas},
  journal={Journal of Human resources},
  volume={39},
  number={4},
  pages={958--979},
  year={2004},
  publisher={University of Wisconsin Press}
}
@article{allen1996socioeconomic,
  title={Socioeconomic conditions and property crime: A comprehensive review and test of the professional literature},
  author={Allen, Ralph C},
  journal={American Journal of Economics and Sociology},
  volume={55},
  number={3},
  pages={293--308},
  year={1996},
  publisher={Wiley Online Library}
}
@article{tsionas2014firm,
  title={Firm Heterogeneity, Persistent And Transient Technical Inefficiency: 
  A Generalized True Random-Effects model},
  author={Tsionas, Efthymios G and Kumbhakar, Subal C},
  journal={Journal of Applied Econometrics},
  volume={29},
  number={1},
  pages={110--132},
  year={2014},
  publisher={Wiley Online Library}
}
@article{besag1991,
  title={Bayesian image restoration, with two applications in
spatial statistics},
  author={Besag, Julian},
  journal={Annals of the institute of statistical mathematics},
  volume={43},
  number={1},
  pages={1--20},
  year={1991},
  publisher={Springer}
}
@article{ramirez2017welfare,
  title={Welfare gains of the poor: An endogenous Bayesian approach with spatial random effects},
  author={Ram{\'\i}rez Hassan, Andr{\'e}s and Montoya Bland{\'o}n, Santiago},
  journal={Econometric Reviews},
  pages={1--18},
  year={2017},
  publisher={Taylor \& Francis}
}
@book{banerjee2014hierarchical,
  title={Hierarchical modeling and analysis for spatial data},
  author={Banerjee, Sudipto and Carlin, Bradley P and Gelfand, Alan E},
  year={2014},
  publisher={Crc Press}
}
@article{garner1976environmental,
  title={Environmental geology of the Austin area: an aid to urban planning},
  author={Garner, LE and Young, Keith Preston and Rodda, PU and Dawe, GL and Rogers, Margaret Anne},
  journal={Walter Geology Library},
  year={1976},
  publisher={Bureau of Economic Geology University of Texas at Austin}
}
@article{cressie1993statistics,
  title={Statistics for spatial data: Wiley series in probability and mathematical statistics},
  author={Cressie, Noel AC},
  journal={Find this article online},
  year={1993}
}
@article{anselin2003spatial,
  title={Spatial externalities, spatial multipliers, and spatial econometrics},
  author={Anselin, Luc},
  journal={International regional science review},
  volume={26},
  number={2},
  pages={153--166},
  year={2003},
  publisher={Sage Publications}
}
@book{greenberg2012introduction,
  title={Introduction to Bayesian econometrics},
  author={Greenberg, Edward},
  year={2012},
  publisher={Cambridge University Press}
}
@article{parent2008using,
  title={Using the variance structure of the conditional autoregressive spatial specification to model knowledge spillovers},
  author={Parent, Olivier and LeSage, James P},
  journal={Journal of Applied Econometrics},
  volume={23},
  number={2},
  pages={235--256},
  year={2008},
  publisher={Wiley Online Library}
}
@article{seya2012income,
  title={Income convergence in Japan: A Bayesian spatial Durbin model approach},
  author={Seya, Hajime and Tsutsumi, Morito and Yamagata, Yoshiki},
  journal={Economic Modelling},
  volume={29},
  number={1},
  pages={60--71},
  year={2012},
  publisher={Elsevier}
}
@article{bernardinelli1995bayesian,
	title={Bayesian estimates of disease maps: how important are priors?},
	author={Bernardinelli, L and Clayton, D and Montomoli, C},
	journal={Statistics in Medicine},
	volume={14},
	number={21-22},
	pages={2411--2431},
	year={1995},
	publisher={Wiley Online Library}
}
@article{sun1999posterior,
	title={Posterior distribution of hierarchical models using CAR (1) distributions},
	author={Sun, Dongchu and Tsutakawa, Robert K and Speckman, Paul L},
	journal={Biometrika},
	volume={86},
	number={2},
	pages={341--350},
	year={1999},
	publisher={Oxford University Press}
}