
@article{mipfpciting,
   author = {Johan Barth{\'e}lemy and Thomas Suesse},
   title = {mipfp: An {R} Package for Multidimensional Array Fitting and Simulating Multivariate Bernoulli Distributions},
   journal = {Journal of Statistical Software, Code Snippets},
   volume = {86},
   number = {2},
   year = {2018},
   pages = {1--20},
   url = {https://doi.org/10.18637/jss.v086.c02}
}

@Manual{mipfpself,
  title = {mipfp: Multidimensional Iterative Proportional Fitting and Alternative
Models},
  author = {Johan Barth{\'e}lemy and Thomas Suesse},
  year = {2018},
  note = {R package version 3.2.1},
  url = {https://CRAN.R-project.org/package=mipfp},
}

@article{little,
  title={Models for contingency tables with known margins when target and sampled populations differ},
  author={Little, Roderick JA and Wu, Mei-Miau},
  journal={Journal of the American Statistical Association},
  volume={86},
  number={413},
  pages={87--95},
  year={1991},
  publisher={Taylor \& Francis Group},
  url = {https://doi.org/10.2307/2289718}
}

@article{linden,
  title={Using the negative binomial distribution to model overdispersion in ecological count data},
  author={Lind{\'e}n, Andreas and M{\"a}ntyniemi, Samu},
  journal={Ecology},
  volume={92},
  number={7},
  pages={1414--1421},
  year={2011},
  publisher={Wiley Online Library},
  url = {https://doi.org/10.1890/10-1831.1}
}

@article{suesse,
  title={Estimating cross-classified population counts of multidimensional tables: an application to regional {A}ustralia to obtain pseudo-census counts},
  author={Suesse, Thomas and Namazi-Rad, Mohammad-Reza and Mokhtarian, Payam and Barth{\'e}lemy, Johan},
  journal={Journal of Official Statistics},
  volume = {33},
  number = {4},
  year = {2017},
  url = {https://doi.org/10.1515/jos-2017-0048}
}

@techreport{indo,
  author = {{Statistics Indonesia}},
  institution = {The 2010 Indonesia Population Census},
  title = {Household by Floor Area of Dwelling Unit and Households Member Size},
  year = "2010"
}

@ARTICLE{stewart,
  author  = {Robert Stewart and Marie Urban and Samantha Duchscherer and Jason Kaufman and April Morton and Gautam Thakur and Jesse Piburn and Jessica Moehl}, 
  title   = {A {B}ayesian machine learning model for estimating building occupancy from open source data},
  journal = {Natural Hazards},
  year    = 2016,
  volume  = 81,
  number  = 3,
  pages   = {1929--1956}, 
  url = {https://doi.org/10.1007/s11069-016-2164-9}
}

@techreport{nepal,
  author = {{Government of Nepal, National Planning Commission Secretariat}},
  institution = {Central Bureau of Statistics},
  title = {Nepal Living Standards Survey},
  year = {2011}
}

@article{truncdist,
   author = {Saralees Nadarajah and Samuel Kotz},
   title = {{R} Programs for Truncated Distributions},
   journal = {Journal of Statistical Software, Code Snippets},
   volume = {16},
   number = {2},
   year = {2006},
   pages = {1--8},
   url = {https://doi.org/10.18637/jss.v016.c02}
}

@Manual{truncdistself,
  title = {truncdist: Truncated Random Variables},
  author = {Frederick Novomestky and Saralees Nadarajah},
  year = {2016},
  note = {R package version 1.0-2},
  url = {https://CRAN.R-project.org/package=truncdist},
}