@book{moraga19,
    author    = "Paula Moraga.",
    title     = "{{Geospatial Health Data: Modeling and Visualization with R-INLA and Shiny}}",
    year      = "2019",
    publisher = "{Chapman \& Hall/CRC Biostatistics Series}"
}


@book{diggle13,
    author    = "Peter J. Diggle",
    title     = "{{Statistical Analysis of Spatial and Spatio-Temporal Point Patterns}}",
    year      = "2013",
    publisher = "{Chapman \& Hall/CRC}"
}


@article{moragaandmontes11,
    author =        "Paula Moraga and Francisco Montes",
    title =      "{{Detection of spatial disease clusters with LISA functions}}",
    journal =      "Statistics in Medicine",
    volume =       "30",
    pages =        "1057-1071",
    year =         "2011",
    url = {https://doi.org/10.1002/sim.4160}
}



@article{diggleetal13,
    author =        "Peter J. Diggle and Paula Moraga and Barry Rowlingson and Ben M. Taylor",
    title =      "{{Spatial and Spatio-Temporal Log-Gaussian Cox Processes: Extending the Geostatistical Paradigm}}",
    journal =      "Statistical Science",
    volume =       "28",
    number =       "4",
    pages =        "542-563",
    year =         "2013",
    url = {https://doi.org/10.1214/13-STS441}
}



@Article{illianetal12,
  author = {Janine B. Illian and Sigrunn H. Sorbye and H{\aa}vard Rue and Ditte Hendrichsen},
  title = {{Using INLA To Fit A Complex Point Process Model With Temporally Varying Effects - A Case Study}},
  journal = {Journal of Environmental Statistics},
  year = {2012},
  volume = {3},
  issue = {7}
  }


@Article{rueetal09,
  author = {H{\aa}vard Rue and Sara Martino and Nicholas Chopin},
  title = {{Approximate Bayesian Inference for Latent Gaussian Models Using Integrated Nested Laplace Approximations (with discussion)}},
  journal = {Journal of the Royal Statistical Society B},
  year = {2009},
  volume = {71},
  pages = {319-392},
  url = {https://doi.org/10.1111/j.1467-9868.2008.00700.x}
}


  @Article{Rsp,
    title = {{Classes and methods for spatial data in R}},
    author = {Edzer J. Pebesma and Roger S. Bivand},
    year = {2005},
    journal = {R News},
    volume = {5},
    issue = {2},
    url = {https://cran.r-project.org/doc/Rnews/},
  }
  

  @Manual{Rraster,
    title = {{raster: Geographic Data Analysis and Modeling}},
    author = {Robert J. Hijmans},
    year = {2019},
    note = {R package version 2.9-5},
    url = {https://CRAN.R-project.org/package=raster},
  }




 @Manual{Rspocc,
    title = {{spocc: Interface to Species Occurrence Data Sources}},
    author = {Scott Chamberlain},
    year = {2018},
    note = {R package version 0.9.0},
    url = {https://CRAN.R-project.org/package=spocc},
  }


 @Manual{Rrgeos,
    title = {{rgeos: Interface to Geometry Engine - Open Source ('GEOS')}},
    author = {Roger Bivand and Colin Rundel},
    year = {2019},
    note = {R package version 0.4-3},
    url = {https://CRAN.R-project.org/package=rgeos},
  }
  
  @Manual{Rrnaturalearth,
    title = {{rnaturalearth: World Map Data from Natural Earth}},
    author = {Andy South},
    year = {2017},
    note = {R package version 0.1.0},
    url = {https://CRAN.R-project.org/package=rnaturalearth},
  }
  
  @Manual{Rmapview,
    title = {{mapview: Interactive Viewing of Spatial Data in R}},
    author = {Tim Appelhans and Florian Detsch and Christoph Reudenbach and Stefan Woellauer},
    year = {2019},
    note = {R package version 2.7.0},
    url = {https://CRAN.R-project.org/package=mapview},
  }

  @Manual{Rleaflet,
    title = {{leaflet: Create Interactive Web Maps with the JavaScript 'Leaflet'
Library}},
    author = {Joe Cheng and Bhaskar Karambelkar and Yihui Xie},
    year = {2018},
    note = {R package version 2.0.2},
    url = {https://CRAN.R-project.org/package=leaflet},
  }

  @Book{Rggplot2,
    author = {Hadley Wickham},
    title = {{ggplot2: Elegant Graphics for Data Analysis}},
    publisher = {Springer-Verlag New York},
    year = {2016},
    isbn = {978-3-319-24277-4},
    url = {https://ggplot2.tidyverse.org},
  }
  
  @Article{Rtmap,
    title = {{tmap: Thematic Maps in R}},
    author = {Martijn Tennekes},
    journal = {Journal of Statistical Software},
    year = {2018},
    volume = {84},
    number = {6},
    pages = {1--39},
    doi = {10.18637/jss.v084.i06},
  }
  
  
  
  @Article{giraudetal15,
    title = {{Capitalizing on opportunistic data for monitoring relative abundances of species}},
    author = {Christophe Giraud and Cl\'ement Calenge and Camille Coron and Romain Julliard},
    journal = {Biometrics},
    year = {2015},
    volume = {72},
    issue = {2},
    pages = {},
    doi = {https://doi.org/10.1111/biom.12431},
  }  
  
  
  
   @Article{dorazio14,
    title = {{Accounting for imperfect detection and survey bias in statistical analysis of presence‚Äêonly data}},
    author = {Robert M. Dorazio},
    journal = {Global Ecology and Biogeography},
    year = {2014},
    volume = {23},
    issue = {12},
    pages = {},
    doi = {https://doi.org/10.1111/geb.12216},
  }  
   
  
   @Article{fithianetal15,
    title = {{Bias correction in species distribution models: pooling survey and collection data for multiple species}},
    author = {William Fithian and Jane Elith and Trevor Hastie and David A. Keith},
    journal = {Methods in Ecology and Evolution},
    year = {2015},
    volume = {6},
    number = {4},
    pages = {428--438},
    doi = {https://doi.org/10.1111/2041-210X.12242},
  }  
  
   @Article{stan,
    title = {{Stan: A probabilistic programming language}},
    author = {Bob Carpenter and Andrew Gelman and Matthew D. Hoffman and Daniel Lee and Ben Goodrich and Michael Betancourt and Marcus Brubaker and Jiqiang Guo and Peter Li and Allen Riddell},
    journal = {Journal of Statistical Software},
    year = {2017},
    volume = {76},
    number = {1},
    pages = {},
    doi = {https://doi.org/10.18637/jss.v076.i01},
  }  
  
  
   @inproceedings{jags,
    title = {{JAGS: A Program for Analysis of Bayesian Graphical Models Using Gibbs Sampling}},
    author = {Martyn Plummer},
    booktitle = {Proceedings of the 3rd International Workshop on Distributed Statistical Computing (DSC 2003)},
    year = {2003},
    issn = {1609-395X}
  }  
  


@Article{gbif1,
 author = {{GBIF.org}},
 title = {{GBIF Home Page}},
 year = {2020},
 url = {https://www.gbif.org},
 note = {Accessed on 2 October 2020}
}


@Article{gbif2,
 author = {{GBIF: The Global Biodiversity Information Facility}},
 title = {{What is GBIF?}},
 year = {2020},
 url = {https://www.gbif.org/what-is-gbif},
 note = {Accessed on 2 October 2020}
}