@article{Acal20,
Author={Acal, C. and Aguilera, A. M. and Escabias, M.},
Title={New Modeling Approaches Based on Varimax Rotation of Functional Principal Components},
Journal={Mathematics},
Year={2020},
Volume={8},
Number={11},
Pages={2085},
url = {https://doi.org/10.3390/math8112085}
}

@article{Aguilera2008151,
Author={Aguilera, A. M. and Escabias, M. and Valderrama, M. J.},
Title={Discussion of different logistic models with functional data. Application to {Systemic Lupus Erythematosus}},
Journal={Computational Statistics and Data Analysis},
Year={2008},
Volume={53},
Number={1},
Pages={151-163},
url = {https://doi.org/10.1016/j.csda.2008.07.001}
}

@article{Aguilera20083187,
Author={Aguilera, A. M. and Escabias, M. and Valderrama, M. J.},
Title={Forecasting binary longitudinal data by a functional {PC-ARIMA} model},
Journal={Computational Statistics and Data Analysis},
Year={2008},
Volume={52},
Number={6},
Pages={3187-3197},
url = {https://doi.org/10.1016/j.csda.2007.09.015}
}

@article{Aguilera2010,
Author={Aguilera, A. M. and Escabias, M. and Preda, C. and Saporta, G.},
Title={Using basis expansion for estimating functional {PLS} regression. {Applications} with chemometric data},
Journal={Chemometrics and Intelligent Laboratory Systems},
Year={2010},
Volume={104},
Number={2},
Pages={289-305},
url = {https://doi.org/10.1016/j.chemolab.2010.09.007}
}

@article{AguileraMorillo2012,
Author={Aguilera-Morillo, M. C. and Aguilera, A. M. and Escabias, M. and
Valderrama, M. J.},
Title={Penalized spline approaches for functional logit regression},
Journal={TEST},
Year={2013},
Volume={22},
Number={2},
Pages={251-277},
url = {https://doi.org/10.1007/s11749-012-0307-1}
}

@article{AguileraLisboa,
Author={Aguilera-Morillo, M. C. and Aguilera, A. M.},
Title={P-spline estimation of functional classification methods for improving the quality in the food industry},
Journal={Communications in Statistics - Simulation and Computation},
Year={2015},
Volume={44},
Number={10},
Pages={2513-2534},
url = {https://doi.org/10.1080/03610918.2013.804555}
}

@article{Aguilera2016,
  Title={Penalized versions of functional {PLS} regression},
  Author={Aguilera, A. M. and Aguilera-Morillo, M. C. and Preda, C.},
  Journal={Chemometrics and Intelligent Laboratory Systems},
  Volume={154},
  Pages={80–92},
  Year={2016},
  url = {https://doi.org/10.1016/j.chemolab.2016.03.013}
}

@article{Bianco2021,
Author={Bianco, A.M. and Boente, G. and Chebi, G.},
Title={Penalized robust estimators in sparse logistic regression},
Journal={TEST},
Year={2021},
Volume={in press},
Pages={1-32},
url = {https://doi.org/10.1007/s11749-021-00792-w}
}

@BOOK{DeBoor2001,
    Author={De Boor, C.},
    Title={A practical guide to splines (revised edition)},
    publisher={Springer},
    Year={2001}
}

@article{Escabias04,
Author={Escabias, M. and Aguilera, A. M. and Valderrama, M. J.},
Title={Principal component estimation of functional logistic regression: discussion of two different approaches},
Journal={Journal of Nonparametric Statistics},
Year={2004},
Volume={16},
Number={3-4},
Pages={365-384},
url = {https://doi.org/10.1080/10485250310001624738}
}

@article{Escabias200595,
Author={Escabias, M. and Aguilera, A. M. and Valderrama, M. J.},
Title={Modeling environmental data by functional principal component logistic regression},
Journal={Environmetrics},
Year={2005},
Volume={16},
Number={1},
Pages={95-107},
url = {https://doi.org/10.1002/env.696}
}

@article{Escabias2006,
Author={Escabias, M. and Aguilera, A. M. and Valderrama, M. J.},
Title={Functional (PLS) logit regression model},
Journal={Computational Statistics and Data Analysis},
Year={2007},
Volume={51},
Number={10},
Pages={4891-4902},
url = {https://doi.org/10.1016/j.csda.2006.08.011}
}

@article{Escabias2013,
Author={Escabias, M. and Valderrama, M. J.  and Aguilera, A. M. and Santofimia, M. E. and Aguilera-Morillo, M. C.},
Title={Stepwise selection of functional covariates in forecasting peak levels of olive pollen},
Journal={Stochastic Environmental Research and Risk Assessment},
Year={2013},
Volume={27},
Number={2},
Pages={367-376},
url = {https://doi.org/10.1007/s00477-012-0655-0}
}

@article{Escabias2014,
	Author = {Escabias, M. and Aguilera, A. M. and Aguilera-Morillo, M. C},
	Title = {Functional {PCA} and Base-Line Logit Models},
	Journal = {Journal of Classification},
	Volume = {31},
	Number={3},
	Pages = {296-324},
	Year = {2014},
	url = {https://doi.org/10.1007/s00357-014-9162-y}
}

@article{Febrero2012,
	Author = {Febrero-Bande, M. and Oviedo, M.},
	Title = {Statistical computing in Fucntional Data Analysis: The {R} Package fda.usc},
	Journal = {Journal of statistical software},
	Volume = {51},
	Number={4},
	Pages = {1-28},
	Year = {2012},
	url = {https://doi.org/10.18637/jss.v051.i04}
}

@BOOK{FerratyVieu,
   Author = {Ferraty, F. and Vieu, P.},
   Title= {Nonparametric functional data analysis. Theory and practice},
   publisher = {Springer-Verlag},
   Year = {2006}
}

@BOOK{Hosmer13,
   Author = {Hosmer, D.W. and Lemeshow, S. and Sturdivant, R.X.},
   Title= {Applied Logistic Regression},
   publisher = {Wiley},
   Year = {2013}
}

@BOOK{Horvath,
   Author = {Horvath , L. and Kokoszka, P.},
   Title= {Inference for functional data with applications},
   publisher = {Springer-Verlag},
   Year = {2012}
}

@article{James2002,
Author={James, G. M.},
Title={Generalized linear models with functional predictors},
Journal={Journal of the Royal Statistical Society. Series B},
Year={2002},
Volume={64},
Number={3},
Pages={411-432},
url = {https://doi.org/10.1111/1467-9868.00342}
}


@BOOK{Kokoszka2018,
   Author = {Kokoszka, P. and Reimherr, M.},
   Title= {Introduction to Functional Data Analysis},
   publisher = {CRC Press},
   Year = {2018}
}

@article{Mousavi2018,
Author={Mousavi, S.N. and Sørensen, H.},
Title={Functional logistic regression: a comparison of three methods},
Journal={Journal of Statistical Computation and Simulation},
Year={2018},
Volume={88},
Number={2},
Pages={250-268},
url = {https://doi.org/10.1080/00949655.2017.1386664}
}


@article{Muller05,
Author={M\"{u}ller, H. G. and Stadtm\"{u}ller, U.},
Title={Generalized functional linear models},
Journal={Annals of Statistics},
Year={2005},
Volume={33},
Number={2},
Pages={774-805},
url = {https://doi.org/10.1214/009053604000001156}
}



@article{Ocana1999,
Author={Oca{\~n}a, F. A. and Aguilera, A. M. and Valderrama, M. J.},
Title={Functional Principal Components Analysis by Choice of Norm},
Journal={Journal of Multivariate Analysis},
Year={1999},
Volume={71},
Number={2},
Pages={262-276},
url = {https://doi.org/10.1006/jmva.1999.1844}
}

@article{Ocana2007,
Author={Oca{\~n}a, F. A. and Aguilera, A. M. and Escabias, M.},
Title={Computational considerations in functional principal component analysis},
Journal={Computational Statistics},
Year={2007},
Volume={22},
Number={3},
Pages={449-465 },
url = {https://doi.org/10.1007/s00180-007-0051-2}
}

@article{Preda2005,
Author={Preda, C. and Saporta, G.},
Title={{PLS} regression on a stochastic process},
Journal={Computational Statistics and Data Analysis},
Year={2005},
Volume={48},
Number={1},
Pages={149-158},
url = {https://doi.org/10.1016/j.csda.2003.10.003}
}

@BOOK{Ramsay05,
   Author = {Ramsay, J. O. and Silverman, B. W.},
   Title= {Functional data analysis {(Second Edition)}},
   publisher = {Springer-Verlag},
   Year = {2005}
}

@BOOK{Ramsay09,
   Author = {Ramsay, J. O. and  Hooker, G. and Graves, S.},
   Title= {Functional Data Analysis with {R and MATLAB}},
   publisher = {Springer-Verlag},
   Year = {2009}
}

@article{Tapia2019,
Author={Tapia, A. and Leiva, V. and Diaz, M.d.P. and Giampaoli, V.},
Title={Influence diagnostics in mixed effects logistic regression models},
Journal={TEST},
Year={2019},
Volume={28},
Pages={920–942},
url = {https://doi.org/10.1007/s11749-018-0613-3}
}


@article{Vidal2021,
    Title={Bi-smoothed functional independent component analysis for eeg artifact removal},
    Author={Vidal, M. and Rosso, M. and Aguilera, A. M.},
    Journal={Mathematics.},
    Volume={9},
    Number={11},
    Pages={1243},
    Year={2021},
    url = {https://doi.org/10.3390/math9111243}
}


@BOOK{Zhang2014,
   Author = {Zhang, J.T.},
   Title= {Analysis of Variance for functional data},
   publisher = {CRC Press},
   Year = {2014}
}

@article{Zhu2014,
Author={Zhu, H. and Yao, F. and Zhang, H.H.},
Title={Structured functional additive regression in reproducing kernel Hilbert spaces},
Journal={Journal of the Royal Statistical Society B},
Year={2014},
Volume={76},
Number={3},
Pages={581-603},
url = {https://doi.org/10.1111/rssb.12036}
}


