@book{cai-2007-35,
author = {T.T.~{Cai. and J.~Lv}},
title = {{Discussion: The Dantzig selector: statistical estimation when p is much larger than n}},
publisher = {em Ann Statist. 35:2365},
year = {2007}
}
@book{Efron:lasso:2004,
author = {B.~{Efron, T.~Hastie, I.~Johnstone and R.~Tibshirani}},
title = {{Least angle regression (with discussion)}},
publisher = {em Ann Statist. 32:},
pages = {407--499},
year = {2004}
}
@book{Fan:Lv:sure:2008,
author = {J.~{Fan and J.~Lv}},
title = {{Sure independence screening for ultra-high dimensional feature space}},
publisher = {em J Royal Statist Soc B,70(5):},
pages = {849--911},
year = {2008}
}
@book{George+McCulloch:1993,
author = {E.I.~{George and R.E.~McCulloch}},
title = {{Variable selection via Gibbs sampling}},
publisher = {em J Amer Stat Assoc. 88:},
pages = {881--889},
year = {1993}
}
@book{lars,
author = {T.~{Hastie and B.~Efron}},
title = {{em lars: Least Angle Regression, Lasso and Forward Stagewise, }},
publisher = {R package version 0.9-7},
year = {2010}
}
@book{Hoer:Kenn:ridg:1970a,
author = {A.E.~{Hoerl and R.W.~Kennard}},
title = {{Ridge regression: Biased estimation for nonorthogonal problems}},
publisher = {em Technometrics 12:},
pages = {55--67},
year = {1970}
}
@book{Hoer:Kenn:ridg:1970b,
author = {A.E.~{Hoerl and R.W.~Kennard}},
title = {{Ridge regression: Applications to nonorthogonal problems (Corr: V12 p723)}},
publisher = {em Technometrics 12:},
pages = {69--82},
year = {1970}
}
@book{IR:2005,
author = {H.~{Ishwaran and J.S.~Rao}},
title = {{Spike and slab variable selection: frequentist and Bayesian strategies}},
publisher = {em Ann Statist. 33:},
pages = {730--773},
year = {2005}
}
@book{IR:2010,
author = {H.~{Ishwaran and J.S.~Rao}},
title = {{Generalized ridge regression: geometry and computational solutions when p is larger than n}},
publisher = {em Manuscript},
year = {2010}
}
@book{spikeslab,
author = {H.~{Ishwaran, U.B.~Kogalur and J.S.~Rao}},
title = {{em spikeslab: Prediction and variable selection using spike and slab regression, }},
publisher = {R package version 1.1.0},
year = {2010}
}
@book{Lempers:1971,
author = {F.~B.~{Lempers}},
title = {{em Posterior Probabilities of Alternative Linear Models}},
publisher = {Rotterdam University Press Rotterdam},
year = {1971}
}
@book{Mitchell+Beauchamp:1988,
author = {T.J.~{Mitchell and J.J.~Beauchamp}},
title = {{Bayesian variable selection in linear regression}},
publisher = {em J Amer Stat Assoc. 83:},
pages = {1023--1036},
year = {1988}
}
@book{snow,
author = {L.~{Tierney, A.~J.~Rossini, N.~Li and H.~Sevcikova}},
title = {{em snow: Simple Network of Workstations, }},
publisher = {R package version 0.3-3},
year = {2008}
}
@book{Zou:Hast:2005,
author = {H.~{Zou and T.~Hastie}},
title = {{Regularization and variable selection via the elastic net}},
publisher = {em J Royal Statist Soc B,67(2):},
pages = {301--320},
year = {2005}
}




