@Manual{R,
  title = {R: A Language and Environment for Statistical Computing},
  author = {{R Core Team}},
  organization = {R Foundation for Statistical Computing},
  address = {Vienna, Austria},
  year = {2016},
  note = {{ISBN} 3-900051-07-0},
  url = {https://www.R-project.org/},
}

 @Manual{plotprj,
    title = {PlotPrjNetworks: Useful Networking Tools for Project Management},
    author = {Mu\~{n}oz, Javier Celigueta},
    year = {2015},
    note = {R package version 1.0.0},
    url = {https://CRAN.R-project.org/package=PlotPrjNetworks},
  }

 @Manual{plan,
    title = {plan: Tools for Project Planning},
    author = { Kelley, Dan},
    year = {2018},
    note = {R package version 0.4-3},
    url = {https://CRAN.R-project.org/package=plan},
  }


 @Manual{gametheory,
    title = {GameTheory: Cooperative Game Theory},
    author = { Cano-Berlanga, Sebastian},
    year = {2017},
    note = {R package version 2.7},
    url = {https://CRAN.R-project.org/package=GameTheory},
  }

@Manual{triangle,
    title = {triangle: Provides the Standard Distribution Functions for the Triangle
Distribution},
    author = {Carnell, Rob},
    year = {2019},
    note = {R package version 0.12},
    url = {https://CRAN.R-project.org/package=triangle},
  }

@Book{plotly,
    author = {Sievert, Carson},
    title = {Interactive Web-Based Data Visualization with R, plotly, and shiny},
    publisher = {Chapman and Hall/CRC},
    year = {2020},
    isbn = {9781138331457},
    url = {https://plotly-r.com},
  }

 @Manual{lpsolve,
    title = {lpSolveAPI: R Interface to lp\_solve Version 5.5.2.0},
    author = {lp\_solve and Kjell Konis and Florian Schwendinger},
    year = {2020},
    note = {R package version 5.5.2.0-17.7},
    url = {https://CRAN.R-project.org/package=lpSolveAPI},
  }

@Article{igraph,
    title = {The igraph software package for complex network research},
    author = {Csardi, Gabor and Nepusz, Tamas},
    journal = {InterJournal},
    volume = {Complex Systems},
    pages = {1695},
    year = {2006},
    url = {http://igraph.org},
  }

 @Manual{kappalab,
    title = {kappalab: Non-Additive Measure and Integral Manipulation Functions},
    author = {Grabisch, Michel and Kojadinovic, Ivan and Meyer, Patrick.},
    year = {2015},
    note = {R package version 0.4-7},
    url = {https://CRAN.R-project.org/package=kappalab},
  }


@article{bergan:2018,
  Author = {Berganti\~{n}os, Gustavo and  Valencia-Toledo, Alfredo and Vidal-Puga, Juan},
	Journal = {Discrete Applied Mathematics},
	Pages = {11--20},
	Title = {Hart and Mas-Colell consistency in PERT problems},
	Volume = 243,
	Year = 2018,
        url = {https://doi.org/10.1016/j.dam.2017.08.012}
}

@article{hall2012project,
	title={Project management: Recent developments and research opportunities},
	author={Hall, Nicholas G},
	journal={Journal of Systems Science and Systems Engineering},
	volume={21},
	number={2},
	pages={129--143},
	year={2012},
	publisher={Springer},
	url = {https://doi.org/10.1007/s11518-012-5190-5}
}


@ARTICLE{8409910,
	author={K. {Schmitz} and R. {Mahapatra} and S. {Nerur}},
	journal={IEEE Software}, 
	title={User Engagement in the Era of Hybrid Agile Methodology}, 
	year={2019},
	volume={36},
	number={4},
	pages={32-40},
	url = {https://doi.org/10.1109/MS.2018.290100623}
}

@inproceedings{evdokimov2018using,
	title={Using PERT and Gantt charts for planning software projects on the basis of distributed digital ecosystems},
	author={Evdokimov, Ivan Valeryevich and Tsarev, Roman Yurievich and Yamskikh, Tatiana Nikolaevna and Pupkov, Alexander Nikolaevich},
	booktitle={Journal of Physics: Conference Series},
	volume={1074},
	number={1},
	pages={012127},
	year={2018},
	organization={IOP Publishing},
	url = {https://doi.org/10.1088/1742-6596/1074/1/012127}
}

@article{branzei:2002,
  Author = {Br\^anzei, Rodica and Ferrari, Giulio and Fragnelli, Vito and Tijs, Stef},
	Journal = {Annals of Operations Research},
	Number = 1,
	Pages = {359--374},
	Title = {Two approaches to the problem of sharing delay costs in joint projects},
	Volume =109 ,
	Year = 2002,
        url = {https://doi.org/10.1023/A:1016372707256}
}

@article{castro:2007,
  Author = {Castro, Javier and G\'omez, Daniel and Tejada, Juan},
	Journal = {Operations Research Letters},
	Number = 6,
	Pages = {791--798},
	Title = {A project game for PERT networks},
	Volume =35 ,
	Year = 2007,
        url = {https://doi.org/10.1016/j.orl.2007.01.003}
}

@article{castro:2009,
  Author = {Castro, Javier and G\'omez, Daniel and Tejada, Juan},
	Journal = {Computers and Operations Research},
	Number = 5,
	Pages = {1726--1730},
	Title = {Polynomial calculation of the Shapley value based on sampling},
	Volume =36 ,
	Year = 2009,
        url = {https://doi.org/10.1016/j.cor.2008.04.004}
}

@article{goncalves:2020,
  Author = {Gon\c{c}alves-Dosantos, Juan Carlos and  Garc\'{\i}a-Jurado, Ignacio and Costa, Julian},
	Journal = {4OR - A Quarterly Journal of Operations Research},
	Title = {Sharing delay costs in stochastic scheduling problems with delays},
	Year =2020,
        url = {https://doi.org/10.1007/s10288-019-00427-9}
}

@article{gregoriou:2013,
  Author = {Gregoriou, George and Kirytopoulos, Konstantinos and Kiriklidis, Christos},
	Journal = {Computer Applications in Engineering Education},
	Number = 1,
	Pages = {46--59},
	Title = {Project management educational software (ProMES)},
	Volume =21 ,
	Year =2013,
        url = {https://doi.org/10.1002/cae.20450}
}

 @Manual{project,
    title = {ProjectManagement: Management of Deterministic and Stochastic Projects},
    author = {Gon\c{c}alves-Dosantos, Juan Carlos and  Garc\'{\i}a-Jurado, Ignacio and Costa, Julian},
    year = {2020},
    note = {R package version 1.3.3},
    url = {https://CRAN.R-project.org/package=ProjectManagement},
  }


@article{hegazy:1999,
  Author = {Hegazy, Tarel},
	Journal = {Journal of construction engineering and management},
	Number = 3,
	Pages = {167--175},
	Title = {Optimization of resource allocation and leveling using genetic algorithms},
	Volume =125,
	Year =1999,
        url = {https://doi.org/10.1061/(ASCE)0733-9364(1999)125:3(167)}
}

@BOOK{hillier:2001,
  TITLE = {Introduction to Operations Research},
  SUBTITLE = {},
  AUTHOR = {Hillier, Fredererick S. and Lieberman, Gerald J.},
  YEAR = {2001}, 
  PUBLISHER = {McGraw-Hill},
  isbn=  0072321695,
}

@article{kelley:1961,
  Author = {Kelley, James E.},
	Journal = {Operations Research},
	Number = 3,
	Pages = {296--320},
	Title = {Critical-path planning and scheduling: Mathematical basis.},
	Volume =9,
	Year =1961,
        url = {https://doi.org/10.1287/opre.9.3.296}
}

@article{moretti:2008,
  Author = {Moretti, Stefano and Patrone, Fioravante},
	Journal = {Top},
	Number = 1,
	Pages = {1--41},
	Title = {Transversality of the Shapley value},
	Volume =16,
	Year =2008,
        url = {https://doi.org/10.1007/s11750-008-0044-5}
}

@article{ozdamar:1995,
  Author = {\"Ozdamar, Linet and Ulusoy, G\"und\"uz},
	Journal = {IIE transactions},
	Number = 5,
	Pages = {574--586},
	Title = {A survey on the resource-constrained project scheduling problem},
	Volume =27,
	Year =1995,
        url = {https://doi.org/10.1080/07408179508936773}
}

@article{salas:2013,
  Author = {Salas-Morera, Lorenzo and Arauzo-Azofra, Antonio and Garc\'{\i}a-Hern\'andez, Laura and Palomo-Romero, Juan M. and Herv\'as-Mart\'{\i}nez C\'esar},
	Journal = {Computers and Education},
	Pages = {181--188},
	Title = {PpcProject: An educational tool for software project management},
	Volume =69,
	Year =2013,
        url = {https://doi.org/10.1016/j.compedu.2013.07.018}
}


@article{shapley:1953,
  Author = {Shapley, Lloyd Stowell},
	Journal = {Contributions to the Theory of Games},
	Number = 28,
	Pages = {307--317},
	Title = {A value for n-person games},
	Volume =2,
	Year =1953,
        url = {https://doi.org/10.1016/j.compedu.2013.07.018}
}

 @Manual{goncalves1:2020,
    title = {ProjectManagement: Management of Deterministic and Stochastic Projects},
    author = {Juan Carlos {Gonçalves Dosantos} and Ignacio {García Jurado} and Julián {Costa Bouzas}},
    year = {2020},
    note = {R package version 1.2.4},
  }

@Manual{kelley:2018,
    title = {plan: Tools for Project Planning},
    author = {Dan Kelley},
    year = {2018},
    note = {R package version 0.4-3},
    url = {https://CRAN.R-project.org/package=plan},
  }

@Manual{javier:2015,
    title = {PlotPrjNetworks: Useful Networking Tools for Project Management},
    author = {Javier Celigueta Mu<b1>oz},
    year = {2015},
    note = {R package version 1.0.0},
    url = {https://CRAN.R-project.org/package=PlotPrjNetworks},
  }

  @Manual{rob:2017,
    title = {triangle: Provides the Standard Distribution Functions for the Triangle
Distribution},
    author = {Rob Carnell},
    year = {2017},
    note = {R package version 0.11},
    url = {https://CRAN.R-project.org/package=triangle},
  }

 @Manual{carson:2017,
    title = {plotly: Create Interactive Web Graphics via 'plotly.js'},
    author = {Carson Sievert and Chris Parmer and Toby Hocking and Scott Chamberlain and Karthik Ram and Marianne Corvellec and Pedro Despouy},
    year = {2017},
    note = {R package version 4.7.1},
    url = {https://CRAN.R-project.org/package=plotly},
  }

  @Manual{michel2015,
    title = {kappalab: Non-Additive Measure and Integral Manipulation Functions},
    author = {Michel Grabisch and Ivan Kojadinovic and Patrick Meyer.},
    year = {2015},
    note = {R package version 0.4-7},
    url = {https://CRAN.R-project.org/package=kappalab},
  }

 @Article{cano:2015,
    title = {Enjoying cooperative games: The R package GameTheory},
    journal = {Working Paper No. 06; CREIP; Spain},
    year = {March 2015},
    author = {S. Cano-Berlanga and J. M. Gimenez-Gomez and C. Vilella},
  }