@article{Faraggi03,
  title={Adjusting Receiver Operating Characteristic Curves and Related Indices for Covariates},
  author={Faraggi, David},
  journal={Journal of the Royal Statistical Society D},
  volume={52},
  number={2},
  pages={179--192},
  year={2003},
  publisher={Wiley Online Library},
  url = {https://doi.org/10.1111/1467-9884.00350}
}

@article{Inacio13,
author = "In{\'a}cio de Carvalho, Vanda and Jara, Alejandro and Hanson, Timothy E. and de Carvalho, Miguel",
journal = "Bayesian Analysis",
fjournal = "Bayesian Anal",
number = "3",
pages = "623--646",
publisher = "International Society for Bayesian Analysis",
title = "Bayesian Nonparametric {ROC} Regression Modeling",
volume = "8",
year = "2013",
url = "https://doi.org/10.1214/13-BA825"
}

@article{Janes09a,
author = {Janes, Holly and Pepe, Margaret S.},
title = {Adjusting for Covariate Effects on Classification Accuracy using the Covariate-Adjusted Receiver Operating Characteristic Curve},
journal = {Biometrika},
volume = {96},
number = {2},
pages = {371--382},
year = {2009},
url = {https://doi.org/10.1093/biomet/asp002}
}

@article{Pardo14,
  Author = {Pardo-Fern{\'a}ndez, Juan Carlos and Rodr{\'i}guez-{\'A}lvarez, Mar{\'i}a Xos{\'e} and van Keilegom, Ingrid},
  Title = {A Review on {ROC} Curves in the Presence of Covariates},
  Journal = {{REVSTAT}--Statistical Journal},
  fjournal = {{REVSTAT}-Stat J},	  
  Volume = {12},
  Number = {1},
  Year = {2014},
  Pages = {21--41}
}

@article{Pepe98,
 author = {Margaret Sullivan Pepe},
 journal = {Biometrics},
 number = {1},
 pages = {124-135},
 publisher = {[Wiley, International Biometric Society]},
 title = {Three Approaches to Regression Analysis of Receiver Operating Characteristic Curves for Continuous Test Results},
 volume = {54},
 year = {1998},
 url = {https://doi.org/10.2307/2534001}
}

@book{Pepe03,
  author = {Pepe, M. S.},
  publisher = {Oxford University Press, New York},
  series = {Oxford Statistical Sciences Series},
  title = {The Statistical Evaluation of Medical Tests for Classification and Prediction},
  year = 2003
}

@article{Raton14,
   author = {M{\'o}nica L{\'o}pez-Rat{\'o}n and Mar{\'i}a X. Rodr{\'i}guez-{\'A}lvarez and Carmen Cadarso-Su{\'a}rez and Francisco Gude-Sampedro},
   title = {{O}ptimal{C}utpoints: An {R} Package for Selecting Optimal Cutpoints in Diagnostic Tests},
   journal = {Journal of Statistical Software},
   fjournal =  {Journal of Statistical Software},
   volume = {61},
   number = {1},
   year = {2014},
   pages = {1--36},
   url = {https://doi.org/10.18637/jss.v061.i08}
}

@Article{MX11a,
author="Rodr{\'i}guez-{\'A}lvarez, Mar{\'i}a Xos{\'e} and Roca-Pardi{\~{n}}as, Javier and Cadarso-Su{\'a}rez, Carmen",
title="{ROC} curve and Covariates: Extending Induced Methodology to the Non-Parametric Framework",
journal="Statistics and Computing",
fjournal = {Stat Comput},
year="2011",
volume="21",
number="4",
pages="483--499",
url = {https://doi.org/10.1007/s11222-010-9184-1}
}

@article{MX11b,
title = "A New Flexible Direct {ROC} Regression Model: Application to the Detection of Cardiovascular Risk Factors by Anthropometric Measures",
journal = "Computational Statistics \& Data Analysis ",
volume = "55",
number = "12",
pages = "3257--3270",
year = "2011",
note = "",
author = "Rodr{\'i}guez-{\'A}lvarez, Mar{\'i}a Xos{\'e} and Roca-Pardi{\~{n}}as, Javier and Cadarso-Su{\'a}rez, Carmen",
url = {https://doi.org/10.1016/j.csda.2011.06.008}
}

@article{MX11c,
title = "Comparative Study of {ROC} Regression Techniques -- Applications for the Computer-Aided Diagnostic System in Breast Cancer Detection",
journal = "Computational Statistics \& Data Analysis ",
volume = "55",
number = "1",
pages = "888--902",
year = "2011",
author = "Mar{\'i}a Xos{\'e} Rodr{\'i}guez-{\'A}lvarez and Pablo G. Tahoces and Carmen Cadarso-Su{\'a}rez and Mar{\'i}a Jos{\'e} Lado",
url = {https://doi.org/10.1016/j.csda.2010.07.018}
}

@article {Youden50,
author = {Youden, W. J.},
title = {Index for Rating Diagnostic Tests},
journal = {Cancer},
volume = {3},
number = {1},
publisher = {Wiley Subscription Services, Inc., A Wiley Company},
pages = {32--35},
year = {1950},
url = {https://doi.org/10.1002/1097-0142(1950)3:1<32::AID-CNCR2820030106>3.0.CO;2-3}
}

@article{Erkanli2006,
  title={Bayesian Semi-Parametric {ROC} Analysis},
  author={Erkanli, Alaattin and Sung, Minje and Jane Costello, E and Angold, Adrian},
  journal={Statistics in Medicine},
  volume={25},
  number={22},
  pages={3905--3928},
  year={2006},
  publisher={Wiley Online Library},
  url = {https://doi.org/10.1002/sim.2496}
}

@book{Zhou2011,
  title={Statistical Methods in Diagnostic Medicine},
  author={Zhou, Xiao-Hua and McClish, Donna K and Obuchowski, Nancy A},
 volume={},
  year={2011},
  edition = {Second},
  publisher={John Wiley \& Sons, New York}
}

@article{Inacio17,
  title={Nonparametric {B}ayesian Covariate-Adjusted Estimation of the {Y}ouden Index},
  author={In{\'a}cio de Carvalho, Vanda and de Carvalho, Miguel and Branscum, Adam J},
  journal={Biometrics},
  volume={73},
  number={4},
  pages={1279--1288},
  year={2017},
  publisher={Wiley Online Library},
  url = {https://doi.org/10.1111/biom.12686}
}
    
@article{Metz78,
title = "Basic Principles of {ROC} Analysis",
journal = "Seminars in Nuclear Medicine",
volume = "8",
number = "4",
pages = "283 - 298",
year = "1978",
author = "Charles E. Metz",
url = {https://doi.org/10.1016/S0001-2998(78)80014-2}
}

@article{Hsieh1996,
author = "Hsieh, Fushing and Turnbull, Bruce W.",
journal = "The Annals of Statistics",
month = "02",
number = "1",
pages = "25--40",
publisher = "The Institute of Mathematical Statistics",
title = "Nonparametric and Semiparametric Estimation of the Receiver Operating Characteristic Curve",
volume = "24",
year = "1996",
url = {https://doi.org/10.1214/aos/1033066197}
}

@article{Gu2008,
  title={Bayesian Bootstrap Estimation of {ROC} Curve},
  author={Jiezhun Gu and Subhashis Ghosal and Anindya Roy},
  journal={Statistics in Medicine},
  year={2008},
  volume={27},
  pages={5407-5420},
  url={https://doi.org/10.1002/sim.3366}
}

@article{Zou97,
author = {Zou, Kelly H. and Hall, W. J. and Shapiro, David E.},
title = {Smooth Non-Parametric Receiver Operating Characteristic ({ROC}) Curves for Continuous Diagnostic Tests},
journal = {Statistics in Medicine},
volume = {16},
number = {19},
pages = {2143-2156},
year = {1997},
url = {https://doi.org/10.1002/(sici)1097-0258(19971015)16:19<2143::aid-sim655>3.0.co;2-3 }
}

@ARTICLE{Inacio18,
   AUTHOR  = {In{\'a}cio de Carvalho, Vanda and Rodr{\'i}guez-{\'A}lvarez, Mar{\'i}a Xos{\'e}},
   TITLE   =  {Bayesian Nonparametric Inference for the Covariate-Adjusted {ROC} Curve},
   YEAR    = {2018},
   journal={arXiv:1806.00473 [stat.ME]},
   url = {https://arxiv.org/abs/1806.00473}
}

@Manual{moments_package,
  title = {moments: Moments, cumulants, skewness, kurtosis and related tests},
  author = {Lukasz Komsta and Frederick Novomestky},
  year = {2015},
  note = {R~package version 0.14},
  url = {https://CRAN.R-project.org/package=moments},
}

@Manual{nor1mix_package,
  title = {nor1mix: Normal aka Gaussian (1-d) Mixture Models (S3 Classes and
Methods)},
  author = {Martin Maechler},
  year = {2019},
  note = {R~package version 1.3-0},
  url = {https://CRAN.R-project.org/package=nor1mix},
}

@Article{Hayfield08,
  title = {Nonparametric Econometrics: The np Package},
  author = {Tristen Hayfield and Jeffrey S. Racine},
  journal = {Journal of Statistical Software},
  year = {2008},
  volume = {27},
  number = {5},
  url = {https://doi.org/10.18637/jss.v027.i05},
}
@Manual{Matrix_package,
  title = {Matrix: Sparse and Dense Matrix Classes and Methods},
  author = {Douglas Bates and Martin Maechler},
  year = {2019},
  note = {R~package version 1.2-18},
  url = {https://CRAN.R-project.org/package=Matrix},
}
@Article{spatstat_package,
    title = {{spatstat}: An {R} Package for Analyzing Spatial Point Patterns},
    author = {Adrian Baddeley and Rolf Turner},
    journal = {Journal of Statistical Software},
    year = {2005},
    volume = {12},
    number = {6},
    pages = {1--42},
    url = {http://doi.org/10.18637/jss.v012.i06},
}
@Book{lattice_package,
    title = {Lattice: Multivariate Data Visualization with R},
    author = {Deepayan Sarkar},
    publisher = {Springer-Verlag},
    address = {New York},
    year = {2008},
    note = {ISBN 978-0-387-75968-5},
    url = {http://lmdvr.r-forge.r-project.org},
}

@Article{Tome09,
author="Tom{\'e} Mart{\'i}nez de Rituerto, M. A.
and Botana, M. A.
and Cadarso-Su{\'a}rez, C.
and Rego-Iraeta, A.
and Fern{\'a}ndez-Mari{\~{n}}o, A.
and Mato, J. A.
and Solache, I.
and Perez-Fernandez, R.",
title="Prevalence of Metabolic Syndrome in {G}alicia ({NW Spain}) on Four Alternative Definitions and Association with Insulin Resistance",
journal="Journal of Endocrinological Investigation",
year="2009",
month="Jun",
day="01",
volume="32",
number="6",
pages="505--511",
url = {https://doi.org/10.1007/BF03346497}
}

@Book{Wickham16,
    author = {Hadley Wickham},
    title = {ggplot2: Elegant Graphics for Data Analysis},
    publisher = {Springer-Verlag New York},
    year = {2016},
    isbn = {978-3-319-24277-4},
    url = {https://ggplot2.tidyverse.org},
}
 @Article{coda06,
    title = {CODA: Convergence Diagnosis and Output Analysis for {MCMC}},
    author = {Martyn Plummer and Nicky Best and Kate Cowles and Karen Vines},
    journal = {R News},
    year = {2006},
    volume = {6},
    number = {1},
    pages = {7--11},
    url = {https://journal.r-project.org/archive/}
  }

@Book{MASS_package,
    title = {Modern Applied Statistics with S},
    author = {W. N. Venables and B. D. Ripley},
    publisher = {Springer},
    edition = {Fourth},
    address = {New York},
    year = {2002},
    note = {ISBN 0-387-95457-0},
    url = {http://www.stats.ox.ac.uk/pub/MASS4},
  }
  
@article{Gabry2019,
  title={Visualization in {B}ayesian Workflow},
  author={Gabry, Jonah and Simpson, Daniel and Vehtari, Aki and Betancourt, Michael and Gelman, Andrew},
  journal={Journal of the Royal Statistical Society A},
  volume={182},
  number={2},
  pages={389--402},
  year={2019},
  publisher={Wiley Online Library},
  url = {https://doi.org/10.1111/rssa.12378}
}

@article{package_pROC,
    title = {pROC: An Open-Source Package for {R} and {S+} to Analyze and Compare {ROC} Curves},
    author = {Xavier Robin and Natacha Turck and Alexandre Hainard and Natalia Tiberti and Frédérique Lisacek and Jean-Charles Sanchez and Markus M{\"u}ller},
    year = {2011},
    journal = {BMC Bioinformatics},
    volume = {12},
    pages = {77},
    url = {https://doi.org/10.1186/1471-2105-12-77}
}

@Manual{package_npROCRegression,
    title = {{npROCRegression}: Kernel-Based Nonparametric ROC Regression Modelling},
    author = {Maria Xose Rodriguez-Alvarez and Javier Roca-Pardinas},
    year = {2017},
    note = {R package version 1.0-5},
    url = {https://CRAN.R-project.org/package=npROCRegression},
  }

@article{Perez2017,
  title={{ThresholdROC}: Optimum Threshold Estimation Tools for Continuous Diagnostic Tests in {R}},
  author={Perez Jaume, Sara and Skaltsa, Konstantina and Pallar{\`e}s, Nat{\`a}lia and Carrasco, Josep Llu{\'\i}s},
  journal={Journal of Statistical Software},
  year={2017},
   volume = {82},
   number={4},
    pages = {1--21},
  publisher={Foundation for Open Access Statistics},
  url = {https://doi.org/10.18637/jss.v082.i04}
}

@Manual{package_sROC,
    title = {{sROC}: Nonparametric Smooth {ROC} Curves for Continuous Data},
    author = {Xiao-Feng Wang},
    year = {2012},
    note = {R package version 0.1-2},
    url = {https://CRAN.R-project.org/package=sROC},
  }
  
  @article{Lopez2014,
  title={{OptimalCutpoints}: an {R} Package for Selecting Optimal Cutpoints in Diagnostic Tests},
  author={L{\'o}pez-Rat{\'o}n, M{\'o}nica and Rodr{\'\i}guez-{\'A}lvarez, Mar{\'\i}a Xos{\'e} and Cadarso-Su{\'a}rez, Carmen and Gude-Sampedro, Francisco},
  journal={Journal of Statistical Software},
  volume={61},
  number={8},
  pages={1--36},
  year={2014},
  url = {https://doi.org/10.18637/jss.v061.i08}
}

@article{Iorio2009,
  title={Bayesian Nonparametric Nonproportional Hazards Survival Modeling},
  author={De Iorio, Maria and Johnson, Wesley O and M{\"u}ller, Peter and Rosner, Gary L},
  journal={Biometrics},
  volume={65},
  number={3},
  pages={762--771},
  year={2009},
  publisher={Wiley Online Library},
  url = {https://doi.org/10.1111/j.1541-0420.2008.01166.x}
}

@article{Maceachern2000,
  title={Dependent {D}irichlet Processes},
  author={MacEachern, Steven N},
  journal={Unpublished manuscript, Department of Statistics, The Ohio State University},
  pages={1--40},
  year={2000}
}

@article{Celeux2006,
  title={Deviance Information Criteria for Missing Data Models},
  author={Celeux, Gilles and Forbes, Florence and Robert, Christian P and Titterington, D Mike},
  journal={Bayesian Analysis},
  volume={1},
  number={4},
  pages={651--673},
  year={2006},
  publisher={International Society for Bayesian Analysis},
  url = {https://doi.org/10.1214/06-BA122}
}

@article{Geisser1979,
  title={A Predictive Approach to Model Selection},
  author={Geisser, Seymour and Eddy, William F},
  journal={Journal of the American Statistical Association},
  volume={74},
  number={365},
  pages={153--160},
  year={1979},
  publisher={Taylor \& Francis Group},
  url = {https://doi.org/10.2307/2286745}
}

@article{Gelman2014,
  title={Understanding Predictive Information Criteria for {B}ayesian Models},
  author={Gelman, Andrew and Hwang, Jessica and Vehtari, Aki},
  journal={Statistics and Computing},
  volume={24},
  number={6},
  pages={997--1016},
  year={2014},
  publisher={Springer},
  url = {https://doi.org/10.1007/s11222-013-9416-2}
}

@article{Rosenberg1995,
  title={Hazard Function Estimation Using {B}-Splines},
  author={Rosenberg, Philip S},
  journal={Biometrics},
  volume={51},
  number={3},
  pages={874--887},
  year={1995},
  publisher={JSTOR},
  url = {https://doi.org/10.2307/2532989}
}

@article{Ishwaran2001,
  title={Gibbs Sampling Methods for Stick-Breaking Priors},
  author={Ishwaran, Hemant and James, Lancelot F},
  journal={Journal of the American Statistical Association},
  volume={96},
  number={453},
  pages={161--173},
  year={2001},
  publisher={Taylor \& Francis},
  url = {https://doi.org/10.1198/016214501750332758}
}

@article{Ishwaran2002,
  title={Approximate {D}irichlet Process Computing in Finite Normal Mixtures: Smoothing and Prior Information},
  author={Ishwaran, Hemant and James, Lancelot F},
  journal={Journal of Computational and Graphical Statistics},
  volume={11},
  number={3},
  pages={508--532},
  year={2002},
  publisher={Taylor \& Francis},
  url = {https://doi.org/10.1198/106186002411}
}

@book{Gelman2013,
  title={Bayesian Data Analysis},
  author={Gelman, Andrew and Carlin, John B and Stern, Hal S and Dunson, David B and Vehtari, Aki and Rubin, Donald B},
  year={2013},
  edition = {Third},
  publisher={Chapman and Hall/CRC}
}

@article{Hillis12,
title = "An Analytic Expression for the Binormal Partial Area under the {ROC} Curve",
journal = "Academic Radiology",
volume = "19",
number = "12",
pages = "1491 - 1498",
year = "2012",
author = "Stephen L. Hillis and Charles E. Metz",
url = {https://doi.org/10.1016/j.acra.2012.09.009}
}

@Manual{pbivnorm_package,
    title = {pbivnorm: Vectorized Bivariate Normal CDF},
    author = {Alan Genz and Brenton Kenkel},
    year = {2015},
    note = {R package version 0.6.0},
    url = {https://CRAN.R-project.org/package=pbivnorm},
}

@article{perez2018,
  title={ns{ROC}: An {R} package for non-standard {ROC} curve analysis},
  author={P{\'e}rez Fern{\'a}ndez, Sonia and Mart{\'\i}nez Camblor, Pablo and Filzmoser, Peter and Corral Blanco, Norberto},
  journal={The R Journal},
  volume = {10},
  number = {2},
  year={2018},
   url = {https://doi.org/10.32614/RJ-2018-043}
}

@article{Ferguson73,
  title={A {B}ayesian Analysis of Some Nonparametric Problems},
  author={Ferguson, Thomas S},
  journal={The Annals of Statistics},
  volume={1},
  number={2},
  pages={209--230},
  year={1973},
  publisher={JSTOR},
  url = {https://doi.org/10.1214/aos/1176342360}
}

@article{Shapiro99,
author = {David E Shapiro},
title ={The Interpretation of Diagnostic Tests},
journal = {Statistical Methods in Medical Research},
volume = {8},
number = {2},
pages = {113-134},
year = {1999},
url = {https://doi.org/10.1016/s0004-9514(14)60228-2}
}

@article {Zhong12,
author = {Guan, Zhong and Qin, Jing and Zhang, Biao},
title = {Information Borrowing Methods for Covariate-Adjusted {ROC} Curve},
journal = {Canadian Journal of Statistics},
volume = {40},
number = {3},
publisher = {John Wiley & Sons, Inc.},
pages = {569--587},
year = {2012},
url = {https://doi.org/10.1002/cjs.11145}
}

@article{Inacio2020,
	title={Statistical evaluation of medical tests},
	author={In{\'a}cio, Vanda and Rodr{\'\i}guez-{\'A}lvarez, Mar{\'\i}a Xos{\'e} and Gayoso-Diz, Pilar},
	journal={Annual Review of Statistics and Its Application},
	volume={8},
	year={2020},
	publisher={Annual Reviews},
	url = {https://doi.org/10.1146/annurev-statistics-040720-022432}
}

