%% This BibTeX bibliography file was created using BibDesk.
%% https://bibdesk.sourceforge.io/

%% Created for Eric Kawaguchi at 2020-05-19 13:32:58 -0700 


%% Saved with string encoding Unicode (UTF-8) 



@manual{fastcmprsk,
	Author = {Kawaguchi, Eric S.},
	Date-Added = {2019-09-23 09:22:31 -0700},
	Date-Modified = {2019-09-23 09:24:30 -0700},
	Note = {R package version 1.1.1},
	Title = {\pkg{fastcmprsk}: Fine-Gray Regerssion via Forward-Backward Scan},
	Url = {https://CRAN.R-project.org/package=fastcmprsk},
	Year = {2019},
	Bdsk-Url-1 = {https://CRAN.R-project.org/package=fastcmprsk}}

@article{kawaguchi2019scalable,
	Author = {Kawaguchi, Eric S. and Shen, Jenny I. and Suchard, Marc A. and Li, Gang},
	Date-Added = {2019-07-23 17:13:09 -0700},
	Date-Modified = {2020-05-19 13:32:57 -0700},
	Journal = {Journal of Computational and Graphical Statistics, accepted pending a minor revision},
	Title = {Scalable Algorithms for Large Competing Risks Data},
	Year = {2020}}

@article{ihaka1996,
	Author = {Ihaka, Ross and Gentleman, Robert},
	Date-Added = {2019-07-23 15:41:26 -0700},
	Date-Modified = {2019-07-23 15:41:32 -0700},
	Journal = {Journal of Computational and Graphical Statistics},
	Number = 3,
	Pages = {299--314},
	Title = {R: A Language for Data Analysis and Graphics},
	Url = {https://doi.org/10.1080/10618600.1996.10474713},
	Volume = 5,
	Year = 1996,
	Bdsk-Url-1 = {https://doi.org/10.1080/10618600.1996.10474713}}

@article{schuemie2018improving,
	Author = {Schuemie, Martijn J and Ryan, Patrick B and Hripcsak, George and Madigan, David and Suchard, Marc A},
	Date-Added = {2019-04-22 17:05:53 -0700},
	Date-Modified = {2019-04-22 17:06:10 -0700},
	Doi = {10.1098/rsta.2017.0356},
	Journal = {Philosophical Transactions of the Royal Society A: Mathematical, Physical and Engineering Sciences},
	Number = {2128},
	Pages = {20170356},
	Publisher = {The Royal Society Publishing},
	Title = {Improving reproducibility by using high-throughput observational studies with empirical calibration},
	Volume = {376},
	Year = {2018},
	Bdsk-Url-1 = {https://doi.org/10.1098/rsta.2017.0356}}

@article{hripcsak2015observational,
	Author = {Hripcsak, George and Duke, Jon D and Shah, Nigam H and Reich, Christian G and Huser, Vojtech and Schuemie, Martijn J and Suchard, Marc A and Park, Rae Woong and Wong, Ian Chi Kei and Rijnbeek, Peter R and others},
	Date-Added = {2019-04-05 16:23:08 -0700},
	Date-Modified = {2019-04-05 16:23:08 -0700},
	Journal = {Studies in Health Technology and Informatics},
	Pages = {574--578},
	Publisher = {NIH Public Access},
	Title = {Observational Health Data Sciences and Informatics (OHDSI): opportunities for observational researchers},
	Volume = {216},
	Year = {2015}}

@article{cox1972regression,
	Author = {Cox, David R},
	Date-Added = {2019-04-05 16:09:22 -0700},
	Date-Modified = {2019-04-05 16:09:22 -0700},
	Doi = {10.1007/978-1-4612-4380-9_37},
	Journal = {Journal of the Royal Statistical Society: Series B (Statistical Methodology)},
	Number = {2},
	Pages = {187--220},
	Publisher = {Wiley Online Library},
	Title = {Regression Models and Life-Tables},
	Volume = {34},
	Year = {1972},
	Bdsk-Url-1 = {https://doi.org/10.1007/978-1-4612-4380-9_37}}

@article{cox1975partial,
	Author = {Cox, David R},
	Date-Added = {2019-04-05 16:09:22 -0700},
	Date-Modified = {2019-04-05 16:09:22 -0700},
	Doi = {10.1093/biomet/62.2.269},
	Journal = {Biometrika},
	Number = {2},
	Pages = {269--276},
	Publisher = {Biometrika Trust},
	Title = {Partial likelihood},
	Volume = {62},
	Year = {1975},
	Bdsk-Url-1 = {https://doi.org/10.1093/biomet/62.2.269}}

@manual{cmprsk,
	Author = {Bob Gray},
	Date-Added = {2019-04-03 11:48:51 -0700},
	Date-Modified = {2019-07-23 14:18:46 -0700},
	Note = {R package version 2.2-7},
	Title = {\pkg{cmprsk}: Subdistribution Analysis of Competing Risks},
	Url = {https://CRAN.R-project.org/package=cmprsk},
	Year = {2014},
	Bdsk-Url-1 = {https://CRAN.R-project.org/package=cmprsk}}

@manual{crrp,
	Author = {Fu, Zhixuan},
	Date-Added = {2019-04-03 11:44:15 -0700},
	Date-Modified = {2019-07-23 14:18:51 -0700},
	Note = {R package version 1.0},
	Title = {\pkg{crrp}: Penalized Variable Selection in Competing Risks Regression},
	Url = {https://CRAN.R-project.org/package=crrp},
	Year = {2016},
	Bdsk-Url-1 = {https://CRAN.R-project.org/package=crrp}}

@manual{doParallel,
	Author = {Calaway, Rich and Weston, Steve and Tenenbaum, Dan},
	Date-Added = {2019-04-03 11:40:56 -0700},
	Date-Modified = {2019-04-03 12:08:29 -0700},
	Note = {R package version 1.0.14},
	Title = {\pkg{doParallel}: Foreach Parallel Adaptor for the 'parallel' Package},
	Url = {https://CRAN.R-project.org/package=doParallel},
	Year = {2019},
	Bdsk-Url-1 = {https://CRAN.R-project.org/package=doParallel}}

@manual{riskRegression,
	Author = {Gerds, Thomas A. and Blanche, Paul and Morgensen, Ulla B. and Ozenne Brice},
	Date-Added = {2019-04-03 11:40:55 -0700},
	Date-Modified = {2019-04-03 12:09:44 -0700},
	Note = {R package version 2019.01.29},
	Title = {\pkg{riskRegression}: Risk Regression Models and Prediction Scores for Survival Analysis with Competing Risks},
	Url = {https://CRAN.R-project.org/package=riskRegression},
	Year = {2019},
	Bdsk-Url-1 = {https://CRAN.R-project.org/package=riskRegression}}

@manual{timereg,
	Author = {Scheike, Thomas},
	Date-Added = {2019-04-03 11:38:28 -0700},
	Date-Modified = {2019-04-03 12:09:18 -0700},
	Note = {R package version 1.9.3},
	Title = {\pkg{timereg}: Flexible Regression Models for Survival Data},
	Url = {https://CRAN.R-project.org/package=timereg},
	Year = {2019},
	Bdsk-Url-1 = {https://CRAN.R-project.org/package=timereg}}

@manual{crrSC,
	Author = {Zhou, Bingqing and Latouche, Aurelien},
	Date-Added = {2019-04-03 11:38:28 -0700},
	Date-Modified = {2019-04-03 12:08:48 -0700},
	Note = {R package version 1.1},
	Title = {\pkg{crrSC}: Competing risks regression for Stratified and Clustered data},
	Url = {https://CRAN.R-project.org/package=crrSC},
	Year = {2013},
	Bdsk-Url-1 = {https://CRAN.R-project.org/package=crrSC}}

@manual{crrstep,
	Author = {Varadhan, Ravi and Kuk, Deborah},
	Date-Added = {2019-04-03 11:35:46 -0700},
	Date-Modified = {2019-04-03 12:08:39 -0700},
	Note = {R package version 2015-2.1},
	Title = {\pkg{crrstep}: Stepwise Covariate Selection for the Fine \& Gray Competing Risks Regression Model},
	Url = {https://CRAN.R-project.org/package=crrstep},
	Year = {2015},
	Bdsk-Url-1 = {https://CRAN.R-project.org/package=crrstep}}

@article{gerds2012absolute,
	Author = {Gerds, Thomas A and Scheike, Thomas H and Andersen, Per K},
	Date-Added = {2019-04-03 11:16:41 -0700},
	Date-Modified = {2019-04-03 11:17:02 -0700},
	Doi = {10.1002/sim.5459},
	Journal = {Statistics in Medicine},
	Number = {29},
	Pages = {3921--3930},
	Publisher = {Wiley Online Library},
	Title = {Absolute risk regression for competing risks: interpretation, link functions, and prediction},
	Volume = {31},
	Year = {2012},
	Bdsk-Url-1 = {https://doi.org/10.1002/sim.5459}}

@article{fan2013tuning,
	Author = {Fan, Yingying and Tang, Cheng Yong},
	Date-Added = {2019-04-03 10:57:39 -0700},
	Date-Modified = {2019-04-03 10:58:42 -0700},
	Doi = {10.1111/rssb.12001},
	Journal = {Journal of the Royal Statistical Society: Series B (Statistical Methodology)},
	Number = {3},
	Pages = {531--552},
	Title = {Tuning parameter selection in high dimensional penalized likelihood},
	Volume = {75},
	Year = {2013},
	Bdsk-Url-1 = {https://doi.org/10.1111/rssb.12001}}

@article{wang2011consistent,
	Author = {Wang, Tao and Zhu, Lixing},
	Date-Added = {2019-04-03 10:55:02 -0700},
	Date-Modified = {2019-04-03 10:56:04 -0700},
	Doi = {10.1016/j.jmva.2011.03.007},
	Journal = {Journal of Multivariate Analysis},
	Number = {7},
	Pages = {1141--1151},
	Title = {Consistent tuning parameter selection in high dimensional sparse linear regression},
	Volume = {102},
	Year = {2011},
	Bdsk-Url-1 = {https://doi.org/10.1016/j.jmva.2011.03.007}}

@article{efron1979bootstrap,
	Author = {Efron, B},
	Date-Added = {2019-04-02 11:20:05 -0700},
	Date-Modified = {2019-04-02 11:57:37 -0700},
	Doi = {10.1214/aos/1176344552},
	Journal = {The Annals of Statistics},
	Number = {1},
	Pages = {1--26},
	Publisher = {JSTOR},
	Title = {Bootstrap Methods: Another Look at the Jackknife},
	Volume = {7},
	Year = {1979},
	Bdsk-Url-1 = {https://doi.org/10.1214/aos/1176344552}}

@manual{survival,
	Author = {Therneau, Terry M and Lumley, Thomas},
	Date-Added = {2019-04-02 11:07:54 -0700},
	Date-Modified = {2019-04-03 12:09:26 -0700},
	Note = {R package version 2.44-1.1},
	Title = {\pkg{survival:} Survival Analysis},
	Url = {https://CRAN.R-project.org/package=survival},
	Year = {2019},
	Bdsk-Url-1 = {https://CRAN.R-project.org/package=survival}}

@article{scheike2011analyzing,
	Author = {Scheike, Thomas H and Zhang, Mei-Jie},
	Date-Added = {2019-03-25 14:54:43 -0700},
	Date-Modified = {2019-04-02 12:54:16 -0700},
	Doi = {10.18637/jss.v038.i02},
	Journal = {Journal of Statistical Software},
	Number = {2},
	Publisher = {NIH Public Access},
	Title = {Analyzing competing risk data using the R timereg package},
	Volume = {38},
	Year = {2011},
	Bdsk-Url-1 = {https://doi.org/10.18637/jss.v038.i02}}

@manual{Rproglang,
	Address = {Vienna, Austria},
	Author = {R Development Core Team},
	Date-Added = {2019-03-18 11:40:50 -0700},
	Date-Modified = {2019-03-25 14:01:23 -0700},
	Organization = {R Foundation for Statistical Computing},
	Title = {R: A Language and Environment for Statistical Computing},
	Year = {2019}}

@article{zhou2012competing,
	Author = {Zhou, Bingqing and Fine, Jason and Latouche, Aurelien and Labopin, Myriam},
	Date-Added = {2019-02-14 16:59:16 -0800},
	Date-Modified = {2019-04-02 12:23:44 -0700},
	Doi = {10.1093/biostatistics/kxr032},
	Journal = {Biostatistics},
	Number = {3},
	Pages = {371--383},
	Publisher = {Oxford University Press},
	Title = {Competing risks regression for clustered data},
	Volume = {13},
	Year = {2012},
	Bdsk-Url-1 = {https://doi.org/10.1093/biostatistics/kxr032}}

@article{zhou2011competing,
	Author = {Zhou, Bingqing and Latouche, Aurelien and Rocha, Vanderson and Fine, Jason},
	Date-Added = {2019-02-14 16:58:46 -0800},
	Date-Modified = {2019-04-02 12:21:48 -0700},
	Doi = {10.1111/j.1541-0420.2010.01493.x},
	Journal = {Biometrics},
	Number = {2},
	Pages = {661--670},
	Publisher = {Wiley Online Library},
	Title = {Competing risks regression for stratified data},
	Volume = {67},
	Year = {2011},
	Bdsk-Url-1 = {https://doi.org/10.1111/j.1541-0420.2010.01493.x}}

@article{wolbers2009prognostic,
	Author = {Wolbers, Marcel and Koller, Michael T and Witteman, Jacqueline CM and Steyerberg, Ewout W},
	Date-Added = {2018-11-27 16:29:36 -0800},
	Date-Modified = {2019-04-02 12:48:09 -0700},
	Doi = {10.1097/EDE.0b013e3181a39056},
	Journal = {Epidemiology},
	Number = {4},
	Pages = {555--561},
	Publisher = {JSTOR},
	Title = {Prognostic models with competing risks: methods and application to coronary risk prediction},
	Volume = {20},
	Year = {2009},
	Bdsk-Url-1 = {https://doi.org/10.1097/EDE.0b013e3181a39056}}

@article{fan2001variable,
	Author = {Fan, Jianqing and Li, Runze},
	Date-Added = {2018-11-13 14:43:43 -0800},
	Date-Modified = {2019-04-02 11:59:19 -0700},
	Doi = {10.1198/016214501753382273},
	Journal = {Journal of the American Statistical Association},
	Number = {456},
	Pages = {1348--1360},
	Publisher = {Taylor \& Francis},
	Title = {Variable selection via nonconcave penalized likelihood and its oracle properties},
	Volume = {96},
	Year = {2001},
	Bdsk-Url-1 = {https://doi.org/10.1198/016214501753382273}}

@article{hoerl1970ridge,
	Author = {Hoerl, Arthur E and Kennard, Robert W},
	Date-Added = {2018-11-13 14:43:43 -0800},
	Date-Modified = {2019-04-02 12:33:21 -0700},
	Doi = {10.1080/00401706.1970.10488634},
	Journal = {Technometrics},
	Number = {1},
	Pages = {55--67},
	Publisher = {Taylor \& Francis Group},
	Title = {Ridge regression: Biased estimation for nonorthogonal problems},
	Volume = {12},
	Year = {1970},
	Bdsk-Url-1 = {https://doi.org/10.1080/00401706.1970.10488634}}

@article{mittal2013high,
	Author = {Mittal, Sushil and Madigan, David and Burd, Randall S and Suchard, Marc A},
	Date-Added = {2018-11-13 14:43:43 -0800},
	Date-Modified = {2019-04-03 09:55:41 -0700},
	Doi = {10.1093/biostatistics/kxt043},
	Journal = {Biostatistics},
	Number = {2},
	Pages = {207--221},
	Publisher = {Oxford University Press},
	Title = {High-dimensional, massive sample-size Cox proportional hazards regression for survival analysis},
	Volume = {15},
	Year = {2014},
	Bdsk-Url-1 = {https://doi.org/10.1093/biostatistics/kxt043}}

@article{mittal2013large,
	Author = {Mittal, Sushil and Madigan, David and Cheng, Jerry Q and Burd, Randall S},
	Date-Added = {2018-11-13 14:43:43 -0800},
	Date-Modified = {2018-11-13 14:43:43 -0800},
	Journal = {Statistics in Medicine},
	Number = {23},
	Pages = {3955--3971},
	Publisher = {Wiley Online Library},
	Title = {Large-scale parametric survival analysis},
	Volume = {32},
	Year = {2013}}

@article{ni2016variable,
	Author = {Ni, Ai and Cai, Jianwen and Zeng, Donglin},
	Date-Added = {2018-11-13 14:43:43 -0800},
	Date-Modified = {2018-11-13 14:43:43 -0800},
	Journal = {Biometrika},
	Number = {3},
	Pages = {547--562},
	Publisher = {Oxford University Press},
	Title = {Variable selection for case-cohort studies with failure time outcome},
	Volume = {103},
	Year = {2016}}

@article{schwarz1978estimating,
	Author = {Schwarz, Gideon},
	Date-Added = {2018-11-13 14:43:43 -0800},
	Date-Modified = {2019-04-22 17:09:39 -0700},
	Doi = {10.1214/aos/1176344136},
	Journal = {The Annals of Statistics},
	Number = {2},
	Pages = {461--464},
	Publisher = {Institute of Mathematical Statistics},
	Rating = {0},
	Title = {Estimating the dimension of a model},
	Volume = {6},
	Year = {1978},
	Bdsk-Url-1 = {doi:10.1214/aos/1176344136}}

@article{simon2011regularization,
	Author = {Simon, Noah and Friedman, Jerome and Hastie, Trevor and Tibshirani, Rob},
	Date-Added = {2018-11-13 14:43:43 -0800},
	Date-Modified = {2018-11-13 14:43:43 -0800},
	Journal = {Journal of Statistical Software},
	Number = {5},
	Pages = {1},
	Publisher = {NIH Public Access},
	Title = {Regularization paths for Cox's proportional hazards model via coordinate descent},
	Volume = {39},
	Year = {2011}}

@article{tibshirani1996regression,
	Author = {Tibshirani, Robert},
	Date-Added = {2018-11-13 14:43:43 -0800},
	Date-Modified = {2019-04-02 12:49:50 -0700},
	Doi = {10.1.1.35.7574},
	Journal = {Journal of the Royal Statistical Society: Series B (Statistical Methodology)},
	Number = {1},
	Pages = {267--288},
	Publisher = {JSTOR},
	Title = {Regression shrinkage and selection via the lasso},
	Volume = {58},
	Year = {1996},
	Bdsk-Url-1 = {https://doi.org/10.1.1.35.7574}}

@article{zhang2010nearly,
	Author = {Zhang, Cun-Hui},
	Date-Added = {2018-11-13 14:43:43 -0800},
	Date-Modified = {2019-04-02 12:26:41 -0700},
	Doi = {10.1214/09-aos729},
	Journal = {The Annals of Statistics},
	Number = {2},
	Pages = {894--942},
	Publisher = {Institute of Mathematical Statistics},
	Title = {Nearly unbiased variable selection under minimax concave penalty},
	Volume = {38},
	Year = {2010},
	Bdsk-Url-1 = {https://doi.org/10.1214/09-aos729}}

@article{zou2005regularization,
	Author = {Zou, Hui and Hastie, Trevor},
	Date-Added = {2018-11-13 14:43:43 -0800},
	Date-Modified = {2018-11-13 14:43:43 -0800},
	Journal = {Journal of the Royal Statistical Society: Series B (Statistical Methodology)},
	Number = {2},
	Pages = {301--320},
	Publisher = {Wiley Online Library},
	Title = {Regularization and variable selection via the elastic net},
	Volume = {67},
	Year = {2005}}

@article{zou2006adaptive,
	Author = {Zou, Hui},
	Date-Added = {2018-11-09 14:33:45 -0800},
	Date-Modified = {2019-04-02 12:19:21 -0700},
	Doi = {10.1198/016214506000000735},
	Journal = {Journal of the American Statistical Association},
	Number = {476},
	Pages = {1418--1429},
	Publisher = {Taylor \& Francis},
	Title = {The adaptive lasso and its oracle properties},
	Volume = {101},
	Year = {2006},
	Bdsk-Url-1 = {https://doi.org/10.1198/016214506000000735}}

@article{purnell2016reduced,
	Author = {Purnell, Tanjala S and Luo, Xun and Kucirka, Lauren M and Cooper, Lisa A and Crews, Deidra C and Massie, Allan B and Boulware, L Ebony and Segev, Dorry L},
	Date-Added = {2018-10-22 15:20:14 -0700},
	Date-Modified = {2019-04-02 12:56:04 -0700},
	Doi = {10.1681/ASN.2015030293},
	Journal = {Journal of the American Society of Nephrology},
	Number = {8},
	Pages = {2511--2518},
	Publisher = {Am Soc Nephrol},
	Title = {Reduced racial disparity in kidney transplant outcomes in the United States from 1990 to 2012},
	Volume = {27},
	Year = {2016},
	Bdsk-Url-1 = {https://doi.org/10.1681/ASN.2015030293}}

@article{wolfe1999comparison,
	Author = {Wolfe, Robert A and Ashby, Valarie B and Milford, Edgar L and Ojo, Akinlolu O and Ettenger, Robert E and Agodoa, Lawrence YC and Held, Philip J and Port, Friedrich K},
	Date-Added = {2018-10-22 15:13:25 -0700},
	Date-Modified = {2019-04-02 12:35:05 -0700},
	Doi = {10.1056/NEJM199912023412303},
	Journal = {New England Journal of Medicine},
	Number = {23},
	Pages = {1725--1730},
	Publisher = {Mass Medical Soc},
	Title = {Comparison of mortality in all patients on dialysis, patients on dialysis awaiting transplantation, and recipients of a first cadaveric transplant},
	Volume = {341},
	Year = {1999},
	Bdsk-Url-1 = {https://doi.org/10.1056/NEJM199912023412303}}

@article{ni2018tuning,
	Author = {Ni, Ai and Cai, Jianwen},
	Date-Added = {2018-08-15 13:48:03 -0700},
	Date-Modified = {2019-04-03 10:56:39 -0700},
	Doi = {10.1111/sjos.12313},
	Journal = {Scandinavian Journal of Statistics},
	Number = {3},
	Pages = {557--570},
	Publisher = {Wiley Online Library},
	Title = {Tuning Parameter Selection in Cox Proportional Hazards Model with a Diverging Number of Parameters},
	Volume = {45},
	Year = {2018},
	Bdsk-Url-1 = {https://doi.org/10.1111/sjos.12313}}

@article{zhang2010regularization,
	Author = {Zhang, Yiyun and Li, Runze and Tsai, Chih-Ling},
	Date-Added = {2018-08-15 13:45:25 -0700},
	Date-Modified = {2019-04-02 12:24:30 -0700},
	Doi = {10.1198/jasa.2009.tm08013},
	Journal = {Journal of the American Statistical Association},
	Number = {489},
	Pages = {312--323},
	Publisher = {Taylor \& Francis},
	Title = {Regularization parameter selections via generalized information criterion},
	Volume = {105},
	Year = {2010},
	Bdsk-Url-1 = {https://doi.org/10.1198/jasa.2009.tm08013}}

@article{wang2007tuning,
	Author = {Wang, Hansheng and Li, Runze and Tsai, Chih-Ling},
	Date-Added = {2018-08-15 13:45:25 -0700},
	Date-Modified = {2019-04-02 12:48:47 -0700},
	Doi = {10.1093/biomet/asm053},
	Journal = {Biometrika},
	Number = {3},
	Pages = {553--568},
	Publisher = {Oxford University Press},
	Title = {Tuning parameter selectors for the smoothly clipped absolute deviation method},
	Volume = {94},
	Year = {2007},
	Bdsk-Url-1 = {https://doi.org/10.1093/biomet/asm053}}

@incollection{robins1992recovery,
	Author = {Robins, James M and Rotnitzky, Andrea},
	Booktitle = {AIDS epidemiology},
	Date-Added = {2018-08-15 12:33:17 -0700},
	Date-Modified = {2019-04-02 12:54:58 -0700},
	Doi = {10.1007/978-1-4757-1229-2_14},
	Pages = {297--331},
	Publisher = {Springer},
	Title = {Recovery of information and adjustment for dependent censoring using surrogate markers},
	Year = {1992},
	Bdsk-Url-1 = {https://doi.org/10.1007/978-1-4757-1229-2_14}}

@article{kuk2013model,
	Author = {Kuk, Deborah and Varadhan, Ravi},
	Date-Added = {2018-08-15 10:32:28 -0700},
	Date-Modified = {2019-04-02 13:05:46 -0700},
	Doi = {10.1002/sim.5762},
	Journal = {Statistics in Medicine},
	Number = {18},
	Pages = {3077--3088},
	Publisher = {Wiley Online Library},
	Title = {Model selection in competing risks regression},
	Volume = {32},
	Year = {2013},
	Bdsk-Url-1 = {https://doi.org/10.1002/sim.5762}}

@article{fu2017penalized,
	Author = {Fu, Zhixuan and Parikh, Chirag R and Zhou, Bingqing},
	Date-Added = {2018-08-08 15:31:21 -0700},
	Date-Modified = {2019-04-02 12:05:08 -0700},
	Doi = {10.1007/s10985-016-9362-3},
	Journal = {Lifetime Data Analysis},
	Number = {3},
	Pages = {353--376},
	Publisher = {Springer},
	Title = {Penalized variable selection in competing risks regression},
	Volume = {23},
	Year = {2017},
	Bdsk-Url-1 = {https://doi.org/10.1007/s10985-016-9362-3}}

@article{gray1988class,
	Author = {Gray, Robert J},
	Date-Added = {2018-08-08 15:28:44 -0700},
	Date-Modified = {2019-04-02 12:29:56 -0700},
	Doi = {10.1214/aos/1176350951},
	Journal = {The Annals of Statistics},
	Number = {3},
	Pages = {1141--1154},
	Publisher = {JSTOR},
	Title = {A class of K-sample tests for comparing the cumulative incidence of a competing risk},
	Volume = {16},
	Year = {1988},
	Bdsk-Url-1 = {https://doi.org/10.1214/aos/1176350951}}

@article{fine1999proportional,
	Author = {Fine, Jason P and Gray, Robert J},
	Date-Added = {2018-08-08 15:27:04 -0700},
	Date-Modified = {2019-04-02 12:03:49 -0700},
	Doi = {10.1080/01621459.1999.10474144},
	Journal = {Journal of the American Statistical Association},
	Number = {446},
	Pages = {496--509},
	Publisher = {Taylor \& Francis},
	Title = {A proportional hazards model for the subdistribution of a competing risk},
	Volume = {94},
	Year = {1999},
	Bdsk-Url-1 = {https://doi.org/10.1080/01621459.1999.10474144}}

@article{craven1978smoothing,
	Abstract = {Smoothing splines are well known to provide nice curves which smooth discrete, noisy data. We obtain a practical, effective method for estimating the optimum amount of smoothing from the data. Derivatives can be estimated from the data by differentiating the resulting (nearly) optimally smoothed spline.},
	Author = {Craven, Peter and Wahba, Grace},
	Date-Added = {2018-07-04 20:08:47 +0000},
	Date-Modified = {2019-04-02 11:56:49 -0700},
	Day = {01},
	Doi = {10.1007/BF01404567},
	Issn = {0945-3245},
	Journal = {Numerische Mathematik},
	Month = {Dec},
	Number = {4},
	Pages = {377--403},
	Title = {Smoothing noisy data with spline functions},
	Volume = {31},
	Year = {1978},
	Bdsk-Url-1 = {https://doi.org/10.1007/BF01404567}}

@article{breslow1974covariance,
	Author = {Breslow, Norman},
	Date-Modified = {2019-04-02 11:51:21 -0700},
	Doi = {10.2307/2529620},
	Journal = {Biometrics},
	Number = {1},
	Pages = {89--99},
	Publisher = {JSTOR},
	Title = {Covariance analysis of censored survival data},
	Volume = {30},
	Year = {1974},
	Bdsk-Url-1 = {https://doi.org/10.2307/2529620}}

@article{suchard2013massive,
	Author = {Suchard, Marc A and Simpson, Shawn E and Zorych, Ivan and Ryan, Patrick and Madigan, David},
	Date-Modified = {2019-04-02 12:51:05 -0700},
	Doi = {10.1145/2414416.2414791},
	Journal = {ACM Transactions on Modeling and Computer Simulation},
	Number = {1},
	Pages = {10},
	Publisher = {ACM},
	Title = {Massive parallelization of serial inference algorithms for a complex generalized linear model},
	Volume = {23},
	Year = {2013},
	Bdsk-Url-1 = {https://doi.org/10.1145/2414416.2414791}}

@article{breheny2011coordinate,
  title={Coordinate descent algorithms for nonconvex penalized regression, with applications to biological feature selection},
  author={Breheny, Patrick and Huang, Jian},
  journal={The Annals of Applied Statistics},
  volume={5},
  number={1},
  pages={232},
  year={2011},
  publisher={NIH Public Access}
}

@article{akaike1974new,
  title={A new look at the statistical model identification},
  author={Akaike, Hirotugu},
  journal={IEEE Transactions on Automatic Control},
  volume={19},
  number={6},
  pages={716--723},
  year={1974},
  publisher={Ieee}
}
