@book{agresti2010analysis,
  	title = {Analysis of ordinal categorical data},
  	author = {Agresti, Alan},
  	edition = {Second},
  	year = {2010},
  	publisher = {John Wiley \& Sons},
  	url = {https://doi.org/10.1002/9780470594001}
}

@article{akaike1974new,
  	title = {A new look at the statistical model identification},
  	author = {Akaike, Hirotugu},
  	journal = {IEEE Transactions on Automatic Control},
  	volume = {19},
  	number = {6},
  	pages = {716--723},
  	year = {1974},
 	publisher = {IEEE},
  	url = {https://doi.org/10.1109/TAC.1974.1100705}
}

@article{andrich1978rating,
  	title = {A rating formulation for ordered response categories},
  	author = {Andrich, David},
  	journal = {Psychometrika},
  	volume = {43},
  	number = {4},
  	pages = {561--573},
  	year = {1978},
  	url = {https://doi.org/10.1007/BF02293814}
}

@Manual{berger2019diftree,
    title = {{DIFtree}: {I}tem focussed trees for the identification of items in differential item functioning},
    author = {Moritz Berger},
    year = {2019},
    note = {R package version 3.1.4},
    url = {https://CRAN.R-project.org/package=DIFtree},
}

@Article{chalmers2012mirt,
    title = {{mirt}: A multidimensional item response theory package for the {R} environment},
    author = {R. Philip Chalmers},
    journal = {Journal of Statistical Software},
    year = {2012},
    volume = {48},
    number = {6},
    pages = {1--29},
    url = {https://doi.org/10.18637/jss.v048.i06}
}
 
@Manual{choi2016lordif,
  	title = {{lordif}: {L}ogistic ordinal regression differential item functioning using {IRT}},
  	author = {Seung W. Choi and Laura E. Gibbons and Paul K. Crane},
	year = {2016},
 	note = {R package version 0.3-3},
  	url = {https://CRAN.R-project.org/package=lordif},
}

@article{dennis1981adaptive,
	author = {Dennis, John E Jr and Gay, David M and Welsch, Roy E},
	url = {https://doi.org/10.1145/355958.355965},
	journal = {Transactions on Mathematical Software},
	number = {3},
	pages = {348--368},
	title = {An adaptive nonlinear least-squares algorithm},
	volume = {7},
	year = {1981}
}

@article{drabinova2017detection,
  	title = {Detection of differential item functioning with nonlinear regression: A non-{IRT} approach accounting for guessing},
  	author = {Drabinov{\'a}, Ad{\'e}la and Martinkov{\'a}, Patr{\'\i}cia},
  	journal = {Journal of Educational Measurement},
  	volume = {54},
  	number = {4},
  	pages = {498--517},
  	year = {2017},
  	publisher = {Wiley Online Library},
  	url = {https://doi.org/10.1111/jedm.12158}
}

@article{green1989method,
  	title = {A method for studying differential distractor functioning},
  	author = {Green, Bert F and Crone, Carolyn R and Folk, Valerie Greaud},
  	journal = {Journal of Educational Measurement},
  	volume = {26},
  	number = {2},
  	pages = {147--160},
  	year = {1989},
  	publisher = {Wiley Online Library},
  	url = {https://doi.org/10.1111/j.1745-3984.1989.tb00325.x}
}

@article{holm1979simple,
  	title = {A simple sequentially rejective multiple test procedure},
  	author = {Holm, Sture},
  	journal = {Scandinavian Journal of Statistics},
  	pages = {65--70},
  	volume={6},
  	issue={2},
  	year = {1979}
}

@article{kim2013effect,
	author = {Kim, Jihye and Oshima, TC},
	journal = {Educational and Psychological Measurement},
	number = {3},
	pages = {458--470},
	title = {Effect of multiple testing adjustment in differential item functioning detection},
	volume = {73},
	year = {2013},
	url = {https://doi.org/10.1177/0013164412467033}
}

@book{lord1980applications,
	author = {Lord, Frederic M.},
	title = {Applications of item response theory to practical testing problems},
	edition = {First},
	publisher = {Routledge}, 
	address = {New York, NY},
	year = {1980}
}

@Manual{ma2019gdina,
    title = {{GDINA: The generalized DINA model framework}},
    author = {Ma, W and de la Torre, J},
    year = {2019},
    note = {R package version 2.7},
    url = {https://CRAN.R-project.org/package=GDINA},
}
  
@article{magis2010difr,
    title = {A general framework and an {R} package for the detection of dichotomous differential item functioning},
    author = {D. Magis and S. Beland and F. Tuerlinckx and P. {De Boeck}},
    journal = {Behavior Research Methods},
    year = {2010},
    volume = {42},
    pages = {847--862},
    url = {https://doi.org/10.3758/BRM.42.3.847}
}

@article{mantel1959statistical,
	title = {Statistical aspects of the analysis of data from retrospective studies},
	author = {Mantel, Nathan and Haenszel, William},
	journal = {Journal of the National Cancer Institute},
	volume = {22},
	number = {4},
	pages = {719--748},
	year = {1959},
	url = {https://doi.org/10.1093/jnci/22.4.719}		
}

@article{marco1977item,
	title = {Item characteristic curve solutions to three intractable testing problems},
	author = {Marco, Gary L},
	journal = {Journal of Educational Measurement},
	volume = {14},
	number = {2},
	pages = {139--160},
	year = {1977},
	publisher = {Wiley Online Library},
	url = {https://doi.org/10.1111/j.1745-3984.1977.tb00033.x}
}

@article{martinkova2017checking,
  	title = {Checking equity: Why differential item functioning analysis should be a routine part of developing conceptual assessments},
  	author = {Martinkov{\'a}, Patr{\'\i}cia and Drabinov{\'a}, Ad{\'e}la and Liaw, Yuan-Ling and Sanders, Elizabeth A and McFarland, Jenny L and Price, Rebecca M},
  	journal = {CBE-Life Sciences Education},
  	volume = {16},
  	number = {2},
  	pages = {rm2},
  	year = {2017},
  	publisher = {Am Soc Cell Biol},
  	url = {https://doi.org/10.1187/cbe.16-10-0307}
}

@Manual{shinyitemanalysis2020,
  	title = {{ShinyItemAnalysis}: {T}est and item analysis via shiny},
  	author = {Patrícia Martinková and Adéla Hladká},
  	year = {2020},
  	note = {R package version 1.3.3},
  	url = {https://CRAN.R-project.org/package=ShinyItemAnalysis},
}

@article{martinkova2018shinyitemanalysis,  
 	author = {Patrícia Martinková and Adéla Drabinová},
  	title = {{ShinyItemAnalysis} for teaching psychometrics and to enforce routine analysis of educational tests},
  	year = {2018},
  	journal = {{The R Journal}},
  	url = {https://doi.org/10.32614/RJ-2018-074},
  	pages = {503--515},
  	volume = {10},
  	number = {2}
}

@article{martinkova2020academic,
  title={Is academic tracking related to gains in learning competence? {Using} propensity score matching and differential item change functioning analysis for better understanding of tracking implications},
  author={Martinkov{\'a}, Patr{\'\i}cia and Hladk{\'a}, Ad{\'e}la and Potu{\v{z}}n{\'\i}kov{\'a}, Eva},
  journal={Learning and Instruction},
  volume={66},
  pages={101286},
  url={https://doi.org/10.1016/j.learninstruc.2019.101286},
  year={2020}
}

@article{muraki1992generalized,
  	title = {A generalized partial credit model: {A}pplication of an {EM} algorithm},
  	author = {Muraki, Eiji},
  	journal = {ETS Research Report Series},
  	volume = {1992},
  	number = {1},
  	pages = {i--30},
  	year = {1992},
	url = {https://doi.org/10.1002/j.2333-8504.1992.tb01436.x}
}

@incollection{penfield2006dif,
  	title = {Differential item functioning and item bias},
  	series = {Handbook of Statistics},
  	booktitle = {Psychometrics},
  	author = {Penfield, Randall D and Camilli, Gregory},
  	editor = {Rao, C R and Sinharay, Sandip},
  	volume = {26},
  	pages = {125--167},
  	year = {2006},
  	publisher = {Elsevier},
  	url = {https://doi.org/10.1016/S0169-7161(06)26005-X}
}

@book{rasch1993probabilistic,
  	title = {Probabilistic models for some intelligence and attainment tests},
  	author = {Rasch, Georg},
  	year = {1993},
  	publisher = {MESA Press}
}

@book{ritz2008nonlinear,
	author = {Ritz, Christian and Streibig, Jens Carl},
	publisher = {Springer, New York, NY},
	title = {Nonlinear regression with {R}},
	year = {2008},
	url = {https://doi.org/10.1007/978-0-387-09616-2}
}

@article{samejima1969estimation,
  	title = {Estimation of latent ability using a response pattern of graded scores},
  	author = {Samejima, Fumiko},
  	journal = {Psychometrika},
  	volume = {34},
  	number = {Suppl 1},
  	year = {1969},
  	url = {https://doi.org/10.1007/BF03372160}
}

@Manual{seung2016lordif,
    title = {lordif: Logistic ordinal regression differential item functioning using
{IRT}},
    author = {Seung W. Choi and with contributions from Laura E. Gibbons and Paul K. Crane},
    year = {2016},
    note = {R package version 0.3-3},
    url = {https://CRAN.R-project.org/package=lordif},
}

@article{schwarz1978estimating,
  	title = {Estimating the dimension of a model},
  	author = {Schwarz, Gideon and others},
  	journal = {The Annals of Statistics},
  	volume = {6},
  	number = {2},
  	pages = {461--464},
  	year = {1978},
  	publisher = {Institute of Mathematical Statistics},
  	url = {https://doi.org/10.1214/aos/1176344136}
}

@Manual{schauberger2017diflasso,
  	title = {{DIFlasso}: {A} penalty approach to differential item functioning in {Rasch} models},
  	author = {Gunther Schauberger},
  	year = {2017},
  	note = {R package version 1.0-3},
  	url = {https://CRAN.R-project.org/package=DIFlasso},
}

@Manual{schauberger2016difboost,
    title = {{DIFboost}: {D}etection of differential item functioning ({DIF}) in {R}asch models
by boosting techniques},
    author = {Gunther Schauberger},
    year = {2016},
    note = {R package version 0.2},
    url = {https://CRAN.R-project.org/package=DIFboost},
}
  
@article{strobl2015rasch,
  title={Rasch trees: A new method for detecting differential item functioning in the {Rasch} model},
  author={Strobl, Carolin and Kopf, Julia and Zeileis, Achim},
  journal={Psychometrika},
  volume={80},
  number={2},
  pages={289--316},
  year={2015},
  publisher={Springer},
  url={https://doi.org/10.1007/s11336-013-9388-3}
}
  
@article{swaminathan1990detecting,
	author = {Swaminathan, Hariharan and Rogers, H Jane},
	url = {https://doi.org/10.1111/j.1745-3984.1990.tb00754.x},
	journal = {Journal of Educational Measurement},
	number = {4},
	pages = {361--370},
	title = {Detecting differential item functioning using logistic regression procedures},
	volume = {27},
	year = {1990}
}

@Book{venables2002modern,
    title = {Modern applied statistics with {S}},
    author = {W. N. Venables and B. D. Ripley},
    publisher = {Springer},
    edition = {Fourth},
    address = {New York},
    year = {2002},
    url = {https://doi.org/10.1007/978-0-387-21706-2}
}

@Book{wickham2016ggplot2,
    author = {Hadley Wickham},
    title = {{ggplot2}: Elegant graphics for data analysis},
    publisher = {Springer-Verlag New York},
    edition = {Second},
    year = {2016},
    url = {https://ggplot2.tidyverse.org},
}
  
@article{yee2010vgam,
  	author = {Thomas Yee},
   	title = {The {VGAM} package for categorical data analysis},
   	journal = {Journal of Statistical Software},
   	volume = {32},
   	number = {10},
   	year = {2010},
   	pages = {1--34},
    url = {https://doi.org/10.18637/jss.v032.i10}
}