
%%  B     %%%%%%%%%%%%%%%%%%%%%%%%%%%%%%%%%%%%%%%%%%%%%%%%%%%%%%%%%%%%%%%%%%%%
@manual{borg:2012,
    title = {RecordLinkage: Record Linkage in R},
    author = {A. Borg and M. Sariyar},
    year = {2012},
    note = {R package version 0.4-1},
    url = {http://CRAN.R-project.org/package=RecordLinkage}
}

@article{boytsov:2011,
  author  = {L. Boytsov},
  title   = {Indexing methods for approximate dictionary searching: comparative analyses},
  journal = {{ACM} {J}ournal of {E}xperimental {A}lgorithmics},
  volume  = {16},
  pages   = {1-86},
  year    = {2011}
}


@manual{buchta:2013,
    title = {cba: Clustering for Business Analytics},
    author = {C. Buchta and M. Hahsler},
    year = {2013},
    note = {R package version 0.2.12},
    url = {http://CRAN.R-project.org/package=cba}
}


@manual{butts:2013,
  title = {sna: Tools for Social Network Analysis},
  author = {Carter T. Butts},
  year = {2013},
  note = {R package version 2.3-1},
  url = {http://CRAN.R-project.org/package=sna},
}

%%  C     %%%%%%%%%%%%%%%%%%%%%%%%%%%%%%%%%%%%%%%%%%%%%%%%%%%%%%%%%%%%%%%%%%%%
@inproceedings{cohen:2003,
  title={A Comparison of String Distance Metrics for Name-Matching Tasks.},
  author={W.W. Cohen and P.D. Ravikumar and F.E. Fienberg},
  booktitle={Proceedings of the {IJCAJ-03} workshop on {I}nformation {I}ntegration on the {W}eb},
  pages={73--78},
  year={2003},
  url = {http://www.isi.edu/integration/workshops/ijcai03/proceedings.htm}
}


@INPROCEEDINGS{cavnar:1994,
    author = {W.B. Cavnar and J.M. Trenkle},
    title = {N-Gram-Based Text Categorization},
    booktitle = {Proceedings of SDAIR-94, 3rd Annual Symposium on Document Analysis and Information Retrieval},
    year = {1994},
    pages = {161--175}
}

%%  D     %%%%%%%%%%%%%%%%%%%%%%%%%%%%%%%%%%%%%%%%%%%%%%%%%%%%%%%%%%%%%%%%%%%%
@manual{doran:2010,
    title = {MiscPsycho: Miscalleaneous Psychometric Analyses},
    author = {H. C. Doran},
    year = {2010},
    note = {R package version 1.6},
    url = {http://CRAN.R-project.org/package=MiscPsycho}
}

%%  G     %%%%%%%%%%%%%%%%%%%%%%%%%%%%%%%%%%%%%%%%%%%%%%%%%%%%%%%%%%%%%%%%%%%%
@manual{grimonprez:2013,
  title = {Rankcluster: Model-based clustering for multivariate partial ranking data},
  author = {Q. Grimonprez},
  year = {2013},
  note = {R package version 0.90.3},
  url = {http://CRAN.R-project.org/package=Rankcluster},
}

@article{hornik:2012,
  author =  "K. Hornik and P. Mair and J. Rauch and W. Geiger and C. Buchta and I. Feinerer",
  title = "The textcat Package for n-Gram Based Text Categorization in {R}",
  journal = "Journal of Statistical Software",
  volume =  "52",
  number =  "6",
  pages = "1--17",
  day =   "7",
  month = "2",
  year =  "2013",
  CODEN = "JSSOBK",
  ISSN =  "1548-7660",
  bibdate = "2012-10-01",
  URL =   "http://www.jstatsoft.org/v52/i06",
  accepted =  "2012-10-01",
  acknowledgement = "",
  keywords =  "",
  submitted = "2011-07-11",
}


%%  H     %%%%%%%%%%%%%%%%%%%%%%%%%%%%%%%%%%%%%%%%%%%%%%%%%%%%%%%%%%%%%%%%%%%%
@article{hamming:1950,
  author  = {R.W. Hamming},
  title   = {Error detecting and error correcting codes},
  journal = {The {B}ell system technical journal},
  volume  = {29},
  pages   = {147-160},
  year    = {1950}
}

@manual{jaro:1978,
  title         = {{UNIMATCH}: {A} record linkage system: {U}ser manual},
  author        = {M.A. Jaro},
  year          = {1978},
  organization  = {United {S}tates bureau of the census},
  note          = {pp. 103-108}
}


@article{jaro:1989,
  author  = {M.A. Jaro},
  title   = {Advances in record-linkage methodology as applied to matching the 1985 census of {T}ampa, {F}lorida},
  journal = {Journal of the {A}merican {S}tatistical {A}ssociation},
  volume  = {84},
  pages   = {414-420},
  year    = {1989}
}

%%  K     %%%%%%%%%%%%%%%%%%%%%%%%%%%%%%%%%%%%%%%%%%%%%%%%%%%%%%%%%%%%%%%%%%%%

@article{karatzoglou:2004,
    title = {kernlab -- An {S4} Package for Kernel Methods in {R}},
    author = {A. Karatzoglou and A. Smola and K. Hornik and A. Zeileis},
    journal = {Journal of Statistical Software},
    year = {2004},
    volume = {11},
    number = {9},
    pages = {1--20},
    url = {http://www.jstatsoft.org/v11/i09/}
  }


@manual{keuleers:2013,
  title = {vwr: Useful functions for visual word recognition research},
  author = {Emmanuel Keuleers},
  year = {2013},
  note = {R package version 0.3.0},
  url = {http://CRAN.R-project.org/package=vwr},
}



@manual{kohl:2013,
    title = {MKmisc: Miscellaneous functions from M. Kohl},
    author = {M. Kohl},
    year = {2013},
    note = {R package version 0.94},
    url = {http://CRAN.R-project.org/package=MKmisc}
}


%%  L     %%%%%%%%%%%%%%%%%%%%%%%%%%%%%%%%%%%%%%%%%%%%%%%%%%%%%%%%%%%%%%%%%%%%
@mastersthesis{laurikari:2001,
    author    = {V. Laurikari},
    title     = {Efficient submatch addressing for regular expressions},
    school    = {Helsinki {U}niversity of {T}echnology},
    type      = {{M}aster's thesis},
    year      = {2001},
    url	      = {https://github.com/laurikari/tre}
}

@article{levenshtein:1966,
    title       = {Binary codes capable of correcting deletions, insertions, and reversals},
    author      = {V. I. Levenshtein},
    journal     = {Soviet Physics Doklady},
    volume      = {10},
    pages       = {707-710},
    year        = {1966}
}

@article{lodhi:2002,
  title        = {Text classification using string kernels},
  author       = {H. Lodhi and C. Saunders and J. Shawe-Taylor and N. Cristianini and C. Watkins},
  journal      = {Journal of {M}achine {L}earning {R}esearch},
  volume       = {2},
  pages        = {419-444},
  year         = {2002}
}

@misc{logan:2013,
   author= {N. Logan},
   title = {C code for {D}amerau-{L}evenshtein distance},
   year  = {2013},
   url  =  {https://github.com/ugexe/Text--Levenshtein--Damerau--XS/blob/master/damerau-int.c},
   note = {Last accessed 2014-03-04.}
}

@manual{loo:2011,
    title = {deducorrect: Deductive correction, deductive imputation, and
deterministic correction.},
    author = {Mark van der Loo and Edwin de Jonge and Sander Scholtus},
    year = {2011},
    note = {R package version 1.3-5},
    url = {https://github.com/markvanderloo/deducorrect},
}

@article{lowrance:1975,
  author  = {R. Lowrance and R.A. Wagner},
  journal = {Journal of the {A}ssociation of {C}omputing {M}achinery},
  title   = {An extension of the string-to-string correction problem},
  volume  = {22},
  pages   = {177-183},
  year    = {1975}
}

%%  M     %%%%%%%%%%%%%%%%%%%%%%%%%%%%%%%%%%%%%%%%%%%%%%%%%%%%%%%%%%%%%%%%%%%%
@manual{meyer:2012,
  title = {e1071: Misc Functions of the Department of Statistics (e1071), TU Wien},
  author = {David Meyer and Evgenia Dimitriadou and Kurt Hornik and Andreas Weingessel and Friedrich Leisch},
  year = {2012},
  note = {R package version 1.6-1},
  url = {http://CRAN.R-project.org/package=e1071}
}


%%  N     %%%%%%%%%%%%%%%%%%%%%%%%%%%%%%%%%%%%%%%%%%%%%%%%%%%%%%%%%%%%%%%%%%%%
@article{navarro:2001,
  author  = {G. Navarro},
  title   = {A guided tour to approximate string matching},
  journal = {{ACM} {C}omputing surveys},
  year    = {2001},
  volume  = {33},
  pages   = {31-88}
}

@article{needleman:1970,
  author  = {S.B. Needleman and C. D. Wunsch},
  title   = {A general method applicable to the search of similarities in the amino acid sequence of two proteins},
  journal = {Journal of {M}olecular {B}iology},
  volume  = {48},
  pages   = {443-453},
  year    = {1970}
}

%%  S     %%%%%%%%%%%%%%%%%%%%%%%%%%%%%%%%%%%%%%%%%%%%%%%%%%%%%%%%%%%%%%%%%%%%
@manual{schliep:2013,
  title = {Phangorn: phylogenetic analyses in {R}},
  author = {K. Schliep and E. Paradis},
  year = {2013},
  note = {R package version 1.99-1},
  url = {http://CRAN.R-project.org/package=Phangorn}
}

@article{studer:2011,
  author  = {M. Studer and G. Ritschard and A. Gabadinho and N.S. M{\"u}ller},
  title   = {Discrepancy analysis of state sequences},
  journal = {Sociological {M}ethods and {R}esearch},
  year    = {2011},
  volume  = {40},
  pages   = {471-510}
}

%%  U     %%%%%%%%%%%%%%%%%%%%%%%%%%%%%%%%%%%%%%%%%%%%%%%%%%%%%%%%%%%%%%%%%%%%
@article{ukkonen:1992,
  author  = {E. Ukkonen},
  year    = {1992},
  title   = {Approximate string-matching with {$q$}-grams and maximal matches},
  journal = {Theoretical {C}omputer {S}cience},
  volume  = {92},
  pages   = {191-211}
}

@manual{utterstroem:2000,
  author  = {J. Utterstr\"om and Yves Arrouye},
  title   = {uconv - convert data from one encoding to another (Linux man page)}
}


%%  W     %%%%%%%%%%%%%%%%%%%%%%%%%%%%%%%%%%%%%%%%%%%%%%%%%%%%%%%%%%%%%%%%%%%%
@article{winkler:1990,
  author  = {W.E. Winkler},
  year    = {1990},
  title   = {String Comparator Metrics and Enhanced Decision Rules in the {F}ellegi-{S}unter Model of Record Linkage},
  journal = {Proceedings of the Section on Survey Research Methods (American Statistical Association)},
  pages   = {354â€“359}
}







