@Article{Agren2013,
  author = {Rasmus Agren and Liming Liu and Saeed Shoaie and Wanwipa Vongsangnak and Intawat Nookaew and Jens Nielsen},
  journal = {PLoS Computational Biology},
  number = {3},
  title = {{The RAVEN Toolbox and Its Use for Generating a Genome-Scale Metabolic Model for Penicillium Chrysogenum}},
  volume = {9},
  year = {2013},
  url = {https://doi.org/10.1371/journal.pcbi.1002980},
}

@Article{Becker2007,
  author = {Scott A Becker and Adam M Feist and Monica L Mo and Gregory Hannum and Bernhard {\O} Palsson and Markus J Herrgard},
  journal = {Nature protocols},
  number = {3},
  pages = {727--38},
  title = {{Quantitative Prediction of Cellular Metabolism with Constraint-Based Models: The COBRA Toolbox.}},
  volume = {2},
  year = {2007},
  url = {https://doi.org/10.1038/nprot.2007.99},
}

@Article{Bernard2014,
  author = {T. Bernard and A. Bridge and A. Morgat and S. Moretti and I. Xenarios and M. Pagni},
  journal = {Briefings in Bioinformatics},
  number = {1},
  pages = {123--135},
  title = {{Reconciliation of Metabolites and Biochemical Reactions for Metabolic Networks}},
  volume = {15},
  year = {2014},
}

@Article{Caspi2014,
  author = {Ron Caspi and Tomer Altman and Richard Billington and Kate Dreher and Hartmut Foerster and Carol A. Fulcher and Timothy A. Holland and Ingrid M. Keseler and Anamika Kothari and Aya Kubo and Markus Krummenacker and Mario Latendresse and Lukas A. Mueller and Quang Ong and Suzanne Paley and Pallavi Subhraveti and Daniel S. Weaver and Deepika Weerasinghe and Peifen Zhang and Peter D. Karp},
  journal = {Nucleic Acids Research},
  number = {D1},
  pages = {D459--D471},
  title = {{The MetaCyc Database of Metabolic Pathways and Enzymes and the BioCyc Collection of Pathway/Genome Databases}},
  volume = {42},
  year = {2014},
  url = {https://doi.org/10.1093/nar/gkr1014},
}

@Article{Chang2015,
  author = {A. Chang and I. Schomburg and S. Placzek and L. Jeske and M. Ulbrich and M. Xiao and C. W. Sensen and D. Schomburg},
  journal = {Nucleic Acids Research},
  number = {D1},
  pages = {D439--D446},
  title = {{BRENDA in 2015: Exciting Developments in Its 25th Year of Existence}},
  volume = {43},
  year = {2015},
  url = {https://doi.org/10.1093/nar/gku1068},
}

@Article{Chen2013,
  author = {William Lingran Chen and David Z Chen and Keith T Taylor},
  journal = {Wiley Interdisciplinary Reviews: Computational Molecular Science},
  number = {6},
  pages = {560--593},
  title = {{Automatic Reaction Mapping and Reaction Center Detection}},
  volume = {3},
  year = {2013},
  url = {https://doi.org/10.1002/wcms.1140},
}

@Article{Croft2014,
  author = {David Croft and Antonio Fabregat Mundo and Robin Haw and Marija Milacic and Joel Weiser and Guanming Wu and Michael Caudy and Phani Garapati and Marc Gillespie and Maulik R. Kamdar and Bijay Jassal and Steven Jupe and Lisa Matthews and Bruce May and Stanislav Palatnik and Karen Rothfels and Veronica Shamovsky and Heeyeon Song and Mark Williams and Ewan Birney and Henning Hermjakob and Lincoln Stein and Peter D'Eustachio},
  journal = {Nucleic Acids Research},
  number = {D1},
  pages = {D472--D477},
  title = {{The Reactome Pathway Knowledgebase}},
  volume = {42},
  year = {2014},
  url = {https://doi.org/10.1093/nar/gkv1351},
}

@Article{Degtyarenko2007,
  author = {Kirill Degtyarenko and P. {de Matos} and Marcus Ennis and Janna Hastings and Martin Zbinden and A. McNaught and R. Alcantara and Michael Darsow and Micka{\"{e}}l Guedj and Michael Ashburner},
  journal = {Nucleic Acids Research},
  pages = {D344--D350},
  pmid = {17932057},
  title = {{ChEBI: a Database and Ontology for Chemical Entities of Biological Interest}},
  volume = {36},
  year = {2007},
}

@Article{Gelius-Dietrich2013,
  author = {Gabriel Gelius-Dietrich and Abdelmoneim Desouki and Claus Fritzemeier and Martin J Lercher},
  journal = {BMC Systems Biology},
  number = {1},
  pages = {125},
  title = {{sybil â€“ Efficient Constraint-Based Modelling in R}},
  volume = {7},
  year = {2013},
  url = {https://doi.org/10.1186/1752-0509-7-125},
}

@Article{Gevorgyan2008,
  author = {A. Gevorgyan and M. G. Poolman and D. a. Fell},
  journal = {Bioinformatics},
  number = {19},
  pages = {2245--2251},
  title = {{Detection of Stoichiometric Inconsistencies in Biomolecular Models}},
  volume = {24},
  year = {2008},
  url = {https://doi.org/10.1093/bioinformatics/btn425},
}

@Article{Hendrickson1997,
  author = {James B Hendrickson},
  journal = {Journal of Chemical Information and Computer Sciences},
  number = {97},
  pages = {850--852},
  title = {{Comphensive System for Classification and Nomenclature of Organic Reactions}},
  volume = {37},
  year = {1997},
  url = {https://doi.org/10.1021/ci970040v},
}

@Article{Jewison2014,
  author = {Timothy Jewison and Yilu Su and Fatemeh Miri Disfany and Yongjie Liang and Craig Knox and Adam Maciejewski and Jenna Poelzer and Jessica Huynh and You Zhou and David Arndt and Yannick Djoumbou and Yifeng Liu and Lu Deng and An Chi Guo and Beomsoo Han and Allison Pon and Michael Wilson and Shahrzad Rafatnia and Philip Liu and David S. Wishart},
  journal = {Nucleic Acids Research},
  number = {D1},
  pages = {D478--D484},
  title = {{SMPDB 2.0: Big Improvements to the Small Molecule Pathway Database}},
  volume = {42},
  year = {2014},
  url = {https://doi.org/10.1093/nar/gkt1067},
}

@Article{Kanehisa2000,
  author = {M Kanehisa},
  journal = {Nucleic Acids Research},
  number = {1},
  pages = {27--30},
  title = {{KEGG: Kyoto Encyclopedia of Genes and Genomes}},
  volume = {28},
  year = {2000},
  url = {https://doi.org/10.1093/nar/28.1.27},
}

@Article{Kim2008,
  author = {Hyun Uk Kim and Tae Yong Kim and Sang Yup Lee},
  journal = {Mol. BioSyst.},
  number = {2},
  pages = {113--120},
  title = {{Metabolic Flux Analysis and Metabolic Engineering of Microorganisms}},
  volume = {4},
  year = {2008},
  url = {https://doi.org/10.1039/b712395g},
}

@Article{Kumar2012,
  author = {Akhil Kumar and Patrick F Suthers and Costas D Maranas},
  journal = {BMC Bioinformatics},
  number = {1},
  pages = {6},
  title = {{MetRxn: a Knowledgebase of Metabolites and Reactions Spanning Metabolic Models and Databases}},
  volume = {13},
  year = {2012},
  url = {https://doi.org/10.1186/1471-2105-13-6},
}

@Article{Lakshmanan2014,
  author = {Meiyappan Lakshmanan and Geoffrey Koh and Bevan K S Chung and D.-Y. Lee},
  journal = {Briefings in Bioinformatics},
  number = {1},
  pages = {108--122},
  title = {{Software Applications for Flux Balance Analysis}},
  volume = {15},
  year = {2014},
  url = {https://doi.org/10.1093/bib/bbs069},
}

@Article{Lambert2011,
  author = {A. Lambert and J. Dubois and R. Bourqui},
  journal = {Computer Graphics Forum},
  number = {3},
  pages = {1021--1030},
  title = {{Pathway Preserving Representation of Metabolic Networks}},
  volume = {30},
  year = {2011},
  url = {https://doi.org/10.1111/j.1467-8659.2011.01951.x},
}

@Article{Park2009,
  author = {Jong Myoung Park and Tae Yong Kim and Sang Yup Lee},
  journal = {Biotechnology Advances},
  number = {6},
  pages = {979--988},
  title = {{Constraints-Based Genome-Scale Metabolic Simulation for Systems Metabolic Engineering}},
  volume = {27},
  year = {2009},
  url = {https://doi.org/10.1016/j.biotechadv.2009.05.019},
}

@Article{Raman2009,
  author = {Karthik Raman and Nagasuma Chandra},
  journal = {Briefings in Bioinformatics},
  number = {4},
  pages = {435--449},
  title = {{Flux Balnce Analysis of Biological Systems: Applications and Challenges}},
  volume = {10},
  year = {2009},
}

@Article{Ravikrishnan2015,
  author = {A. Ravikrishnan and K. Raman},
  journal = {Briefings in Bioinformatics},
  number = {6},
  pages = {1057--1068},
  title = {{Critical Assessment of Genome-Scale Metabolic Networks: The Need for a Unified Standard}},
  volume = {16},
  year = {2015},
}

@Article{Reznik2013,
  author = {Ed Reznik and Pankaj Mehta and Daniel Segr{\` e}},
  journal = {PLoS Computational Biology},
  number = {8},
  pages = {e1003195},
  title = {{Flux Imbalance Analysis and the Sensitivity of Cellular Growth to Changes in Metabolite Pools}},
  volume = {9},
  year = {2013},
  url = {https://doi.org/10.1371/journal.pcbi.1003195},
}

@Article{Swainston2011,
  author = {Neil Swainston and Kieran Smallbone and Pedro Mendes and Douglas Kell and Norman Paton},
  journal = {Journal of Integrative Bioinformatics},
  number = {2},
  pages = {186},
  title = {{The SuBliMinaL Toolbox: Automating Steps in the Reconstruction of Metabolic Networks.}},
  volume = {8},
  year = {2011},
  url = {https://doi.org/10.2390/biecoll-jib-2011-186},
}

@Article{Thiele2014,
  author = {I. Thiele and N. Vlassis and R. M. T. Fleming},
  journal = {Bioinformatics},
  number = {17},
  pages = {2529--2531},
  title = {{FASTGAPFILL: Efficient Gap Filling in Metabolic Networks}},
  volume = {30},
  year = {2014},
}

@Article{Thiele2010,
  author = {Ines Thiele and Bernhard {\O} Palsson},
  journal = {Nature Protocols},
  number = {1},
  pages = {93--121},
  publisher = {Nature Publishing Group},
  title = {{Aprotocol for Generating a High-Quality Genome-Scale Metabolic Reconstruction}},
  volume = {5},
  year = {2010},
  url = {https://doi.org/10.1038/nprot.2009.203},
}

@Article{RECON2,
  title = {A Community-Driven Global Reconstruction of Human Metabolism},
  author = {Ines Thiele and Neil Swainston and Ronan MT Fleming and Andreas Hoppe and Swagatika Sahoo and Maike K Aurich and Hulda Haraldsdottir and Monica L Mo and Ottar Rolfsson and Miranda D Stobbe and {others}},
  journal = {Nature biotechnology},
  volume = {31},
  number = {5},
  pages = {419--425},
  year = {2013},
  publisher = {Nature Research},
  url = {https://doi.org/10.1038/nbt.2488},
}

@Article{sybil,
  author = {Gabriel Gelius-Dietrich and Claus Jonathan Fritzemeier and Abdelmoneim Amer Desouki and Martin J Lercher},
  title = {Sybil -- Efficient Constraint-Based Modelling in R},
  journal = {BMC Systems Biology},
  volume = {7},
  year = {2013},
  number = {1},
  pages = {125},
  issn = {1752-0509},
  url = {https://doi.org/10.1186/1752-0509-7-125},
}

@Manual{abcdeFBA,
    title = {ABCDE FBA: A-Biologist-Can-Do-Everything of Flux Balance Analysis with this package},
    author = {Abhilash Gangadharan and Neha Rohatgi},
    year = {2012},
    note = {R package version 0.4},
    url = {https://CRAN.R-project.org/package=abcdeFBA},
  }