@Book{IntroStats:2014,
  author = {R. D. {De Veaux} and P. F. Velleman and D. E. Bock},
  isbn = {9780321891358},
  lccn = {2012012979},
  publisher = {Pearson Education, Limited},
  series = {Always learning},
  title = {Intro Stats},
  url = {https://books.google.com/books?id=3mhRnwEACAAJ},
  year = {2014},
}

@Book{IPS:2014,
  author = {D. S. Moore and G. P. McCabe and B. A. Craig},
  isbn = {9781464133633},
  publisher = {W. H. Freeman},
  title = {Introduction to the Practice of Statistics},
  url = {https://books.google.com/books?id=pX1\_AwAAQBAJ},
  year = {2014},
}

@Book{DeVeauxVellemanBock:2015,
  author = {R. D. {De Veaux} and P. F. Velleman and D. E. Bock},
  isbn = {9780134175621},
  publisher = {Pearson Education},
  title = {Stats: Data and Models},
  url = {https://books.google.com/books?id=0degBwAAQBAJ},
  year = {2015},
}

@Book{Sleuth:2013,
  author = {Fred Ramsey and Dan Schafer},
  publisher = {Brooks-Cole},
  title = {Statistical Sleuth: A Course in Methods of Data Analysis},
  year = {2013},
}

@Misc{GAISEcollege,
  author = {{ASA GAISE College working group} and R. Carver and M. Everson and J. Gabrosek and G. H. Rowell and N. J. Horton and R. Lock and M. Mocko and A. Rossman and P. Velleman and J. Witmer and B. Wood},
  title = {Guidelines for Assessment and Instruction in Statistics Education: College Report},
  url = {http://www.amstat.org/education/gaise},
  year = {2016},
}

@Book{Tintle:2016,
  author = {Nathan Tintle and Beth L. Chance and George W. Cobb and Allan J. Rossman and Soma Roy and Todd Swanson and Jill VanderStoep},
  publisher = {John Wiley \& Sons},
  title = {Introduction to Statistical Investigations},
  year = {2016},
}

@Book{Lock5,
  author = {Robin H. Lock and Patti Frazer Lock and Kari Lock Morgan and Eric F. Lock and Dennis F. Lock},
  publisher = {John Wiley \& Sons},
  title = {Statistics: Unlocking the Power of Data},
  year = {2013},
}

@TechReport{mosaic-resources:2016,
  author = {Randall Pruim and Nicholas J. Horton and Daniel T. Kaplan},
  institution = {Project MOSAIC},
  title = {Resources Related to the Mosaic Package},
  url = {https://cran.r-project.org/web/packages/mosaic/vignettes/mosaic-resources.html},
  year = {2016},
}

@InProceedings{Pruim:MinimalR:2011,
  author = {Randall Pruim},
  booktitle = {Joint Statistics Meetings Roundtable},
  title = {Teaching Statistics with {R}},
  year = {2011},
}

@Article{Wang:2017,
  author = {Xiaofei Wang and Cynthia Rush and Nicholas J. Horton},
  journal = {Technology Innovations in Statistics Education},
  title = {Data Visualization on Day One: Bringing Big Ideas into Intro Stats Early and Often},
  url = {https://arxiv.org/abs/1705.08544},
  volume = {in press},
  year = {2017},
}

@Manual{R,
  address = {Vienna, Austria},
  author = {{R Core Team}},
  note = {{ISBN} 3-900051-07-0},
  organization = {R Foundation for Statistical Computing},
  title = {R: A Language and Environment for Statistical Computing},
  url = {http://www.R-project.org/},
  year = {2012},
}

@Article{ihaka:1996,
  author = {Ross Ihaka and Robert Gentleman},
  journal = {Journal of Computational and Graphical Statistics},
  number = {3},
  pages = {299--314},
  title = {R: A Language for Data Analysis and Graphics},
  volume = {5},
  year = {1996},
}

@Article{Baumer:RMarkdown:2014,
  author = {Ben Baumer and Mine Cetinkaya-Rundel and Andrew Bray and Linda Loi and Nicholas J Horton},
  journal = {Technology Innovations in Statistics Education},
  number = {1},
  title = {R Markdown: Integrating A Reproducible Analysis Tool into Introductory Statistics},
  url = {http://escholarship.org/uc/item/90b2f5xh},
  volume = {8},
  year = {2014},
}

@Article{Wild:RSS:2011,
  author = {C J Wild and M Pfannkuch and M Regan and N J Horton},
  journal = {Journal of the Royal Statistical Society A},
  pages = {247--295},
  title = {Towards More Accessible Conceptions of Statistical Inference},
  volume = {174 (part 2)},
  year = {2011},
}

@Article{HortonHardin:2015,
  author = {Nicholas J. Horton and Johanna S. Hardin},
  journal = {The American Statistician},
  number = {4},
  pages = {259-265},
  title = {Teaching the Next Generation of Statistics Students to ``Think With Data'': Special Issue on Statistics and the Undergraduate Curriculum},
  url = {http://amstat.tandfonline.com/doi/full/10.1080/00031305.2015.1094283},
  volume = {69},
  year = {2015},
}

@Article{Hesterberg:2015,
  author = {Tim C. Hesterberg},
  journal = {The American Statistician},
  number = {4},
  pages = {371-386},
  title = {What Teachers Should Know about the Bootstrap: Resampling in the Undergraduate Statistics Curriculum},
  url = {http://www.ncbi.nlm.nih.gov/pmc/articles/PMC4784504},
  volume = {69},
  year = {2015},
}

@Article{NolanTempleLang:2010,
  author = {Deborah Nolan and Duncan Temple Lang},
  journal = {The American Statistician},
  number = {2},
  pages = {97--107},
  title = {Computing in the Statistics Curricula},
  url = {http://dx.doi.org/10.1198/tast.2010.09132},
  volume = {64},
  year = {2010},
}

@Article{Ridgway:2016,
  author = {J Ridgway},
  journal = {International Statistical Review},
  number = {3},
  pages = {327-557},
  title = {Implications of the Data Revolution for Statistics Education},
  volume = {84},
  year = {2016},
}

@Article{HortonBaumerWickham:2015,
  author = {Nicholas J. Horton and Benjamin S. Baumer and Hadley Wickham},
  journal = {CHANCE},
  number = {2},
  pages = {40--50},
  title = {Setting the Stage for Data Science: Integration of Data Management Skills in Introductory and Second Courses in Statistics},
  url = {http://chance.amstat.org/2015/04/setting-the-stage},
  volume = {28},
  year = {2015},
}

@Article{2015arXiv150200318H,
  adsnote = {Provided by the SAO/NASA Astrophysics Data System},
  adsurl = {http://adsabs.harvard.edu/abs/2015arXiv150200318H},
  archiveprefix = {arXiv},
  author = {N. ~J. Horton and B. ~S. Baumer and H. Wickham},
  eprint = {1502.00318},
  journal = {ArXiv e-prints},
  primaryclass = {stat.CO},
  title = {{Setting the Stage for Data Science: Integration of Data Management Skills in Introductory and Second Courses in Statistics}},
  year = {2015},
}

@Article{Tintle:TAS:2015,
  adsnote = {Provided by the SAO/NASA Astrophysics Data System},
  adsurl = {http://adsabs.harvard.edu/abs/2015arXiv150800543T},
  author = {N. Tintle and B. Chance and G. W. Cobb and S. Roy and T. Swanson and J. VanderStoep},
  journal = {The American Statistician},
  number = {4},
  pages = {362-370},
  title = {{Combating Anti-Statistical Thinking Using Simulation-Based Methods throughout the Undergraduate Curriculum}},
  doi = {10.1080/00031305.2015.1081619},
  url = {http://www.math.hope.edu/isi/presentations/white_paper_sim_inf_thru_curriculum.pdf},
  volume = {69},
  year = {2015},
}

@Article{Grolemund:ISR:2014,
  author = {Garrett Grolemund and Hadley Wickham},
  journal = {International Statistical Review},
  number = {2},
  pages = {184--204},
  title = {A Cognitive Interpretation of Data Analysis},
  url = {http://EconPapers.repec.org/RePEc:bla:istatr:v:82:y:2014:i:2:p:184-204},
  volume = {82},
  year = {2014},
}

@Book{Salsburg:2002,
  author = {David Salsburg},
  citeulike-article-id = {1660512},
  citeulike-linkout-0 = {http://www.amazon.ca/exec/obidos/redirect?tag=citeulike09-20\&amp;path=ASIN/0805071342},
  citeulike-linkout-1 = {http://www.amazon.de/exec/obidos/redirect?tag=citeulike01-21\&amp;path=ASIN/0805071342},
  citeulike-linkout-2 = {http://www.amazon.fr/exec/obidos/redirect?tag=citeulike06-21\&amp;path=ASIN/0805071342},
  citeulike-linkout-3 = {http://www.amazon.jp/exec/obidos/ASIN/0805071342},
  citeulike-linkout-4 = {http://www.amazon.co.uk/exec/obidos/ASIN/0805071342/citeulike00-21},
  citeulike-linkout-5 = {http://www.amazon.com/exec/obidos/redirect?tag=citeulike07-20\&path=ASIN/0805071342},
  citeulike-linkout-6 = {http://www.worldcat.org/isbn/0805071342},
  citeulike-linkout-7 = {http://books.google.com/books?vid=ISBN0805071342},
  citeulike-linkout-8 = {http://www.amazon.com/gp/search?keywords=0805071342\&index=books\&linkCode=qs},
  citeulike-linkout-9 = {http://www.librarything.com/isbn/0805071342},
  day = {01},
  howpublished = {Paperback},
  isbn = {0805071342},
  posted-at = {2008-03-01 08:30:11},
  priority = {2},
  publisher = {Holt Paperbacks},
  title = {{The Lady Tasting Tea: How Statistics Revolutionized Science in the Twentieth Century}},
  year = {2002},
}

@Manual{mosaicData,
  author = {Randall Pruim and Daniel T. Kaplan and Nicholas J. Horton},
  note = {R package version 0.14.0},
  title = {mosaicData: Project MOSAIC (Mosaic-Web.org) Data Sets},
  url = {https://github.com/ProjectMOSAIC/mosaicData},
}

@Manual{mosaic,
  author = {Randall Pruim and Daniel T. Kaplan and Nicholas J. Horton},
  note = {R package version 0.14.0},
  title = {Mosaic: Project MOSAIC Statistics and Mathematics Teaching Utilities},
  url = {https://github.com/ProjectMOSAIC/mosaic},
  year = {2016},
}

@Book{lattice,
  address = {New York},
  author = {Deepayan Sarkar},
  note = {ISBN 978-0-387-75968-5},
  publisher = {Springer-Verlag},
  title = {Lattice: Multivariate Data Visualization with R},
  url = {http://lmdvr.r-forge.r-project.org},
  year = {2008},
}

@Book{2015-87-ggplot2,
  author = {Hadley Wickham},
  isbn = {978-0-387-98140-6},
  publisher = {Springer-Verlag},
  title = {ggplot2: Elegant Graphics for Data Analysis},
  url = {http://had.co.nz/ggplot2/book},
  year = {2009},
}

@Manual{resample,
  author = {Tim Hesterberg},
  note = {R package version 0.4},
  title = {Resample: Resampling Functions},
  url = {https://CRAN.R-project.org/package=resample},
  year = {2015},
}

@Manual{2015-87-dplyr,
  author = {Hadley Wickham and Romain Francois},
  note = {R package version 0.5.0.9000},
  title = {Dplyr: A Grammar of Data Manipulation},
  url = {https://github.com/hadley/dplyr},
  year = {2015},
}

@Book{MASS,
  address = {New York},
  author = {W. N. Venables and B. D. Ripley},
  edition = {4th},
  note = {ISBN 0-387-95457-0},
  publisher = {Springer-Verlag},
  title = {Modern Applied Statistics with S},
  url = {http://www.stats.ox.ac.uk/pub/MASS4},
  year = {2002},
}

@Article{RoadlessAmerica,
  author = {S Stoudt and Y Cao and D. Udwin and N. J. Horton},
  journal = {Statistics Education Web},
  title = {What Percent of the Continental {US} Is within One Mile of a Road?},
  url = {http://www.amstat.org/education/STEW/pdfs/PercentWithinMileofRoad.pdf},
  year = {2014},
}
