@book{ProbForecastGOPpackage,
author = {V.~J. {Berrocal, Y.~Gel, A.~E. Raftery, and T.~Gneiting}},
title = {{ProbForecastGOP: Probabilistic weather field forecast using the GOP method, }},
publisher = {R package version 1.3.2},
year = {2010},
url = {http://CRAN.R-project.org/package=ProbForecastGOP}
}
@book{Berrocal&2007,
author = {V.~J. {Berrocal, A.~E. Raftery, and T.~Gneiting}},
title = {{Combining spatial statistical and ensemble information in probabilistic weather forecasts}},
publisher = {Monthly Weather Review 135:},
pages = {1386--1402},
year = {2007}
}
@book{mapsPackage,
author = {R.~{Brownrigg and T.~P. Minka}},
title = {{maps: Draw geographical maps, }},
publisher = {R package version 2.1-6 S original by Richard A Beckerand Allan R  Wilks R port by Ray Brownrigg enhancements by Thomas P Minka},
year = {2011},
url = {http://CRAN.R-project.org/package=maps}
}
@book{EckelMass2005,
author = {F.~A. {Eckel and C.~F. Mass}},
title = {{Effective mesoscale, short-range ensemble forecasting}},
publisher = {Weather and Forecasting 20:},
pages = {328--350},
year = {2005}
}
@book{ensembleBMApackage,
author = {C.~{Fraley, A.~E. Raftery, T.~Gneiting, and J.~M. Sloughter}},
title = {{ensembleBMA: Probabilistic forecasting using ensembles and Bayesian Model Averaging, }},
publisher = {R package version 4.5},
year = {2010},
url = {http://CRAN.R-project.org/package=ensembleBMA}
}
@book{Fraley&2007,
author = {C.~{Fraley, A.~E. Raftery, T.~Gneiting, and J.~M. Sloughter}},
title = {{ensembleBMA : An R package for probabilistic forecasting using ensembles and Bayesian model averaging}},
publisher = {Technical Report 516 University of Washington Department ofStatistics  (revised 2011)},
year = {2007}
}
@book{Fraley&2010,
author = {C.~{Fraley, A.~E. Raftery, and T.~Gneiting}},
title = {{Calibrating multi-model forecasting ensembles with exchangeable and missing members using Bayesian model averaging}},
publisher = {Monthly Weather Review 138:},
pages = {190--202},
year = {2010}
}
@book{fieldsPackage,
author = {R.~{Furrer, D.~Nychka, and S.~Sain}},
title = {{fields: Tools for spatial data, }},
publisher = {R package version 6.3},
year = {2010},
url = {http://CRAN.R-project.org/package=fields}
}
@book{Gel&2004,
author = {Y.~{Gel, A.~E. Raftery, and T.~Gneiting}},
title = {{Calibrated probabilistic mesoscale weather field forecasting: the Geostatistical Output Perturbation (GOP) method (with discussion)}},
publisher = {Journal of the American Statistical Association 99:},
pages = {575--590},
year = {2004}
}
@book{Gel2007,
author = {Y.~R. {Gel}},
title = {{Comparative analysis of the local observation-based (LOB) method and the nonparametric regression-based method for gridded bias correction in mesoscale weather forecasting}},
publisher = {Weather and Forecasting 22:},
pages = {1243--1256},
year = {2007}
}
@book{GneitingRaftery2005,
author = {T.~{Gneiting and A.~E. Raftery}},
title = {{Weather forecasting with ensemble methods}},
publisher = {Science 310:},
pages = {248--249},
year = {2005}
}
@book{GneitingRaftery2007,
author = {T.~{Gneiting and A.~E. Raftery}},
title = {{Strictly proper scoring rules, prediction, and estimation}},
publisher = {Journal of the American Statistical Association 102:},
pages = {359--378},
year = {2007}
}
@book{Gneiting&2007,
author = {T.~{Gneiting, F.~Balabdaoui, and A.~E. Raftery}},
title = {{Probabilistic forecasts, calibration, and sharpness}},
publisher = {Journal of the Royal Statistical Society Series B,69:},
pages = {243--268},
year = {2007}
}
@book{GrimitMass2002,
author = {E.~P. {Grimit and C.~F. Mass}},
title = {{Initial results for a mesoscale short-range ensemble forecasting system over the Pacific Northwest}},
publisher = {Weather and Forecasting 17:},
pages = {192--205},
year = {2002}
}
@book{Hamill2001,
author = {T.~M. {Hamill}},
title = {{Interpretation of rank histograms for verifying ensemble forecasts}},
publisher = {Monthly Weather Review 129:},
pages = {550--560},
year = {2001}
}
@book{chronPackage,
author = {D.~{James and K.~Hornik}},
title = {{chron: Chronological objects which can handle dates and times, }},
publisher = {R package version 2.3-39 S original by David James R port by Kurt Hornik},
year = {2010},
url = {http://CRAN.R-project.org/package=chron}
}
@book{JolliffeStephenson2003,
author = {I.~T. {Jolliffe and D.~B. Stephenson, editors}},
title = {{Forecast Verification: A Practitioner's Guide in Atmospheric Science}},
publisher = {Wiley},
year = {2003}
}
@book{Kleiber&2011,
author = {W.~{Kleiber, A.~E. Raftery, J.~Baars, T.~Gneiting, C.~Mass, and E.~P. Grimit}},
title = {{Locally calibrated probabilistic temperature forecasting using geostatistical model averaging and local Bayesian model averaging}},
publisher = {Monthly Weather Review  (in press)},
year = {2011}
}
@book{Mass&2008,
author = {C.~F. {Mass, J.~Baars, G.~Wedam, E.~P. Grimit, and R.~Steed}},
title = {{Removal of systematic model bias on a model grid}},
publisher = {Weather and Forecasting 23:},
pages = {438--459},
year = {2008}
}
@book{Raftery&2005,
author = {A.~E. {Raftery, T.~Gneiting, F.~Balabdaoui, and M.~Polakowski}},
title = {{Using Bayesian model averaging to calibrate forecast ensembles}},
publisher = {Monthly Weather Review 133:},
pages = {1155--1174},
year = {2005}
}
@book{RandomFieldsPackage,
author = {M.~{Schlather}},
title = {{RandomFields: Simulation and analysis tools for random fields, }},
publisher = {R package version 2.0.45},
year = {2011},
url = {http://CRAN.R-project.org/package=RandomFields}
}
@book{Sloughter&2007,
author = {J.~M. {Sloughter, A.~E. Raftery, T.~Gneiting, and C.~Fraley}},
title = {{Probabilistic quantitative precipitation forecasting using Bayesian model averaging}},
publisher = {Monthly Weather Review 135:},
pages = {3209--3220},
year = {2007}
}
@book{Sloughter&2010,
author = {J.~M. {Sloughter, T.~Gneiting, and A.~E. Raftery}},
title = {{Probabilistic wind speed forecasting using ensembles and Bayesian model averaging}},
publisher = {Journal of the American Statistical Association 105:},
pages = {25--35},
year = {2010}
}
@book{Wilson&2007,
author = {L.~J. {Wilson, S.~Beauregard, A.~E. Raftery, and R.~Verret}},
title = {{Calibrated surface temperature forecasts from the Canadian ensemble prediction system using Bayesian model averaging}},
publisher = {Monthly Weather Review 135:},
pages = {1364--1385},
year = {2007}
}


