@article{boubeta2016empirical,
  title={Empirical best prediction under area-level Poisson mixed models},
  author={Boubeta, Miguel and Lombard{\'\i}a, Mar{\'\i}a Jos{\'e} and Morales, Domingo},
  journal={Test},
  volume={25},
  number={3},
  pages={548--569},
  year={2016},
  publisher={Springer}
}

@article{chambers2013random,
  title={A random effect block bootstrap for clustered data},
  author={Chambers, Raymond and Chandra, Hukum},
  journal={Journal of Computational and Graphical Statistics},
  volume={22},
  number={2},
  pages={452--470},
  year={2013},
  publisher={Taylor \& Francis}
}

@article{christiaensen2012,
  title={Small area estimation-based prediction methods to track poverty: validation and applications},
  author={Christiaensen, Luc and Lanjouw, Peter and Luoto, Jill and Stifel, David},
  journal={The Journal of Economic Inequality},
  volume={10},
  number={2},
  pages={267--297},
  year={2012},
  publisher={Springer}
}

@article{carpenter2003novel,
  title={A novel bootstrap procedure for assessing the relationship between class size and achievement},
  author={Carpenter, James R and Goldstein, Harvey and Rasbash, Jon},
  journal={Journal of the Royal Statistical Society: Series C (Applied Statistics)},
  volume={52},
  number={4},
  pages={431--443},
  year={2003},
  publisher={Wiley Online Library}
}

@article{chwila2019properties,
  title={On properties of empirical best predictors},
  author={Chwila, Adam and {\.Z}{\k{a}}d{\l}o, Tomasz},
  journal={Communications in Statistics-Simulation and Computation},
  pages={1--34},
  year={2019},
  publisher={Taylor \& Francis}
}

@article{davidson2007improving,
  title={Improving the reliability of bootstrap tests with the fast double bootstrap},
  author={Davidson, Russell and MacKinnon, James G},
  journal={Computational Statistics \& Data Analysis},
  volume={51},
  number={7},
  pages={3259--3281},
  year={2007},
  publisher={Elsevier}
}

@inproceedings{erciulescu2014parametric,
  title={Parametric bootstrap procedures for small area prediction variance},
  author={Erciulescu, Andreea L and Fuller, Wayne A},
  booktitle={Proceedings of the Survey Research Methods Section},
  year={2014},
  organization={American Statistical Association Washington, DC}
}


@article{gonzales2007,
  title={Estimation of the mean squared error of predictors of small area linear parameters under a logistic mixed model},
  author={Gonz{\'a}lez-Manteiga, Wenceslao and Lombard\'{\i}a, Marí{\'a} Jos{\'e} and Molina, Isabel and Morales, Domingo and Santamar\'{\i}a, Laureano},
  journal={Computational Statistics \& Data Analysis},
  volume={51},
  pages={2720--2733},
  year={2007},
  publisher={Elsevier}
}

@article{gonzales2008,
  title={Bootstrap mean squared error of small-area EBLUP},
  author={Gonz{\'a}lez-Manteiga, Wenceslao and Lombard\'{\i}a, Marí{\'a} Jos{\'e} and Molina, Isabel and Morales, Domingo and Santamar\'{\i}a, Laureano},
  journal={Journal of Statistical Computation and Simulation},
  volume={78},
  pages={443--462},
  year={2008}
}

@article{henderson1950estimation,
  title={Estimation of genetic parameters},
  author={Henderson, Charles R},
  journal={Biometrics},
  volume={6},
  number={2},
  pages={186--187},
  year={1950}
}

@article{hall2006parametric,
  title={On parametric bootstrap methods for small area prediction},
  author={Hall, Peter and Maiti, Tapabrata},
  journal={Journal of the Royal Statistical Society: Series B (Statistical Methodology)},
  volume={68},
  number={2},
  pages={221--238},
  year={2006},
  publisher={Wiley Online Library}
}

@article{hobza2016empirical,
  title={Empirical best prediction under unit-level logit mixed models},
  author={Hobza, Tom{\'a}{\v{s}} and Morales, Domingo},
  journal={Journal of official statistics},
  volume={32},
  number={3},
  pages={661--692},
  year={2016},
  publisher={Sciendo}
}
@article{jiang1996reml,
  title={REML estimation: asymptotic behavior and related topics},
  author={Jiang, Jiming},
  journal={The Annals of Statistics},
  volume={24},
  number={1},
  pages={255--286},
  year={1996},
  publisher={Institute of Mathematical Statistics}
}

@article{kackar1981unbiasedness,
  title={Unbiasedness of two-stage estimation and prediction procedures for mixed linear models},
  author={Kackar, Raghu N and Harville, David A},
  journal={Communications in statistics-theory and methods},
  volume={10},
  number={13},
  pages={1249--1261},
  year={1981},
  publisher={Taylor \& Francis}
}

@article{kreutzmann2019r,
  title={The R package emdi for estimating and mapping regionally disaggregated indicators},
  author={Kreutzmann, Ann-Kristin and Pannier, S{\"o}ren and Rojas-Perilla, Natalia and Schmid, Timo and Templ, Matthias and Tzavidis, Nikos},
  journal={Journal of Statistical Software},
  volume={91},
  year={2019}
}

@Article{KS2016converg,
  author    = {Waldemar W. Koczkodaj and Jacek Szybowski},
  title     = {The Limit of Inconsistency Reduction in Pairwise Comparisons},
  journal   = {Applied Mathematics and Computer Science},
  year      = {2016},
  volume    = {26},
  number    = {3},
  pages     = {721--729},
  bibsource = {dblp computer science bibliography, http://dblp.org},
  biburl    = {http://dblp.dagstuhl.de/rec/bib/journals/amcs/KoczkodajS16},
  doi       = {10.1515/amcs-2016-0050},
}

@article{molina2010small,
  title={Small area estimation of poverty indicators},
  author={Molina, Isabel and Rao, JNK2010},
  journal={Canadian Journal of Statistics},
  volume={38},
  number={3},
  pages={369--385},
  year={2010},
  publisher={Wiley Online Library}
}


}
@article{pfeffermann2013new,
  title={New important developments in small area estimation},
  author={Pfeffermann, Danny and others},
  journal={Statistical Science},
  volume={28},
  number={1},
  pages={40--68},
  year={2013},
  publisher={Institute of Mathematical Statistics}
}



@article{rao1994small,
  title={Small-area estimation by combining time-series and cross-sectional data},
  author={Rao, Jon NK and Yu, Mingyu},
  journal={Canadian Journal of Statistics},
  volume={22},
  number={4},
  pages={511--528},
  year={1994},
  publisher={Wiley Online Library}
}

@article{royall1976linear,
  title={The linear least-squares prediction approach to two-stage sampling},
  author={Royall, Richard M},
  journal={Journal of the American Statistical Association},
  volume={71},
  number={355},
  pages={657--664},
  year={1976},
  publisher={Taylor \& Francis Group}
}

@article{thai2013comparison,
  title={A comparison of bootstrap approaches for estimating uncertainty of parameters in linear mixed-effects models},
  author={Thai, Hoai-Thu and Mentr{\'e}, France and Holford, Nicholas HG and Veyrat-Follet, Christine and Comets, Emmanuelle},
  journal={Pharmaceutical statistics},
  volume={12},
  number={3},
  pages={129--140},
  year={2013},
  publisher={Wiley Online Library}
}

@article{zadlo2020bootstrap,
  title={On bootstrap estimators of some prediction accuracy measures of loss reserves in a non-life insurance company},
  author={Wolny-Dominiak, Alicja and {\.Z}{\k{a}}d{\l}o, Tomasz},
  journal={Communications in Statistics-Simulation and Computation},
  pages={1--16},
  year={2020},
  publisher={Taylor \& Francis}
}

@inproceedings{zadlo2013parametric,
  title={On parametric bootstrap and alternatives of MSE},
  author={{\.Z}{\k{a}}d{\l}o, T},
  booktitle={Proceedings of 31st International Conference Mathematical Methods in Economics},
  pages={1081--1086},
  year={2013}
}

@article{zadlo2017EBLUP,
  title={On prediction of population and subpopulation characteristics for future periods},
  author={{\.Z}{\k{a}}d{\l}o, Tomasz},
  journal={Communications in Statistics-Simulation and Computation},
 volume={461},
  number={10},
 pages={8086-8104},
  year={2017},
  publisher={Taylor \& Francis}
}

@article{frees1999,
  title={A longitudinal data analysis interpretation of credibility models},
  author={Frees, Edward W and Young, Virginia R and Luo, Yu},
  journal={Insurance: Mathematics and Economics},
  volume={24},
  number={3},
  pages={229--247},
  year={1999},
  publisher={Elsevier}
}

@book{buhlmann2005,
  title={A course in credibility theory and its applications},
  author={B{\"u}hlmann, Hans and Gisler, Alois},
  year={2005},
  publisher={Springer}
}

@Manual{qape,
    title = {qape: Quantile of Absolute Prediction Errors},
    author = {Alicja Wolny-Dominiak and Tomasz {\.Z}{\k{a}}d{\l}o},
    year = {2023},
    note = {R package version 2.0},
    url = {https://CRAN.R-project.org/package=qape}
  }

@article{fay1979estimates,
  title={Estimates of income for small places: an application of James-Stein procedures to census data},
  author={Fay III, Robert E and Herriot, Roger A},
  journal={Journal of the American Statistical Association},
  volume={74},
  number={366a},
  pages={269--277},
  year={1979},
  publisher={Taylor \& Francis}
}

 @Manual{josae,
    title = {JoSAE: Unit-Level and Area-Level Small Area Estimation},
    author = {Johannes Breidenbach},
    year = {2018},
    note = {R package version 0.3.0},
    url = {https://CRAN.R-project.org/package=JoSAE}
  }

@article{gonzalez1978small,
  title={Small-area estimation with application to unemployment and housing estimates},
  author={Gonzalez, Maria Elena and Hoza, Christine},
  journal={Journal of the American Statistical Association},
  volume={73},
  number={361},
  pages={7--15},
  year={1978},
  publisher={Taylor \& Francis}
}

%%%WK
@article{SAE1988,
  title={An error-components model for prediction of county crop areas using survey and satellite data},
  author={Battese, George E and Harter, Rachel M and Fuller, Wayne A},
  journal={Journal of the American Statistical Association},
  volume={83},
  number={401},
  pages={28--36},
  year={1988},
  publisher={Taylor \& Francis}
}

@article{1M,
  title={1,000,000 cases of COVID-19 outside of China: The date predicted by a simple heuristic},
  author={Koczkodaj, WW and Mansournia, MA and Pedrycz, W and Wolny-Dominiak, A and Zabrodskii, PF and Strza{\l}ka, D and Armstrong, T and Zolfaghari, AH and D{\k{e}}bski, Maciej and Mazurek, J},
  journal={Global Epidemiology},
  volume={2},
  pages={100023},
  year={2020},
  publisher={Elsevier}
}

@book{rao2015small,
  title={Small area estimation},
  author={Rao, John NK and Molina, Isabel},
  year={2015},
  publisher={John Wiley \& Sons}
}

@article{KBJ2018,
  title={Using machine learning and small area estimation to predict building-level municipal solid waste generation in cities},
  author={Kontokosta, Constantine E and Hong, Boyeong and Johnson, Nicholas E and Starobin, Daniel},
  journal={Computers, Environment and Urban Systems},
  volume={70},
  pages={151--162},
  year={2018},
  publisher={Elsevier}
}

@article{donohue2011conditional,
  title={Conditional Akaike information under generalized linear and proportional hazards mixed models},
  author={Donohue, MC and Overholser, R and Xu, R and Vaida, F},
  journal={Biometrika},
  volume={98},
  number={3},
  pages={685--700},
  year={2011},
  publisher={Oxford University Press}
}


@article{SAS2020,
  title={Mapping the geodemographics of digital inequality in Great Britain: An integration of machine learning into small area estimation},
  author={Singleton, Alex and Alexiou, Alexandros and Savani, Rahul},
  journal={Computers, Environment and Urban Systems},
  volume={82},
  pages={101486},
  year={2020},
  publisher={Elsevier}
}
%https://www.sciencedirect.com/science/article/pii/S0198971519307963

@article{BGNVG2021,
  title={Small Area Estimation in Health Sector by Support Vector Machine (SVM)},
  author={Basavarajaiah, DM and CA, Gopal Krishna Mithra and Narasimhamurthy, B and Veeregowda, BM and Gouri, Mahadevappa D},
  journal={Annals of the Romanian Society for Cell Biology},
  pages={4459--4474},
  year={2021}
}
%https://www.annalsofrscb.ro/index.php/journal/article/view/1467


%% R packages
@Article{lme4,
    title = {Fitting Linear Mixed-Effects Models Using {lme4}},
    author = {Douglas Bates and Martin M{\"a}chler and Ben Bolker and Steve Walker},
    journal = {Journal of Statistical Software},
    year = {2015},
    volume = {67},
    number = {1},
    pages = {1--48},
    doi = {10.18637/jss.v067.i01}
  }

 @Article{emdi,
    title = {The {R} Package {emdi} for Estimating and Mapping Regionally Disaggregated Indicators},
    author = {Ann-Kristin Kreutzmann and S\"oren Pannier and Natalia Rojas-Perilla and Timo Schmid and Matthias Templ and Nikos Tzavidis},
    journal = {Journal of Statistical Software},
    year = {2019},
    volume = {91},
    number = {7},
    pages = {1--33},
    doi = {10.18637/jss.v091.i07},
  }



@Manual{msae,
    title = {msae: Multivariate Fay Herriot Models for Small Area Estimation},
    author = {Novia Permatasari and Azka Ubaidillah},
    year = {2021},
    note = {R package version 0.1.4},
    url = {https://CRAN.R-project.org/package=msae},
  }

@Article{sae,
    author = {Isabel Molina and Yolanda Marhuenda},
    title = {{sae}: An {R} Package for Small Area Estimation},
    journal = {The R Journal},
    year = {2015},
    volume = {7},
    number = {1},
    pages = {81--98},
    month = {jun},
    url = {https://journal.r-project.org/archive/2015/RJ-2015-007/RJ-2015-007.pdf},
  }

  @Manual{saery,
    title = {saery: Small Area Estimation for Rao and Yu Model},
    author = {Maria Dolores Esteban Lefler and Domingo Morales Gonzalez and Agustin Perez Martin},
    year = {2014},
    note = {R package version 1.0},
    url = {https://CRAN.R-project.org/package=saery},
  }

  %AI+R

@inproceedings{iilasso,
  title={Independently interpretable lasso: A new regularizer for sparse regression with uncorrelated variables},
  author={Takada, Masaaki and Suzuki, Taiji and Fujisawa, Hironori},
  booktitle={International Conference on Artificial Intelligence and Statistics},
  pages={454--463},
  year={2018},
  organization={PMLR}
}
  %https://cran.r-project.org/web/packages/iilasso/index.html

@inproceedings{SCCI,
  title={Testing conditional independence on discrete data using stochastic complexity},
  author={Marx, Alexander and Vreeken, Jilles},
  booktitle={The 22nd International Conference on Artificial Intelligence and Statistics},
  pages={496--505},
  year={2019},
  organization={PMLR}
}
  %https://cran.r-project.org/web/packages/SCCI/SCCI.pdf

@inproceedings{graphkernels,
  title={Efficient graphlet kernels for large graph comparison},
  author={Shervashidze, Nino and Vishwanathan, SVN and Petri, Tobias and Mehlhorn, Kurt and Borgwardt, Karsten},
  booktitle={Artificial intelligence and Statistics},
  pages={488--495},
  year={2009},
  organization={PMLR}
}
%https://cran.r-project.org/web/packages/graphkernels/graphkernels.pdf

@inproceedings{GFA,
  title={Bayesian group factor analysis},
  author={Virtanen, Seppo and Klami, Arto and Khan, Suleiman and Kaski, Samuel},
  booktitle={Artificial Intelligence and Statistics},
  pages={1269--1277},
  year={2012},
  organization={PMLR}
}
%https://cran.r-project.org/web/packages/GFA/




%https://cran.r-project.org/web/packages/plsdof/plsdof.pdf


%%%AWD do danych radon
@article{nero1994statistically,
  title={Statistically based methodologies for mapping of radon'actual'concentrations: the case of Minnesota},
  author={Nero, AV and Leiden, SM and Nolan, DA and Price, PN and Rein, S and Revzan, KL and Woolenberg, HR and Gadgil, AJ},
  journal={Radiation Protection Dosimetry},
  volume={56},
  number={1-4},
  pages={215--219},
  year={1994},
  publisher={Oxford University Press}
}

@article{price1996bayesian,
  title={Bayesian prediction of mean indoor radon concentrations for Minnesota counties},
  author={Price, Phillip N and Nero, Anthony V and Gelman, Andrew},
  journal={Health Physics},
  volume={71},
  number={6},
  pages={922--936},
  year={1996},
  publisher={LWW}
}

@article{gelman2006bayesian,
  title={Bayesian measures of explained variance and pooling in multilevel (hierarchical) models},
  author={Gelman, Andrew and Pardoe, Iain},
  journal={Technometrics},
  volume={48},
  number={2},
  pages={241--251},
  year={2006},
  publisher={Taylor \& Francis}
}

@phdthesis{loy2013diagnostics,
  title={Diagnostics for mixed/hierarchical linear models},
  author={Loy, Adam},
school  = "Iowa State University",
  year={2013}
}

@article{loy2015you,
  title={Are you normal? the problem of confounded residual structures in hierarchical linear models},
  author={Loy, Adam and Hofmann, Heike},
  journal={Journal of Computational and Graphical Statistics},
  volume={24},
  number={4},
  pages={1191--1209},
  year={2015},
  publisher={Taylor \& Francis}
}

@article{loy2017model,
  title={Model choice and diagnostics for linear mixed-effects models using statistics on street corners},
  author={Loy, Adam and Hofmann, Heike and Cook, Dianne},
  journal={Journal of Computational and Graphical Statistics},
  volume={26},
  number={3},
  pages={478--492},
  year={2017},
  publisher={Taylor \& Francis}
}

@article{cantoni2021review,
  title={Review and comparison of measures of explained variation and model selection in linear mixed-effects models},
  author={Cantoni, Eva and Jacot, Nad{\`e}ge and Ghisletta, Paolo},
  journal={Econometrics and Statistics},
  year={2021},
  publisher={Elsevier}
}

@article{gelman1999analysis,
  title={Analysis of local decisions using hierarchical modeling, applied to home radon measurement and remediation},
  author={Lin, Chiayu and Gelman, Andrew and Price, Phillip N and  Krantz, David H},
  journal={Statistical Science},
  volume={14},
  number={3},
  pages={305--337},
  year={1999},
  publisher={Institute of Mathematical Statistics}
}

@incollection{peck_should_2005,
	address = {Belmont, CA},
	edition = {4th edition},
	title = {Should You Measure the Radon Concentration in Your Home?},
	isbn = {978-0-534-37282-8},
	language = {English},
	booktitle = {Statistics: {A} {Guide} to the {Unknown}},
	publisher = {Duxbury Press},
	author = {Price, Phillip N. and Gelman, Andrew},
	collaborator = {Peck, Roxy and Casella, George and Cobb, George W. and Hoerl, Roger and Nolan, Deborah},
	month = mar,
	year = {2005},
	pages = {149--170}
}

@book{cook2007interactive,
  title={Interactive and dynamic graphics for data analysis: with R and GGobi},
  author={Cook, Dianne and Swayne, Deborah F and Buja, Andreas},
  volume={1},
  year={2007},
  publisher={Springer}
}

@book{gelman_data_2006,
	address = {Cambridge ; New York},
	edition = {1st edition},
	title = {Data {Analysis} {Using} {Regression} and {Multilevel}/{Hierarchical} {Models}},
	isbn = {978-0-521-68689-1},
	language = {English},
	publisher = {Cambridge University Press},
	author = {Gelman, Andrew and Hill, Jennifer},
	month = dec,
	year = {2006}
}

  @Article{HLMdiag,
    title = {{HLMdiag}: A Suite of Diagnostics for Hierarchical Linear Models in {R}},
    author = {Adam Loy and Heike Hofmann},
    journal = {Journal of Statistical Software},
    year = {2014},
    volume = {56},
    number = {5},
    pages = {1--28},
    url = {https://www.jstatsoft.org/article/view/v056i05},
  }

@article{apte1999predicting,
  title={Predicting New Hampshire indoor radon concentrations from geologic information and other covariates},
  author={Apte, MG and Price, PN and Nero, AV and Revzan, KL},
  journal={Environmental Geology},
  volume={37},
  number={3},
  pages={181--194},
  year={1999},
  publisher={Springer}
}



