@incollection{hofmann:2008,
   Author = {Hofmann, Heike},
   Title = {Mosaic plots and their Variants},
   BookTitle = {Handbook of Data Visualization},
   Editor = {Chen, C.H. and Haerdle, W. and Unwin, A.},
   Publisher = {Springer},
   Pages = {617-642},
   url={https://doi.org/10.1007/978-3-540-33037-0_24},
 Year = {2008} }

@article{pybus:2000,
    author = {Pybus, O.  and Rambaut, A. and Harvey, P.},
    journal = {Genetics},
    title = {An integrated framework for the inference of viral population history from reconstructed genealogies},
    year = {2000},
    Volume={155},
    pages = {1429-1437},
    url = {https://doi.org/10.1093/genetics/155.3.1429}
}

@Manual{Rcore:2023,
    title = {R: A Language and Environment for Statistical Computing},
    author = {{R Core Team}},
    organization = {R Foundation for Statistical Computing},
    address = {Vienna, Austria},
    year = {2023},
    url = {http://www.R-project.org/}
  }
  
@misc{wickham:2022,
    title = {{g}gplot2},
    author = {Wickham, Hadley},
    year = {2022},
    url = {https://ggplot2-book.org},
    note = {(accessed 01.08.2022)}
  }
 
@Manual{xie:2023,
    title = {knitr: A General-Purpose Package for Dynamic Report
      Generation in R},
    author = {Yihui Xie},
    year = {2023},
    note = {R package version 1.43},
    url = {https://yihui.name/knitr/}
  }
  
@Manual{wickham:2022d,
  title = {tidyverse: Easily Install and Load the
    Tidyverse},
  author = {Wickham, Hadley},
  year = {2022},
  note = {R package version 1.3.2},
  url = {https://CRAN.R-project.org/package=tidyverse}
}
 
@misc{ons:2019,
   Author = {ONS},
   Title = {Consumer price inflation tables},
   Year = {2019},
   url = {https://www.ons.gov.uk/economy/inflationandpriceindices/datasets/consumerpriceinflation/current},
   note = {\mbox{(accessed 18.03.2019)}}
 }

@misc{ons:2014,
   Author = {ONS},
   Title = {Consumer Price Indices Technical Manual},
   Year = {2014},
   pages={1-140},
   Publisher = {Office for National Statistics},
   url = {https://doc.ukdataservice.ac.uk/doc/7022/mrdoc/pdf/7022_technical_manual_2014.pdf}
 }

@misc{nisra:2019,
   Author = {NISRA},
   Title = {2017 Mid-year Population Estimates for District Electoral Areas},
   Year = {2019},
   pages={1-24},
   Publisher = {Northern Ireland Statistics and Research Agency},
   url= {https://www.nisra.gov.uk/publications/2017-mid-year-population-estimates-district-electoral-areas}
 }

@book{wilkinson:2005,
   Author = {Wilkinson, Leland},
   Title = {The {G}rammar of {G}raphics},
   Publisher = {Springer},
   Address = {New York},
   Edition = {2nd},
   url = {https://doi.org/10.1007/0-387-28695-0},
   Year = {2005} }

@book{mackay:2009,
  title={Sustainable Energy — without the hot air},
  author={MacKay, David},
  year={2009},
  publisher = {UIT},
  address = {Cambridge},
  url = {https://www.withouthotair.com}
}
	
@book{brinton:1939,
   Author = {Brinton, Willard C.},
   Title = {Graphic {P}resentation},
   Publisher = {Brinton Associates},
   Address = {New York},
   url = {https://archive.org/details/graphicpresentat00brinrich},
 Year = {1939} }

@book{brinton:1914,
   Author = {Brinton, Willard C.},
   Title = {Graphic {M}ethods for Presenting Facts},
   Publisher = {McGraw Hill},
   Address = {New York},
   url = {https://archive.org/details/graphicmethodsfo00brinrich},
 Year = {1914} }

@book{karsten:1923,
  title={Charts and Graphs: An Introduction to Graphic Methods in the Control and Analysis of Statistics},
  author={Karsten, Karl},
  year={1923},
  publisher={Prentice-Hall},
  address = {Cambridge},
  url = {https://archive.org/details/chartsgraphsintr0000karl/page/n7/mode/2up}
}
 
@article{hofmann:2003,
   Author = {Hofmann, Heike},
   Title = {Constructing and reading mosaicplots},
   Journal = {Computational Statistics \& Data Analysis},
   Volume = {43},
   Number = {4},
   Pages = {565-580},
   url={https://doi.org/10.1016/S0167-9473(02)00293-1},
   Year = {2003} }
   		
@INPROCEEDINGS{shneiderman:1991, 
    author = {Johnson, B. and Shneiderman, Ben}, 
    booktitle = {Proceedings of the {IEEE C}onference on {V}isualization '91},
    title = {Tree-maps: a space-filling approach to the visualization of hierarchical information structures}, 
    year = {1991}, 
    pages = {284-291},
    url = {https://dl.acm.org/doi/10.5555/949607.949654}
}

@article{shneiderman:1992,
    author = {Shneiderman, Ben},
    title = {Tree visualization with tree-maps: 2-d space-filling approach},
    journal = {ACM Trans. Graph.},
    year = {1992},
    volume = {11},
    number = {1},
    pages = {92–99},
    url = {https://doi.org/10.1145/102377.115768}
 }

@article{cleveland:1987,
	Author = {Cleveland, William S. and McGill, Robert},
	Journal = {Journal of the Royal Statistical Society A},
	Number = {3},
	Pages = {192-229},
	Title = {Graphical Perception: The Visual Decoding of Quantitative Information on Graphical Displays of Data},
	Volume = {150},
	url = { https://doi.org/10.2307/2981473},
	Year = {1987}}

@Manual{unwin:2024u,
  title = {UpAndDownPlots: Displays Percentage and Absolute Changes},
  author = {Unwin, Antony},
  year = {2024},
  note = {R package version 0.5.0},
  url = {https://CRAN.R-project.org/package=UpAndDownPlots}
}

@Manual{pedersen:2024,
  title = {patchwork: The Composer of Plots},
  author = {Pedersen, Thomas},
  year = {2024},
  note = {R package version 1.3.0},
  url = {https://CRAN.R-project.org/package=patchwork}
}

@Manual{auguie:2017,
    title = {gridExtra: Miscellaneous Functions for "Grid" Graphics},
    author = {Auguie, Baptiste},
    year = {2017},
    note = {R package version 2.3},
    url = {https://CRAN.R-project.org/package=gridExtra}
  }

@book{unwin:2024,
   Author = {Unwin, Antony},
   Title = {Getting {(more out of)} {G}raphics},
   Address = {Boca Raton, Florida},
   Publisher = {Chapman \& Hall/CRC},
   url={https://doi.org/10.1201/9781003131212},
   Year = {2024} }

@misc{usa:2023,
   Author = {{US Bureau of Labor Statistics}},
   Title = {{BEYOND THE NUMBERS}},
   Year = {2023},
   url = {https://www.bls.gov/opub/btn/volume-13/a-year-in-review-exploring-consumer-price-trends-in-2023.htm},
   note = {\mbox{(accessed 13.11.2024)}}
 }

@misc{uk:2024,
   Author = {{Office for National Statistics}},
   Title = {Consumer price inflation, UK: September 2024},
   Year = {2024},
 url = {https://www.ons.gov.uk/economy/inflationandpriceindices/bulletins/consumerpriceinflation/september2024},
 note = {\mbox{(accessed 13.11.2024)}}
 }

@Manual{tennekes:2023,
  title = {treemap},
  author = {Tennekes, Martijn},
  year = {2023},
  note = {R package version 2.4-4},
  url = {https://CRAN.R-project.org/package=treemap}
}

@Manual{jahn:2024,
  title = {WeightedTreemaps},
  author = {Jahn, Michael},
  year = {2024},
  note = {R package version 0.1.3},
  url = { https://CRAN.R-project.org/package=WeightedTreemaps}
}

@Manual{jepson:2022,
  title = {ggmosaic: Mosaic Plots in the ggplot2
    Framework},
  author = {Jeppson, Haley and Hofmann, Heike and Cook, Di},
  year = {2022},
  note = {R package version 0.3.4},
  url = {https://github.com/haleyjeppson/ggmosaic}
}

@misc{NBSChina:2024,
   Author = {{National Bureau of Statistics of China}},
   Title = {Consumer Price Index for May 2024},
   Year = {2024},
   url = {https://www.stats.gov.cn/english/PressRelease/202406/t20240625_1955163.html},
   note = {\mbox{(accessed 13.11.2024)}}
 }

@misc{DeStatis:2024,
   Author = {{Statistisches Bundesamt}},
   Title = {Price Kaleidoscope},
   Year = {2024},
   url = {https://service.destatis.de/Voronoi/PriceKaleidoscope.svg},
   note = {\mbox{(accessed 13.11.2024)}}
 }

@misc{France:2017,
   Author = {{Banque de France}},
   Title = {Services prices in France and oil prices},
   Year = {2017},
   url = {https://www.bls.gov/opub/btn/volume-13/a-year-in-review-exploring-consumer-price-trends-in-2023.htm},
   note = {\mbox{(accessed 13.11.2024)}}
 }
