@article{allen1974relationship,
	title={The relationship between variable selection and data agumentation and a method for prediction},
	author={Allen, David M},
	journal={Technometrics},
	volume={16},
	number={1},
	pages={125--127},
	year={1974},
	publisher={Taylor \& Francis},
	url = {https://doi.org/10.1080/00401706.1974.10489157}
}

@article{altman1990kernel,
	title={Kernel smoothing of data with correlated errors},
	author={Altman, Naomi S},
	journal={Journal of the American Statistical Association},
	volume={85},
	number={411},
	pages={749--759},
	year={1990},
	publisher={Taylor \& Francis},
	url = {https://doi.org/10.1080/01621459.1990.10474936}
}

@Manual{balcilar2019mFilter,
	title = {mFilter: Miscellaneous Time Series Filters},
	author = {Balcilar, Mehmet},
	year = {2019},
	note = {R package version 0.1-5},
	url = {https://CRAN.R-project.org/package=mFilter},
}

@article{bauwens2000lacd,
	title={The Logarithmic {ACD} Model: An Application to the Bid-Ask Quote Process of Three {NYSE} Stocks},
	author={Bauwens, L. and Giot, P.},
	journal={Annales d'Economie et de Statistique},
	pages={117--149},
	number={60},
	year={2000},
	publisher={JSTOR},
	url = {https://doi.org/10.2307/20076257}
}

@article{baxter1999measuring,
	title={Measuring business cycles: Approximate band-pass filters for economic time series},
	author={Baxter, Marianne and King, Robert G},
	journal={Review of Economics and Statistics},
	volume={81},
	number={4},
	pages={575--593},
	year={1999},
	publisher={MIT Press},
	url={https://doi.org/10.1162/003465399558454}
}

@article{beran2002local,
	title={Local Polynomial Fitting with Long-Memory, Short-Memory and Antipersistent Errors},
	author={Beran, Jan and Feng, Yuanhua},
	journal={Annals of the Institute of Statistical Mathematics},
	volume={54},
	number={2},
	pages={291--311},
	year={2002},
	publisher={Springer},
	url = {https://doi.org/10.1023/A:1022469818068}
}

@article{beran2002semifar,
	title={SEMIFAR Modelsâ€”a Semiparametric Approach to Modelling Trends, Long-Range Dependence and Nonstationarity},
	author={Beran, Jan and Feng, Yuanhua},
	journal={Computational Statistics \& Data Analysis},
	volume={40},
	number={2},
	pages={393--419},
	year={2002},
	publisher={Elsevier},
	url = {https://doi.org/10.1016/S0167-9473(02)00007-5}
}

@article{beran2009modifying,
	title={Modifying the Double Smoothing Bandwidth Selector in Nonparametric Regression},
	author={Beran, J. and Feng, Y. and Heiler, S.},
	journal={Statistical Methodology},
	volume={6},
	number={5},
	pages={447--465},
	year={2009},
	publisher={Elsevier},	
	url = {https://doi.org/10.1016/j.stamet.2009.04.001}
}

@article{bollerslev1986garch,
	title={Generalized Autoregressive Conditional Heteroskedasticity},
	author={Bollerslev, T.},
	journal={Journal of Econometrics},
	volume={31},
	number={3},
	pages={307--327},
	year={1986},
	publisher={Elsevier},	
	url = {https://doi.org/10.1016/0304-4076(86)90063-1}
}

@article{buhlmann1996locally,
	title={Locally Adaptive Lag-Window Spectral Estimation},
	author={B{\"u}hlmann, P.},
	journal={Journal of Time Series Analysis},
	volume={17},
	number={3},
	pages={247--270},
	year={1996},
	publisher={Wiley Online Library},
	url = {https://doi.org/10.1111/j.1467-9892.1996.tb00275.x}
}

@article{engle1982arch,
	title={Autoregressive Conditional Heteroscedasticity with Estimates of the Variance of {United Kingdom} Inflation},
	author={Engle, R. F.},
	journal={Econometrica: Journal of the Econometric Society},
	pages={987--1007},
	number={4},
	volume={50},
	year={1982},
	publisher={JSTOR},
	url = {https://doi.org/10.2307/1912773}
}

@article{engle1997forecastingacd,
	title={Forecasting the Frequency of Changes in Quoted Foreign Exchange Prices with the Autoregressive Conditional Duration Model},
	author={Engle, R. F. and Russell, J. R.},
	journal={Journal of empirical finance},
	volume={4},
	number={2-3},
	pages={187--212},
	year={1997},
	publisher={Elsevier},
	url = {https://doi.org/10.1016/S0927-5398(97)00006-6}
}

@article{engle1998acd,
	title={Autoregressive Conditional Duration: A New Model for Irregularly Spaced Transaction Data},
	author={Engle, R. F. and Russell, J. R.},
	journal={Econometrica},
	pages={1127--1162},
	year={1998},
	number={5},
	volume={66},
	publisher={JSTOR},
	url = {https://doi.org/10.2307/2999632}
}

@article{engle2008spline,
	title={The {Spline-GARCH} Model for Low-Frequency Volatility and Its Global Macroeconomic Causes},
	author={Engle, R. F. and Rangel, J. G.},
	journal={The Review of Financial Studies},
	volume={21},
	number={3},
	pages={1187--1222},
	year={2008},
	publisher={Oxford University Press},
	url = {https://doi.org/10.2139/ssrn.939447}
}

@article{feng2004sim,
	title={Simultaneously Modeling Conditional Heteroskedasticity and Scale Change},
	author={Feng, Y.},
	journal={Econometric Theory},
	volume={20},
	number={3},
	pages={563--596},
	year={2004},
	publisher={Cambridge University Press},
	url = {https://doi.org/10.1017/S0266466604203061}
}

@Manual{feng2019smoots,
	title = {smoots: Nonparametric Estimation of the Trend and Its Derivatives in TS},
	author = {Feng, Yuanhua and Schulz, Dominik},
	year = {2019},
	note = {R package version 1.0.1},
	url = {https://CRAN.R-project.org/package=smoots}
}

@article{feng2009simple,
	title={A Simple Bootstrap Bandwidth Selector for Local Polynomial Fitting},
	author={Feng, Y. and Heiler, S.},
	journal={Journal of Statistical Computation and Simulation},
	volume={79},
	number={12},
	pages={1425--1439},
	year={2009},
	publisher={Taylor \& Francis},
	url = {https://doi.org/10.1080/00949650802352019}
}

@article{fenggriesfritz2020,
	title={Data-Driven Local Polynomial for the Trend and Its Derivatives in Economic Time Series},
	author={Feng, Yuanhua and Gries, Thomas and Fritz, Marlon},
	journal={Journal of Nonparametric Statistics},
	pages={510--533},
	year={2020},
	volume={32},
	number={2},	
	publisher={Taylor \& Francis},
	url = {https://doi.org/10.1080/10485252.2020.1759598}
}

@article{francisco2004plug,
	title={Plug-in Bandwidth Selector for Local Polynomial Regression Estimator with Correlated Errors},
	author={Francisco-Fern{\'a}ndez, Mario and Opsomer, Jean and Vilar-Fern{\'a}ndez, Juan M},
	journal={Nonparametric Statistics},
	volume={16},
	number={1-2},
	pages={127--151},
	year={2004},
	publisher={Taylor \& Francis},
	url = {https://doi.org/10.1080/10485250310001622848}
}

@article{feng2007asymptotic,
	title={On the Asymptotic Variance in Nonparametric Regression with Fractional Time-Series Errors},
	author={Feng, Y.},
	journal={Nonparametric Statistics},
	volume={19},
	number={2},
	pages={63--76},
	year={2007},
	publisher={Taylor \& Francis},
	url = {https://doi.org/10.1080/10485250701381737}
}

@phdthesis{forstinger2018modelling,
	title={Modelling and Forecasting Financial and Economic Time Series Using Different Semiparametric {ACD} Models},
	author={Forstinger, Sarah},
	year={2018},
	school={Paderborn, Universit{\"a}t Paderborn}
}

@article{francq2013garch,
	title={{GARCH} Models Without Positivity Constraints: Exponential or {Log GARCH}?},
	author={Francq, Christian and Wintenberger, Olivier and Zako{\"\i}an, Jean-Michel},
	journal={Journal of Econometrics},
	volume={177},
	number={1},
	pages={34--46},
	year={2013},
	publisher={Elsevier},
	url = {https://doi.org/10.1016/j.jeconom.2013.05.004}
}

@article{francq2013exponential,
	title={An Exponential Chi-Squared {QMLE} for {Log-GARCH} Models via the {ARMA} Representation},
	author={Francq, Christian and Sucarrat, Genaro},
	year={2013}
}

@article{francq2018exponential,
	title={An Exponential Chi-Squared {QMLE} for {Log-GARCH} Models via the {ARMA} Representation},
	author={Francq, Christian and Sucarrat, Genaro},
	journal={Journal of Financial Econometrics},
	volume={16},
	number={1},
	pages={129--154},
	year={2018},
	publisher={Oxford University Press},
	url = {https://doi.org/10.1093/jjfinec/nbx032}
}

@article{gasser1991flexible,
	title={A Flexible and Fast Method for Automatic Smoothing},
	author={Gasser, Theo and Kneip, Alois and K{\"o}hler, Walter},
	journal={Journal of the American Statistical Association},
	volume={86},
	number={415},
	pages={643--652},
	year={1991},
	publisher={Taylor \& Francis Group},
	url = {https://doi.org/10.1080/01621459.1991.10475090}
}

@article{geweke1986,
	title={Comment On: Modelling the Persistence of Conditional Variances},
	author={Geweke, J},
	journal={Econometric Reviews},
	volume={5},
	number={1},
	pages={57--61},
	year={1986},
	url = {https://doi.org/10.1080/07474938608800097}
}

@article{hart1991kernel,
	title={Kernel regression estimation with time series errors},
	author={Hart, Jeffrey D},
	journal={Journal of the Royal Statistical Society: Series B (Methodological)},
	volume={53},
	number={1},
	pages={173--187},
	year={1991},
	publisher={Wiley Online Library},
	url={https://doi.org/10.1111/j.2517-6161.1991.tb01816.x}
}

@Manual{herrmann2021lokern,
	title = {lokern: Kernel Regression Smoothing with Local or Global Plug-in
	Bandwidth},
	author = {Herrmann, Eva and Maechler, Martin},
	year = {2021},
	note = {R package version 1.1-9},
	url = {https://CRAN.R-project.org/package=lokern},
}

@article{hodrick1997postwar,
	title={Postwar {US} business cycles: An empirical investigation},
	author={Hodrick, Robert J and Prescott, Edward C},
	journal={Journal of Money, Credit and Banking},
	pages={1--16},
	volume={29},
	number={1},
	year={1997},
	publisher={JSTOR},
	url={https://doi.org/10.2307/2953682}
}

@article{milhoj1987lgarch,
	title={A Conditional Variance Model for Daily Deviations of an Exchange Rate},
	author={Milh{\o}j, Anders},
	journal={Journal of Business \& Economic Statistics},
	volume={5},
	number={1},
	pages={99--103},
	year={1987},
	publisher={Taylor \& Francis Group},
	url = {https://doi.org/10.1080/07350015.1987.10509564}
}

@book{milhoj1987multi,
	title={A Multiplicative Parameterization of {ARCH} Models},
	author={Milh{\o}j, Anders},
	year={1987},
	publisher={University of Copenhagen, Department of Statistics}
}

@book{mueller1988,
	author    = {M{\"u}ller, Hans-Georg}, 
	title     = {Nonparametric Regression Analysis of Longitudinal Data},
	publisher = {Springer},
	year      = 1988,
	address   = {New York, NY},
	url = {https://doi.org/10.1007/978-1-4612-3926-0}
}

  @Manual{ojeda2018locpol,
	title = {locpol: Kernel Local Polynomial Regression},
	author = {Ojeda Cabrera, Jorge Luis},
	year = {2018},
	note = {R package version 0.7-0},
	url = {https://CRAN.R-project.org/package=locpol},
}

@incollection{opsomer1997nonparametric,
	title={Nonparametric regression in the presence of correlated errors},
	author={Opsomer, JD},
	booktitle={Modelling Longitudinal and Spatially Correlated Data},
	pages={339--348},
	year={1997},
	publisher={Springer},
	address={New York, NY},
	url = {https://doi.org/10.1007/978-1-4612-0699-6_30}
}

@article{pantula1986,
	title={Modeling the Persistence of Conditional Variances: A Comment},
	author={Pantula, S. G.},
	journal={Econometric Reviews},
	volume={5},
	number={1},
	pages={71--74},
	year={1986},
	url={https://doi.org/10.1080/07474938608800099}
}

@Manual{qiu2015rmaf,
	title = {rmaf: Refined Moving Average Filter},
	author = {Qiu, Debin},
	year = {2015},
	note = {R package version 3.0.1},
	url = {https://CRAN.R-project.org/package=rmaf},
}

@article{ruppert1995effective,
	title={An effective bandwidth selector for local least squares regression},
	author={Ruppert, David and Sheather, Simon J and Wand, Matthew P},
	journal={Journal of the American Statistical Association},
	volume={90},
	number={432},
	pages={1257--1270},
	year={1995},
	publisher={Taylor \& Francis},
	url = {https://doi.org/10.1080/01621459.1995.10476630}
}

@article{sucarrat2016log,
	title={Estimation and Inference in Univariate and Multivariate {log-GARCH-X} Models When the Conditional Density Is Unknown},
	author={Sucarrat, G. and Gr{\o}nneberg, S. and Escribano, A.},
	journal={Computational Statistics \& Data Analysis},
	volume={100},
	pages={582--594},
	year={2016},
	publisher={Elsevier},
	url = {https://doi.org/10.1016/j.csda.2015.12.005}
}

@article{sucarrat_escribano17,
	title={Estimation of {Log-GARCH} Models in the Presence of Zero Returns},
	author={Sucarrat, G. and Escribano, A.},
	journal={The European Journal of Finance},
	volume={24},
	number={10},
	pages={809--827},
	year={2018},
	publisher={Taylor \& Francis},
	url = {https://doi.org/10.1080/1351847X.2017.1336452}
}

@Manual{sucarrat2015lgarch,
	title = {lgarch: Simulation and Estimation of {Log-GARCH} Models},
	author = {Sucarrat, Genaro},
	year = {2015},
	note = {R package version 0.6-2},
	url = {https://CRAN.R-project.org/package=lgarch}
}

@incollection{sucarrat2019log,
	title={The {log-GARCH} model via {ARMA} representations},
	author={Sucarrat, Genaro},
	booktitle={Financial Mathematics, Volatility and Covariance Modelling},
	pages={336--359},
	year={2019},
	volume={2},
	edition={1},
	publisher={Routledge},
	address={London},
	url={https://doi.org/10.4324/9781315162737}
}

@Manual{wand2021KernSmooth,
	title = {KernSmooth: Functions for Kernel Smoothing Supporting Wand \& Jones (1995)},
	author = {Wand, Matt},
	year = {2021},
	note = {R package version 2.23-20},
	url = {https://CRAN.R-project.org/package=KernSmooth}
}
