@article{McGill1978,
  author = {Robert Mcgill and John W. Tukey and Wayne A. Larsen},
  title = {Variations of Box Plots},
  journal = {The American Statistician},
  volume = {32},
  number = {1},
  pages = {12-16},
  year  = {1978},
  publisher = {Taylor & Francis},
  url = {https://doi.org/10.1080/00031305.1978.10479236},
}

@article{Papastamoulis2015,
    author = {P. Papastamoulis},
    title = {label.switching: An {R} Package for Dealing with the Label Switching Problem in {MCMC} Outputs},
    journal = {Journal of Statistical Software},
     year = 2016,
   volume = {69},
   url={https://doi.org/10.18637/jss.v069.c01}
}

@article{Celeux2000,
author = {G. Celeux and M. Hurn and C. Robert}, 
title = {Computational and Inferential Difficulties with Mixture Posterior Distribution},
volume = {95}, 
number = {451}, 
pages = {957-970}, 
year = {2000}, 
journal = {Journal of the American Statistical Association},
url = {https://doi.org/10.2307/2669477}
}

@article{Stephens2000,
  url = {https://doi.org/10.1111/1467-9868.00265},
  year = {2000},
  month = nov,
  publisher = {Wiley},
  volume = {62},
  number = {4},
  pages = {795--809},
  author = {Matthew Stephens},
  title = {Dealing with label switching in mixture models},
  journal = {Journal of the Royal Statistical Society: Series B (Statistical Methodology)}
}

@article{Jasra2005,
  url = {https://doi.org/10.1214/088342305000000016},
  year = {2005},
  month = feb,
  publisher = {Institute of Mathematical Statistics},
  volume = {20},
  number = {1},
  pages = {50--67},
  author = {A. Jasra and C. C. Holmes and D. A. Stephens},
  title = {{Markov} Chain {Monte} {Carlo} Methods and the Label Switching Problem in {Bayesian} Mixture Modeling},
  journal = {Statistical Science}
}

@article{crispino2019,
  url = {https://doi.org/10.1214/18-aoas1203},
  year = {2019},
  month = mar,
  publisher = {Institute of Mathematical Statistics},
  volume = {13},
  number = {1},
  pages = {492--519},
  author = {Marta Crispino and Elja Arjas and Valeria Vitelli and Natasha Barrett and Arnoldo Frigessi},
  title = {A {Bayesian} {Mallows} approach to nontransitive pair comparison data: How human are sounds?},
  journal = {The Annals of Applied Statistics}
}



@Manual{Muller2018,
  title = {tibble: Simple Data Frames},
  author = {Kirill M{\"u}ller and Hadley Wickham},
  year = {2018},
  note = {R package version 1.4.2},
  url = {https://CRAN.R-project.org/package=tibble},
}



@article{asfaw2017time,
  title={Time-Varying Rankings With the {B}ayesian {M}allows Model},
  author={Asfaw, Derbachew and Vitelli, Valeria and S{\o}rensen, {\O}ystein and Arjas, Elja and Frigessi, Arnoldo},
  journal={Stat},
  volume={6},
  number={1},
  pages={14--30},
  year={2017},
  publisher={Wiley Online Library},
  url = {https://doi.org/10.1002/sta4.132}
}

@book{Marden1995,
	Author = {J. I. Marden},
	address = {Cambridge, MA, USA},
	Publisher = {Chapman \& Hall},
	Title = {Analyzing and Modeling Rank Data},
	Year = {1995},
	series = {Monographs on Statistics and Applied Probability},
	volume = {64}
}


@book{Alvo2014,
	Author = {Mayer Alvo and Philip L.H. Yu},
	address = {New York, NY, USA},
	Publisher = {Springer},
	Title = {Statistical Methods for Ranking Data},
	Year = {2014},
	series = {Frontiers in Probability and the Statistical Sciences},
	url = {https://doi.org/10.1007/978-1-4939-1471-5}
}


@article{irurozki2016sampling,
  url = {https://doi.org/10.1007/s11009-016-9506-7},
  year = {2016},
  month = jun,
  publisher = {Springer Science and Business Media {LLC}},
  volume = {20},
  number = {1},
  pages = {1--35},
  author = {Ekhine Irurozki and Borja Calvo and Jose A. Lozano},
  title = {Sampling and Learning {Mallows} and Generalized {Mallows} Models Under the {Cayley} Distance},
  journal = {Methodology and Computing in Applied Probability}
}



@Manual{Mersmann2018,
  title = {microbenchmark: Accurate Timing Functions},
  author = {Olaf Mersmann},
  year = {2018},
  note = {R package version 1.4-6},
  url = {https://CRAN.R-project.org/package=microbenchmark},
}

@article{irurozki2014Ham,
  title={Sampling and Learning the {M}allows and Weighted {M}allows Models Under the {H}amming Distance},
  author={Irurozki, E.  and Calvo, B. and Lozano, A.},
  JOURNAL = {Technical Report},
  url={https://addi.ehu.es/handle/10810/11240},
  year={2014}
}


@article{Lu2015,
  author =    {T. Lu and C. Boutilier},
  title =     {Effective Sampling and Learning for {M}allows Models with Pairwise-Preference Data},
  journal =      {Journal of Machine Learning Research},
  volume =      {15},
  year =      {2014},
  pages=      {3783--3829},
}

@inproceedings{Meila2010,
	Author = {M. Meil\v{a} and H. Chen},
	Booktitle = {Proceedings of the Twenty-Sixth Conference Annual Conference on Uncertainty in Artificial Intelligence (UAI-10)},
	Title = {{D}irichlet Process Mixtures of Generalized {M}allows Models},
	Year = {2010}, 
	publisher = {AUAI Press},
	ADDRESS = {Corvallis, OR, USA},
	PAGES = {358--367}
		}



@article{Irurozki2016,
  url = {https://doi.org/10.18637/jss.v071.i12},
  year = {2016},
  publisher = {Foundation for Open Access Statistic},
  volume = {71},
  number = {12},
  author = {Ekhine Irurozki and Borja Calvo and Jose A. Lozano},
  title = {{PerMallows: An R Package for Mallows and Generalized Mallows Models}},
  journal = {Journal of Statistical Software}
}



@book{Diaconis1988,
	Author = {P. Diaconis},
	Publisher = {Institute of Mathematical Statistics},
	address = {Hayward, CA, USA},
	Series = {Lecture Notes - Monograph Series},
	Volume = {11},	
	Title = {Group Representations in Probability and Statistics},
	Year = {1988}
	}


@article{Vitelli2018,
  author = {Vitelli, Valeria and S{\o}rensen, {\O}ystein and Crispino, Marta and Frigessi, Arnoldo and Arjas, Elja},
  title = {Probabilistic Preference Learning with the {M}allows Rank Model},
  journal = {Journal of Machine Learning Research},
  volume = {18},
  number = {1},
  month = jan,
  year = {2018},
  pages = {5796--5844}
} 

@online{Sloane2017,
  title={The {O}n-{L}ine {E}ncyclopedia of {I}nteger {S}equences},
  author = {Sloane, N. J. A.},
  journal = {published electronically at},
  url = {http://oeis.org},
  year = {2017}
  }


@article{Mukherjee2016,
  title={Estimation in Exponential Families on Permutations},
  author={Mukherjee, S.},
  journal={The Annals of Statistics},
  volume={44},
  number={2},
  pages={853--875},
  year={2016},
  publisher={Institute of Mathematical Statistics},
  url={https://doi.org/doi:10.1214/15-AOS1389}
}


@article{Fligner1986,
  url = {https://doi.org/10.1111/j.2517-6161.1986.tb01420.x},
  year = {1986},
  month = jul,
  publisher = {Wiley},
  volume = {48},
  number = {3},
  pages = {359--369},
  author = {M. A. Fligner and J. S. Verducci},
  title = {Distance Based Ranking Models},
  journal = {Journal of the Royal Statistical Society: Series B (Methodological)}
}


@article{Mallows1957,
author = {Mallows, C. L.},
title = {Non-Null Ranking Models. I},
journal = {Biometrika},
volume = {44},
number = {1-2},
pages = {114-130},
year = {1957},
URL = {https://doi.org/10.1093/biomet/44.1-2.114}
}


@Article{Lee2013,
  author="Lee, Paul H.
  and Yu, Philip LH",
  title="An {R} Package for Analyzing and Modeling Ranking Data",
  journal="BMC Medical Research Methodology",
  year="2013",
  month="May",
  day="14",
  volume="13",
  number="1",
  pages="65",
  issn="1471-2288",
  doi="10.1186/1471-2288-13-65",
  url="https://doi.org/10.1186/1471-2288-13-65"
}



@Manual{Wickham2018dplyr,
  title = {dplyr: A Grammar of Data Manipulation},
  author = {Hadley Wickham and Romain Fran{\c c}ois and Lionel Henry and Kirill M{\"u}ller},
  year = {2018},
  note = {R package version 0.7.7},
  url = {https://CRAN.R-project.org/package=dplyr},
}

@Manual{Wickham2018tidyr,
  title = {tidyr: Easily Tidy Data with 'spread()' and 'gather()' Functions},
  author = {Hadley Wickham and Lionel Henry},
  year = {2018},
  note = {R package version 0.8.1},
  url = {https://CRAN.R-project.org/package=tidyr},
}


@Book{Wickham2016,
  author = {Hadley Wickham},
  title = {ggplot2: Elegant Graphics for Data Analysis},
  publisher = {Springer-Verlag New York},
  year = {2016},
  isbn = {978-3-319-24277-4},
  url = {http://ggplot2.org},
}


@inproceedings{Kamishima2003,
  author = {Kamishima, Toshihiro},
  title = {Nantonac Collaborative Filtering: Recommendation Based on Order Responses},
  booktitle = {Proceedings of the Ninth ACM SIGKDD International Conference on Knowledge Discovery and Data Mining},
  series = {KDD '03},
  year = {2003},
  isbn = {1-58113-737-0},
  location = {Washington, D.C.},
  pages = {583--588},
  numpages = {6},
  url = {https://doi.org/10.1145/956750.956823},
  publisher = {ACM},
  address = {New York, NY, USA},
  keywords = {collaborative filtering, order, recommender system},
} 


@article{Liu2019,
author = {Liu, Qinghua and Crispino, Marta and Scheel, Ida and Vitelli, Valeria and Frigessi, Arnoldo},
title = {Model-Based Learning from Preference Data},
journal = {Annual Review of Statistics and Its Application},
volume = {6},
number = {1},
pages = {329-354},
year = {2019},
URL = {https://doi.org/10.1146/annurev-statistics-031017-100213}
}



@article{Borda1781,
  title={M{\'e}moire sur les {\'e}lections au scrutin, Histoire de l'Acad{\'e}mie Royale des Sciences},
  author={de Borda, J. C.},
  journal={Paris, France},
  year={1781}
}

@article{Condorcet1785,
  title={Essai sur l'application de l'analyse {\`a} la probabilit{\'e} des d{\'e}cisions rendues {\`a} la pluralit{\'e} des voix},
  author={Marquis of Condorcet, Marie Jean Antoine Nicolas de Caritat},
  journal={Paris: De l'imprimerie royale},
  year={1785}
}

@Manual{Qian2018,
  title = {rankdist: Distance Based Ranking Models},
  author = {Zhaozhi Qian},
  year = {2018},
  note = {R package version 1.1-3},
  url = {https://CRAN.R-project.org/package=rankdist},
}