@Article{Alfons.2010,
  title =	 {An Object-Oriented Framework for Statistical
                  Simulation: The {R} Package {simFrame}},
  author =	 {Andreas Alfons and Matthias Templ and Peter
                  Filzmoser},
  journal =	 {Journal of Statistical Software},
  year =	 2010,
  volume =	 37,
  number =	 3,
  pages =	 {1--36},
  url =		 {http://www.jstatsoft.org/v37/i03/}
}

@Manual{Bail.2014,
  title =	 {stratification: Univariate Stratification of Survey
                  Populations},
  author =	 {Sophie Baillargeon and Louis-Paul Rivest},
  year =	 2014,
  note =	 {R package version 2.2-5},
  url =		 {https://CRAN.R-project.org/package=stratification},
}

@Article{Barcaroli.14,
  title =	 {{SamplingStrata}: An {R} Package for the
                  Optimization of Stratified Sampling},
  author =	 {Giulio Barcaroli},
  journal =	 {Journal of Statistical Software},
  year =	 2014,
  volume =	 61,
  number =	 4,
  pages =	 {1--24},
  url =		 {http://www.jstatsoft.org/v61/i04/},
}

@BOOK{Cochran.77,
  title =	 {Sampling Techniques},
  publisher =	 {John Wiley \& Sons, Inc.},
  year =	 1977,
  author =	 {Cochran, W.G.},
  address =	 {New York},
}

@BOOK{Deaton.1997,
  title =	 {Analysis of Household Surveys},
  publisher =	 {Johns Hopkins University Press},
  year =	 1997,
  author =	 {Deaton, A.},
  address =	 {Baltimore}
}

@ARTICLE{Francisco.1991,
  author =	 {Francisco, C. and Fuller, W. A.},
  title =	 {Quantile Estimation with a Complex Survey Design},
  journal =	 {The Annals of Statistics},
  year =	 1991,
  volume =	 19,
  pages =	 {454--469}
}

@ARTICLE{Fylstra.98,
  author =	 {Fylstra, D. and Lasdon, L. and Watson, J. and Waren,
                  A.},
  title =	 {Design and Use of the {M}icrosoft {E}xcel Solver},
  journal =	 {INFORMS Interfaces},
  year =	 1998,
  volume =	 28,
  pages =	 {29--55},
  owner =	 {jdever},
  timestamp =	 {2008.09.14}
}

@ARTICLE{Gabler.2012,
  author =	 {Gabler, S. and Ganninger, M. and M\"{u}nnich, R.},
  title =	 {Optimal allocation of the sample size to strata
                  under box constraints},
  journal =	 {Metrika},
  year =	 2012,
  volume =	 75,
  pages =	 {151--161}
}

@Manual{Gambino.05,
  title =	 {{pps}: Functions for {PPS} Sampling},
  author =	 {Gambino, J. G.},
  year =	 {2012},
  note =	 {R package version 0.94},
  url =		 {https://CRAN.R-project.org/package=pps}
}

@manual{Ghalanos.2014,
  title =	 {Rsolnp: General Non-linear Optimization Using
                  Augmented Lagrange Multiplier Method},
  author =	 {Ghalanos, A. and Theussl, S.},
  year =	 2014,
  note =	 {R package version 1.15},
  url =		 {https://CRAN.R-project.org/package=Rsolnp},
}

@ARTICLE{Godambe.65,
  author =	 {Godambe, V. P. and Joshi, V. M.},
  title =	 {Admissibility and {B}ayes Estimation in Sampling
                  Finite Populations -- {I}},
  journal =	 {The Annals of Mathematical Statistics},
  year =	 1965,
  volume =	 36,
  pages =	 {1707--1723}
}

@BOOK{Hansen.53a,
  title =	 {Sample Survey Methods and Theory},
  volume =	 {I},
  publisher =	 {John Wiley \& Sons, Inc.},
  year =	 1953,
  author =	 {Hansen, M. H. and Hurwitz, W. H. and Madow, W. G.},
  address =	 {New York},
  owner =	 {jdever},
  timestamp =	 {2008.09.14}
}

@ARTICLE{Hansen.83,
  author =	 {Hansen, M. H. and Madow, W. G. and Tepping, B. J.},
  title =	 {An Evaluation of Model-Dependent and Probability
                  Sampling Inferences in Sample Surveys},
  journal =	 {Journal of the American Statistical Association},
  year =	 1983,
  volume =	 78,
  pages =	 {776--793},
  owner =	 {jdever},
  timestamp =	 {2008.09.14}
}

@ARTICLE{Iannacchione.11a,
  author =	 {Iannacchione, V. G. and Dever, J. A. and Bann,
                  C. M. and Considine, K. A. and Creel, D. and Carson,
                  C. P. and Best, H. L. and Haley, R. W.},
  title =	 {Validation of a Research Case Definition of {Gulf
                  War} Illness in the 1991 {U.S.} Military Population},
  journal =	 {Neuroepidemiology},
  volume =	 37,
  number =	 2,
  year =	 2011,
  pages =	 {129--140}
}

@ARTICLE{IsakiFuller.82,
  author =	 {Isaki, C. T. and Fuller, W. A.},
  title =	 {Survey Design under the Regression Superpopulation
                  Model},
  journal =	 {Journal of the American Statistical Association},
  year =	 1982,
  volume =	 77,
  pages =	 {89--96},
  number =	 377,
  owner =	 {jdever},
  timestamp =	 {2008.09.11}
}

@BOOK{Lohr.99,
  title =	 {Sampling: Design and Analysis},
  publisher =	 {Duxbury Press},
  year =	 1999,
  author =	 {Lohr, S. L.},
  address =	 {Pacific Grove CA},
  owner =	 {jdever},
  timestamp =	 {2008.01.29}
}

@book{Lumley.10,
  author =	 {Lumley, T.},
  title =	 {Complex Surveys},
  year =	 2010,
  publisher =	 {John Wiley \& Sons, Inc.},
  address =	 {New York}
}

@Manual{Lumley.12,
  title =	 {survey: Analysis of Complex Survey Samples},
  author =	 {Lumley, T.},
  year =	 {2014},
  note =	 {R package version 3.30-3},
  url =		 {https://CRAN.R-project.org/package=survey},
}

@Manual{Manitz.12,
  title =	 {{samplingbook:} Survey Sampling Procedures},
  author =	 {Manitz, J.},
  year =	 2013,
  url =		 {https://CRAN.R-project.org/package=samplingbook},
  note =	 {R package version 1.2.0, with contributions by
                  M. Hempelmann, G. Kauermann, H. Kuechenhoff,
                  S. Shao, C. Oberhauser, N. Westerheide,
                  M. Wiesenfarth}
}

@article{Neyman.38,
  Author =	 {Neyman, J.},
  Title =	 {Contribution to the theory of Sampling Human
                  Populations},
  Journal =	 {Journal of the American Statistical Association},
  Year =	 1938,
  Volume =	 33,
  Number =	 201,
  Pages =	 {101--116}
}

@BOOK{SSW.92,
  title =	 {Model Assisted Survey Sampling},
  author =	 {S\"{a}rndal, {C.-E.} and Swensson, B. and Wretman,
                  J.},
  publisher =	 {Springer-Verlag},
  address =	 {New York},
  year =	 1992,
}

@book{Tille.2006,
  title =	 {Sampling Algorithms},
  author =	 {Till{\'e}, Y.},
  publisher =	 {Springer-Verlag},
  address =	 {New York},
  year =	 2006
}

@Manual{Tille.2013,
  title =	 {{sampling:} Survey Sampling},
  author =	 {Till{\'e}, Y. and Matei, A.},
  year =	 2013,
  note =	 {R package version 2.6},
  url =		 {https://CRAN.R-project.org/package=sampling}
}

@book{VDK.13,
  author =	 {Valliant, R. and Dever, J.A. and Kreuter, F.},
  title =	 {Practical Tools for Designing and Weighting Survey
                  Samples},
  year =	 2013,
  publisher =	 {Springer-Verlag},
  address =	 {New York}
}

@Electronic{Theussl.2015,
  Title =	 {{CRAN} Task View: Optimization and Mathematical
                  Programming},
  Author =	 {Theussl, S. and Borchers, H.W.},
  url =		 {https://CRAN.R-project.org/view=Optimization},
  Year =	 {2015}
}

@Manual{Valliant.2015,
  title =	 {{PracTools}: Tools for Designing and Weighting
                  Survey Samples},
  author =	 {Valliant, R. and Dever, J.A. and Kreuter, F.},
  year =	 2015,
  note =	 {R package version 0.2},
  url =		 {https://CRAN.R-project.org/package=PracTools},
}

@Manual{Varadhan.15,
  title =	 {alabama: Constrained Nonlinear Optimization},
  author =	 {Varadhan, R.},
  year =	 2015,
  url =		 {https://CRAN.R-project.org/package=alabama},
  note =	 {R package version 2015.3-1, with contributions from G.~Grothendieck}
}

@article{Wilson.27,
  Author =	 {Wilson, E. B.},
  Title =	 {Probable inference, the law of succession, and
                  statistical inference},
  Journal =	 {Journal of the American Statistical Association},
  Year =	 1927,
  Volume =	 22,
  Pages =	 {209--212}
}

@Book{Wolter.2007,
  Title =	 {Introduction to Variance Estimation},
  Author =	 {Wolter, K. M.},
  Publisher =	 {Springer-Verlag},
  Year =	 2007,
  Address =	 {New York},
  Edition =	 {2nd}
}

@article{Woodward.92,
  Author =	 {Woodward, M.},
  Title =	 {Formulas for Sample Size, Power, and Minimum
                  Detectable Relative Risk in Medical Studies},
  Journal =	 {The Statistician},
  Year =	 1992,
  Volume =	 41,
  Pages =	 {185--196}
}

@Misc{blshom.13,
  author =	 {{Bureau of Labor Statistics}},
  title =	 {{BLS} Handbook of Methods},
  url =		 {http://www.bls.gov/opub/hom/},
  year =	 2013
}

@Misc{cdcnhanes.13,
  author =	 {{Center for Disease Control and Prevention}},
  title =	 {National Health and Nutrition Examination Survey},
  year =	 2013,
  url =		 {http://www.cdc.gov/nchs/nhanes.htm}
}

@Misc{cdcnhis.13,
  author =	 {{Center for Disease Control and Prevention}},
  title =	 {National Health Interview Survey},
  year =	 2013,
  url =		 {http://www.cdc.gov/nchs/nhis.htm}
}

