




@article{Bautista2019,
author = {Bautista, N},
title = {SDG Ontology},
year = {2019},
url= {https://doi.org/10.6084/m9.figshare.11106113.v1}
}



@book{SGD_report2022,
author = {UN},
title = {{The Sustainable Development Goals Report 2022}},
publisher = {United Nations},
year = {2022},
}


@article{jayabalasingham2019identifying,
  title={Identifying research supporting the United Nations sustainable development goals},
  author={Jayabalasingham, Bammini and Boverhof, Roy and Agnew, Kevin and Klein, Lisette},
  journal={Mendeley Data},
  volume={1},
  url = {https://doi.org/10.17632/87txkw7khs.1},
  year={2019}
}



@software{vanderfeesten_maurice_2020_3817445,
  author       = {Vanderfeesten, Maurice and
                  Otten, René and
                  Spielberg, Eike},
  title        = {{Search Queries for "Mapping Research Output to the 
                   Sustainable Development Goals (SDGs)" v5.0}},
  month        = jul,
  year         = 2020,
  publisher    = {Zenodo},
  version      = {5.0},
  url          = {https://doi.org/10.5281/zenodo.3817445}
}



@dataset{duran_silva_nicolau_2019_3567769,
  author       = {Duran-Silva, Nicolau and
                  Fuster, Enric and
                  Massucci, Francesco Alessandro and
                  Quinquillà, Arnau},
  title        = {{A controlled vocabulary defining the semantic 
                   perimeter of Sustainable Development Goals}},
  month        = dec,
  year         = 2019,
  publisher    = {Zenodo},
  version      = {1.2},
  url          = {https://doi.org/10.5281/zenodo.3567769}
}

@online{sdsn,
  author = {{Sustainable Development Solutions Network (SDSN)}},
  title = {Compiled list of SDG keywords},
  year = 2021,
  url = {https://ap-unsdsn.org/regional-initiatives/universities-sdgs/},
  urldate = {2010-09-30}
}



@dataset{vanderfeesten_maurice_2020_3813230,
  author       = {Vanderfeesten, Maurice and
                  Spielberg, Eike and
                  Gunes, Yassin},
  title        = {{Survey data of "Mapping Research Output to the 
                   Sustainable Development Goals (SDGs)"}},
  month        = may,
  year         = 2020,
  publisher    = {Zenodo},
  version      = {1.0.1},
  doi          = {10.5281/zenodo.3813230},
  url          = {https://doi.org/10.5281/zenodo.3813230}
}



@Manual{corpustools,
  title = {corpustools: Managing, Querying and Analyzing Tokenized Text},
  author = {Kasper Welbers and Wouter {van Atteveldt}},
  year = {2021},
  note = {R package version 0.4.8},
  url = {https://CRAN.R-project.org/package=corpustools},
}

@Manual{readr,
    title = {readr: Read Rectangular Text Data},
    author = {Hadley Wickham and Jim Hester and Jennifer Bryan},
    year = {2021},
    note = {R package version 2.1.1},
    url = {https://CRAN.R-project.org/package=readr},
  }
  
  @Book{ggplot2,
    author = {Hadley Wickham},
    title = {ggplot2: Elegant Graphics for Data Analysis},
    publisher = {Springer-Verlag New York},
    year = {2016},
    isbn = {978-3-319-24277-4},
    url = {https://ggplot2.tidyverse.org},
  }
  
  
  @article{wang2023mapping,
  title={Mapping research to the Sustainable Development Goals (SDGs)},
  author={Wang, Weiwei and Kang, Weihao and Mu, Jingwen},
  year={2023},
  url          = {https://doi.org/10.21203/rs.3.rs-2544385/v1}
}

@article{wulff2023using,
  title={Using novel data and ensemble models to improve automated labeling of Sustainable Development Goals},
  author={Wulff, Dirk U and Meier, Dominik S and Mata, Rui},
  journal={arXiv preprint arXiv:2301.11353},
  year={2023}
}

@article{grun2011topicmodels,
  title={topicmodels: An R package for fitting topic models},
  author={Gr{\"u}n, Bettina and Hornik, Kurt},
  journal={Journal of statistical software},
  volume={40},
  pages={1--30},
  doi={https://doi.org/10.18637/jss.v040.i13},
  year={2011}
}

@article{reimers2019sentence,
  title={Sentence-bert: Sentence embeddings using siamese bert-networks},
  author={Reimers, Nils and Gurevych, Iryna},
  journal={arXiv preprint arXiv:1908.10084},
  year={2019},
  doi={https://doi.org/10.48550/arXiv.1908.10084}
}

@article{ding2020cogltx,
  title={Cogltx: Applying bert to long texts},
  author={Ding, Ming and Zhou, Chang and Yang, Hongxia and Tang, Jie},
  journal={Advances in Neural Information Processing Systems},
  volume={33},
  pages={12792--12804},
  year={2020}
}

@misc{OSDG2,
  doi = {10.48550/ARXIV.2211.11252},
  
  url = {https://arxiv.org/abs/2211.11252},
  
  author = {Pukelis, Lukas and Bautista-Puig, Nuria and Statulevičiūtė, Gustė and Stančiauskas, Vilius and Dikmener, Gokhan and Akylbekova, Dina},
  
  keywords = {Digital Libraries (cs.DL), FOS: Computer and information sciences, FOS: Computer and information sciences},
  
  title = {OSDG 2.0: a multilingual tool for classifying text data by UN Sustainable Development Goals (SDGs)},
  
  publisher = {arXiv},
  
  year = {2022},
  
  copyright = {Creative Commons Attribution 4.0 International}
}


@article{siew2019cognitive,
  title={Cognitive network science: A review of research on cognition through the lens of network representations, processes, and dynamics},
  author={Siew, Cynthia SQ and Wulff, Dirk U and Beckage, Nicole M and Kenett, Yoed N},
  journal={Complexity},
  volume={2019},
  year={2019},
  doi={https://doi.org/10.1155/2019/2108423},
  publisher={Hindawi}
}


@article{pukelis2020osdg,
  title={OSDG--Open-Source Approach to Classify Text Data by UN Sustainable Development Goals (SDGs)},
  author={Pukelis, Lukas and Puig, N{\'u}ria Bautista and Skrynik, Mykola and Stanciauskas, Vilius},
  journal={arXiv preprint arXiv:2005.14569},
  year={2020},
  doi={https://doi.org/10.48550/arXiv.2005.14569}
}


@dataset{meier_2024_11060662,
  author       = {Meier, Dominik S.},
  title        = {Descriptions of SNSF-funded research projects},
  month        = apr,
  year         = 2024,
  publisher    = {Zenodo},
  doi          = {10.5281/zenodo.11060662},
  url          = {https://doi.org/10.5281/zenodo.11060662}
}