@book{bishop06:pattern,
  title =	 {Pattern Recognition and Machine Learning},
  author =	 {Bishop, C. M. and Nasrabadi, N. M.},
  volume =	 1,
  year =	 2006,
  publisher =	 {Springer-Verlag},
  address =	 {New York}
}

@article{bradley01:surface,
  title =	 {Surface Texture Indicators of Tool Wear -- A Machine
                  Vision Approach},
  author =	 {Bradley, C. and Wong, Y. S.},
  year =	 2001,
  journal =	 {The International Journal of Advanced Manufacturing
                  Technology},
  volume =	 17,
  number =	 6,
  pages =	 {435--443},
}

@article{chan00:fabric,
  title =	 {Fabric Defect Detection by {F}ourier Analysis},
  author =	 {Chan, C. and Pang, G. K. H.},
  journal =	 {IEEE Transactions on Industry Applications},
  volume =	 36,
  number =	 5,
  pages =	 {1267--1276},
  year =	 2000,
  publisher =	 {IEEE}
}

@book{davison99:bootstrap,
  title =	 {Bootstrap Methods and their Application},
  author =	 {Davison, A.C. and Hinkley, D.V. and Canty, A. J.},
  year =	 1999,
  publisher =	 {Cambridge University Press}
}

@article{eckley10:locally,
  title =	 {Locally Stationary Wavelet Fields with Application
                  to the Modelling and Analysis of Image Texture},
  author =	 {Eckley, I. A. and Nason, G. P. and Treloar, R. L.},
  journal =	 {Journal of the Royal Statistical Society C},
  year =	 2010,
  volume =	 59,
  number =	 4,
  pages =	 {595--616},
  publisher =	 {John Wiley \& Sons}
}

@Manual{eckley11:ls2wpackage,
  author =	 {Eckley, I. A. and Nason, G. P.},
  title =	 {LS2W: Locally Stationary Two-Dimensional Wavelet
                  Process Estimation Scheme},
  note =	 {R package version 1.3-3},
  url =		 {http://CRAN.R-project.org/package=LS2W},
  year =	 2013
}

@Article{eckley11:ls2w,
  title =	 {{LS2W}: Locally stationary wavelet fields in {R}},
  author =	 {Eckley, I. A. and Nason, G. P.},
  journal =	 {Journal of Statistical Software},
  year =	 2011,
  volume =	 43,
  number =	 3,
  pages =	 {1--23},
  url =		 {http://www.jstatsoft.org/v43/i03},
}

@Manual{ferreira12:dpmixsim,
  title =	 {dpmixsim: Dirichlet Process Mixture Model Simulation
                  for Clustering and Image Segmentation},
  author =	 {Adelino Ferreira da Silva},
  year =	 2012,
  note =	 {R package version 0.0-8},
  url =		 {http://CRAN.R-project.org/package=dpmixsim},
}

@article{funck03:image,
  title =	 {Image Segmentation Algorithms Applied to Wood Defect
                  Detection},
  author =	 {Funck, J .W. and Zhong, Y. and Butler, D. A. and
                  Brunner, C. C. and Forrer, J. B.},
  journal =	 {Computers and Electronics in Agriculture},
  volume =	 41,
  number =	 1,
  pages =	 {157--179},
  year =	 2003,
}

@Book{gonzalez01:digital,
  title =	 {Digital Image Processing},
  publisher =	 {Prentice Hall},
  year =	 2001,
  author =	 {Gonzalez, R. C. and Woods, R. E.},
  edition =	 {2nd}
}

@article{he00:unsupervised,
  title =	 {Unsupervised Texture Segmentation Using Resonance
                  Algorithm for Natural Scenes},
  author =	 {He, H. and Chen, Y. Q.},
  journal =	 {Pattern Recognition Letters},
  volume =	 21,
  number =	 8,
  pages =	 {741--757},
  year =	 2000,
  publisher =	 {Elsevier}
}

@article{kim07:texture,
  title =	 {Texture Classification and Segmentation using
                  Wavelet Packet Frame and {G}aussian Mixture Model},
  author =	 {Kim, S.C. and Kang, T.J.},
  journal =	 {Pattern Recognition Letters},
  volume =	 40,
  pages =	 {1207--1221},
  year =	 2007
}

@article{lehmann11:turbo,
  title =	 {Turbo Segmentation of Textured Images},
  author =	 {Lehmann, F.},
  journal =	 {IEEE Transactions on Pattern Analysis and Machine
                  Intelligence},
  volume =	 33,
  number =	 1,
  pages =	 {16--29},
  year =	 2011,
  publisher =	 {IEEE}
}

@Article{lupi14:CADFtest,
  title =	 {Unit Root {CADF} Testing with {R}},
  author =	 {Claudio Lupi},
  journal =	 {Journal of Statistical Software},
  year =	 2009,
  volume =	 32,
  pages =	 {1--19},
  number =	 2,
  url =		 {http://www.jstatsoft.org/v32/i02},
}

@Manual{bordese13:biOps,
  author =	 {Bordese, M. and Alini, W.},
  title =	 {{biOps}: Image Processing and Analysis},
  note =	 {R package version 0.2.2},
  year =	 2013,
  url =		 {http://CRAN.R-project.org/package=biOps},
}

@book{nason08:wavelet,
  title =	 {Wavelet Methods in Statistics with {R}},
  author =	 {Nason, G. P.},
  year =	 2008,
  publisher =	 {Springer-Verlag}
}

@Manual{nason13:locits,
  author =	 {Nason, G. P.},
  title =	 {locits: Test of Stationarity and Localized
                  Autocovariance},
  note =	 {R package version 1.4},
  year =	 2013,
  url =		 {http://CRAN.R-project.org/package=locits},
}

@Article{nason13:locits2,
  title =	 {A test for second-order stationarity and approximate
                  confidence intervals for localized autocovariances
                  for locally stationary time series},
  author =	 {G. P. Nason},
  journal =	 {Journal of the Royal Statistical Society B},
  volume =	 {75},
  number =       5,
  year =	 {2013},
  pages =	 {879--904},
}


@article{pal87:segmentation,
  title =	 {Segmentation Using Contrast and Homogeneity
                  Measures},
  author =	 {Pal, S. K. and Pal, N. R.},
  journal =	 {Pattern Recognition},
  volume =	 5,
  number =       4,
  pages =	 {293--304},
  year =	 1987
}

@article{pal93:a,
  title =	 {A review on Image Segmentation techniques},
  author =	 {Pal, N. R. and Pal, S. K.},
  volume =	 26,
  number =	 9,
  journal =	 {Pattern Recognition},
  pages =	 {1277--1294},
  year =	 1993
}

@book{petrou06:image,
  title =	 {Image Processing: Dealing with Texture},
  author =	 {Petrou, M. and Sevilla, P. G.},
  year =	 2006,
  publisher =	 {John Wiley \& Sons}
}

@Manual{pfaff13:urca,
  author =	 {Pfaff, B. and Stigler, M.},
  title =	 {urca: Unit Root and Cointegration Tests for Time
                  Series Data},
  note =	 {R package version 1.2-8},
  year =	 2013,
  url =		 {http://CRAN.R-project.org/package=urca},
}

@Book{pfaff13:urca2,
  title =	 {Analysis of Integrated and Cointegrated Time Series
                  with {R}},
  author =	 {B. Pfaff},
  publisher =	 {Springer-Verlag},
  edition =	 {2nd},
  address =	 {New York},
  year =	 {2008},
}

@incollection{polzleitner03:quality,
  title =	 {Quality classification of wooden surfaces using
                  {G}abor filters and genetic feature optimisation},
  author =	 {P{\"o}lzleitner, Wolfgang},
  booktitle =	 {Machine Vision for the Inspection of Natural
                  Products},
  pages =	 {259--277},
  year =	 2003,
  publisher =	 {Springer-Verlag}
}

@book{prasad97:wavelet,
  title =	 {Wavelet Analysis with Applications to Image
                  Processing},
  author =	 {Prasad, L. and Iyengar, S. S.},
  year =	 1997,
  publisher =	 {CRC Press}
}

@Book{sonka99:image,
  title =	 {Image Processing, Analysis, and Machine Vision},
  publisher =	 {PWS Publishing},
  year =	 1999,
  author =	 {Sonka, M. and Boyle, R. and Hlavac, V.},
  edition =	 {2nd}
}

@article{spann85:a,
  title =	 {A Quad-tree approach to Image Segmentation which
                  combines statistical and spatial information},
  author =	 {Spann, M. and Wilson, R.},
  journal =	 {Pattern Recognition},
  volume =	 18,
  number =	 {3/4},
  pages =	 {257--269},
  year =	 1985
}

@article{taylor13:a,
  author =	 {Taylor, S. L. and Eckley, I. A. and Nunes, M. A.},
  title =	 {A Test of Stationarity for Textured Images},
  journal =	 {Technometrics},
  year =	 {{in press}},
  doi =          {10.1080/00401706.2013.823890},
}

@book{tukey77:exploratory,
  title =	 {Exploratory Data Analysis},
  author =	 {Tukey, J.W.},
  year =	 1977,
  publisher =	 {Addison-Wesley}
}

@BOOK{vidakovic99:statistical,
  AUTHOR =	 {Vidakovic, B.},
  TITLE =	 {Statistical Modelling by Wavelets},
  YEAR =	 1999,
  publisher =	 {John Wiley \& Sons},
  address =	 {New York}
}

@article{wiltschi00:an,
  title =	 {An automatic assessment scheme for steel quality
                  inspection},
  author =	 {Wiltschi, K. and Pinz, A. and Lindeberg, T.},
  journal =	 {Machine Vision and Applications},
  volume =	 12,
  number =	 3,
  pages =	 {113--128},
  year =	 2000,
}

@Manual{LS2Wstat,
  title =	 {{LS2Wstat}: A Multiscale Test of Spatial Stationarity
                  for LS2W Processes},
  author =	 {Sarah Taylor and Matt A. Nunes},
  year =	 {2014},
  note =	 {R package version 2.0-3},
  url =		 {http://CRAN.R-project.org/package=LS2Wstat},
}














