% Encoding: UTF-8

@Article{elliott17,
  author  = {Elliott, Michael R. and Valliant, Richard},
  title   = {Inference for nonprobability samples},
  journal = {Statistical Science},
  year    = {2017},
  volume  = {32},
  number  = {2},
  pages   = {249--264},
}

@Article{deville92,
  author  = {Deville, Jean-Claude and Särndal, Carl Erik},
  title   = {Calibration estimators in survey sampling},
  journal = {Journal of the American statistical Association},
  year    = {1992},
  volume  = {87},
  number  = {418},
  pages   = {376--382},
}

@Manual{sampling,
  title  = {sampling: Survey Sampling},
  author = {Yves Tillé and Alina Matei},
  year   = {2016},
  note   = {R package version 2.8},
  url    = {https://CRAN.R-project.org/package=sampling},
}

@Article{lumley04,
  author  = {Thomas Lumley},
  title   = {Analysis of Complex Survey Samples},
  journal = {Journal of Statistical Software},
  year    = {2004},
  volume  = {9},
  number  = {1},
  pages   = {1--19},
  note    = {R package version 2.2},
}

@Manual{twang,
  title  = {twang: Toolkit for Weighting and Analysis of Nonequivalent Groups},
  author = {Greg Ridgeway and Dan McCaffrey and Andrew Morral and Beth Ann Griffin and Lane Burgette},
  year   = {2017},
  note   = {R package version 1.5},
  url    = {https://CRAN.R-project.org/package=twang},
}

@Manual{caret,
  title  = {caret: Classification and Regression Training},
  author = {Max Kuhn},
  year   = {2018},
  note   = {R package version 6.0-81},
  url    = {https://CRAN.R-project.org/package=caret},
}

@Manual{survey,
  title  = {survey: Analysis of Complex Survey Samples},
  author = {Thomas Lumley},
  year = {2018},
  url    = {https://CRAN.R-project.org/package=survey},
}

@Article{lee06,
  author  = {Lee, Sunghee},
  title   = {Propensity score adjustment as a weighting scheme for volunteer panel web surveys},
  journal = {Journal of official statistics},
  year    = {2006},
  volume  = {22},
  number  = {2},
  pages   = {329--349},
}

@Article{valliant11,
  author  = {Valliant, Richard and Dever, Jill A.},
  title   = {Estimating propensity adjustments for volunteer web surveys},
  journal = {Sociological Methods \& Research},
  year    = {2011},
  volume  = {40},
  number  = {1},
  pages   = {105--137},
}

@Article{ferri18,
  author  = {Ferri-Garc{\'\i}a, Ram{\'o}n and Rueda, Maria del Mar},
  title   = {Efficiency of propensity score adjustment and calibration on the estimation from non-probabilistic online surveys},
  journal = {SORT-Statistics and Operations Research Transactions},
  year    = {2018},
  volume  = {1},
  number  = {2},
  pages   = {159--182},
}

@Article{lee09,
  author    = {Lee, Sunghee and Valliant, Richard},
  title     = {Estimation for volunteer panel web surveys using propensity score adjustment and calibration adjustment},
  journal   = {Sociological Methods \& Research},
  year      = {2009},
  volume    = {37},
  number    = {3},
  pages     = {319--343},
  publisher = {Sage Publications Sage CA: Los Angeles, CA},
}

@Article{schonlau17,
  author    = {Schonlau, Matthias and Couper, Mick P.},
  title     = {Options for conducting web surveys},
  journal   = {Statistical Science},
  year      = {2017},
  volume    = {32},
  number    = {2},
  pages     = {279--292},
  publisher = {Institute of Mathematical Statistics},
}

@Article{valliant19,
  author  = {Valliant, Richard},
  title   = {Comparing Alternatives for Estimation from Nonprobability Samples},
  journal = {Journal of Survey Statistics and Methodology},
  year    = {2019},
}

@Article{beu18,
  author    = {Buelens, Bart and Burger, Joep and van den Brakel, Jan A},
  title     = {Comparing inference methods for non-probability samples},
  journal   = {International Statistical Review},
  year      = {2018},
  volume    = {86},
  number    = {2},
  pages     = {322--343},
  publisher = {Wiley Online Library},
}

@article{bethlehem10,
  title={Selection bias in web surveys},
  author={Bethlehem, Jelke},
  journal={International Statistical Review},
  volume={78},
  number={2},
  pages={161--188},
  year={2010},
  publisher={Wiley Online Library}
}

@article{rosenbaum83,
  title={The central role of the propensity score in observational studies for causal effects},
  author={Rosenbaum, Paul R and Rubin, Donald B},
  journal={Biometrika},
  volume={70},
  number={1},
  pages={41--55},
  year={1983},
  publisher={Oxford University Press}
}

@article{rubin86,
  title={Statistical matching using file concatenation with adjusted weights and multiple imputations},
  author={Rubin, Donald B},
  journal={Journal of Business \& Economic Statistics},
  volume={4},
  number={1},
  pages={87--94},
  year={1986},
  publisher={Taylor \& Francis Group}
}

@article{taylor00,
  title={Does internet research work?},
  author={Taylor, Humphrey},
  journal={International journal of market research},
  volume={42},
  number={1},
  pages={1--11},
  year={2000},
  publisher={SAGE Publications Sage UK: London, England}
}

@article{cochran68,
  title={The effectiveness of adjustment by subclassification in removing bias in observational studies},
  author={Cochran, William G},
  journal={Biometrics},
  pages={295--313},
  year={1968},
  publisher={JSTOR}
}

@inproceedings{Montanari2007,
  title={Multiple and ridge model calibration for sample surveys},
  author={Montanari, Giorgio E and Ranalli, M Giovanna},
  booktitle={Proceedings of the Workshop in Calibration and estimation in surveys, Ottawa},
  year={2007}
}

@article{baffetta09,
  title={Design-based approach to k-nearest neighbours technique for coupling field and remotely sensed data in forest surveys},
  author={Baffetta, Federica and Fattorini, Lorenzo and Franceschi, Sara and Corona, Piermaria},
  journal={Remote Sensing of Environment},
  volume={113},
  number={3},
  pages={463--475},
  year={2009},
  publisher={Elsevier}
}

@article{tipton2013,
  title={Properties of endogenous post-stratified estimation using remote sensing data},
  author={Tipton, John and Opsomer, Jean and Moisen, Gretchen},
  journal={Remote sensing of environment},
  volume={139},
  pages={130--137},
  year={2013},
  publisher={Elsevier}
}

@article{wang2014,
  title={Bagging non-differentiable estimators in complex surveys},
  author={Wang, Jianqiang C and Opsomer, Jean D and Wang, Haonan},
  journal={Surv. Methodol},
  volume={40},
  pages={189--209},
  year={2014}
}

@article{breidt2017,
  title={Model-assisted survey estimation with modern prediction techniques},
  author={Breidt, F Jay and Opsomer, Jean D and others},
  journal={Statistical Science},
  volume={32},
  number={2},
  pages={190--205},
  year={2017},
  publisher={Institute of Mathematical Statistics}
}

@Article{Phipps_2012,
  author    = {Phipps, Polly and Toth, Daniell and others},
  title     = {Analyzing establishment nonresponse using an interpretable regression tree model with linked administrative data},
  journal   = {The Annals of Applied Statistics},
  year      = {2012},
  volume    = {6},
  number    = {2},
  pages     = {772--794},
  publisher = {Institute of Mathematical Statistics},
}

@article{buskirk15,
  title={Finding respondents in the forest: A comparison of logistic regression and random forest models for response propensity weighting and stratification},
  author={Buskirk, Trent D and Kolenikov, Stanislav},
  journal={Survey Methods: Insights from the Field},
  pages={17},
  year={2015},
  publisher={DEU}
}

@book{valliant13,
  title={Practical tools for designing and weighting survey samples},
  author={Valliant, Richard and Dever, Jill A and Kreuter, Frauke},
  year={2013},
  publisher={Springer}
}

@article{hoerl70,
  title={Ridge regression: Biased estimation for nonorthogonal problems},
  author={Hoerl, Arthur E and Kennard, Robert W},
  journal={Technometrics},
  volume={12},
  number={1},
  pages={55--67},
  year={1970},
  publisher={Taylor \& Francis Group}
}

@Book{quinlan93,
  title={C4. 5: Programs for Machine Learning},
  author={Quinlan, J Ross},
  year={1993},
  publisher={Morgan Kaufmann Publishers Inc.}
}

@inproceedings{chen16,
  title={Xgboost: A scalable tree boosting system},
  author={Chen, Tianqi and Guestrin, Carlos},
  booktitle={Proceedings of the 22nd acm sigkdd international conference on knowledge discovery and data mining},
  pages={785--794},
  year={2016},
  organization={ACM}
}

@article{taylor01,
 	 author = {Taylor, H. and Bremer, J. and Overmeyer, C. and Siegel, J. W. and Terhanian, G.},
	title = {The record of internet-based opinion polls in predicting the results of 72 races in the November 2000 US elections},
    journal = {International Journal of Market Research}, 
    volume = {43},
    number = {2},
    pages = {127-135},
    year = {2001}}

@article{lecun15,
  title={Deep learning},
  author={LeCun, Yann and Bengio, Yoshua and Hinton, Geoffrey},
  journal={nature},
  volume={521},
  number={7553},
  pages={436--444},
  year={2015},
  publisher={Nature Publishing Group}
}

@article{park08,
  title={The bayesian lasso},
  author={Park, Trevor and Casella, George},
  journal={Journal of the American Statistical Association},
  volume={103},
  number={482},
  pages={681--686},
  year={2008},
  publisher={Taylor \& Francis}
}

@Article{kim04,
  author  = {Kim, J.K and Fuller, W.},
  title   = {Fractional Hot Deck Imputation},
  journal = {Biometrika},
  year    = {2004},
  volume  = {91},
  number  = {3},
  pages   = {559-578},
}

@Article{rivers07,
  author  = {Rivers, D.},
  title   = {Sampling for Web Surveys},
  journal = {Presented in Joint Statistical Meetings},
  year    = {2007},
  note    = {Salt Lake City, UT},
}

@Article{chen19,
  author  = {Chen, Jack Kuang Tsung and Valliant, Richard L. and Elliott, Michael R.},
  title   = {Calibrating non-probability surveys to estimated control totals using LASSO, with an application to political polling},
  journal = {Journal of the Royal Statistical Society: Series C (Applied Statistics)},
  year    = {2019},
  volume  = {68},
  number  = {3},
  pages   = {657-681},
}

@Article{chen19doubly,
  author    = {Chen, Yilin and Li, Pengfei and Wu, Changbao},
  journal   = {Journal of the American Statistical Association},
  title     = {Doubly Robust Inference With Nonprobability Survey Samples},
  year      = {2019},
  pages     = {1--11},
  publisher = {Taylor \& Francis},
}

@Article{quenouille56,
  author    = {Quenouille, Maurice H},
  journal   = {Biometrika},
  title     = {Notes on bias in estimation},
  year      = {1956},
  number    = {3/4},
  pages     = {353--360},
  volume    = {43},
  publisher = {JSTOR},
}

@Book{wolter07,
  author    = {Wolter, Kirk},
  publisher = {Springer Science \& Business Media},
  title     = {Introduction to variance estimation},
  year      = {2007},
}

@Comment{jabref-meta: databaseType:bibtex;}
