@Manual{R,
  title = {R: A Language and Environment for Statistical Computing},
  author = {{R Core Team}},
  organization = {R Foundation for Statistical Computing},
  address = {Vienna, Austria},
  year = {2016},
  note = {{ISBN} 3-900051-07-0},
  url = {https://www.R-project.org/},
}

@Article{ihaka:1996,
  author = {Ross Ihaka and Robert Gentleman},
  journal = {Journal of Computational and Graphical Statistics},
  number = {3},
  pages = {299--314},
  title = {R: A Language for Data Analysis and Graphics},
  volume = {5},
  year = {1996},
  url = {https://doi.org/10.1080/10618600.1996.10474713},
}

@Article{Schmidt:2015ca,
  author = {Ellen M Schmidt and Ji Zhang and Wei Zhou and Jin Chen and Karen L Mohlke and Y Eugene Chen and Cristen J Willer},
  title = {{GREGOR: Evaluating Global Enrichment of Trait-Associated Variants in Epigenomic Features Using a Systematic, Data-Driven Approach}},
  journal = {Bioinformatics},
  year = {2015},
  volume = {31},
  number = {16},
  pages = {2601--2606},
  url = {https://doi.org/10.1093/bioinformatics/btv201},
}

@Article{Benneyan:2010ex,
  author = {James C Benneyan and Aysun Ta≈üeli},
  title = {{Exact and Approximate Probability Distributions of Evidence-Based Bundle Composite Compliance Measures}},
  journal = {Health Care Management Science},
  year = {2010},
  volume = {13},
  number = {3},
  pages = {193--209},
  url = {https://doi.org/10.1007/s10729-009-9123-x},
}

@Article{Anonymous:iz,
  author = {Samuel Kotz and Norman L Johnson},
  title = {{Effects of False and Incomplete Identification of Defective Items on the Reliability of Acceptance Sampling}},
  journal = {Operations Research},
  year = {1984},
  volume = {32},
  number = {3},
  pages = {575--583},
  url = {https://pubsonline.informs.org/doi/abs/10.1287/opre.32.3.575},
}

@Book{Johnson:2005hg,
  author = {Norman L Johnson and Adrienne W Kemp and Samuel Kotz},
  title = {{Univariate Discrete Distributions}},
  publisher = {John Wiley \& Sons},
  year = {2005},
  series = {Johnson/Univariate Discrete Distributions},
  address = {Hoboken, NJ, USA},
  url = {https://doi.org/10.1002/0471715816},
}

@Article{Jolayemi:1992jz,
  author = {Joel K Jolayemi},
  title = {{A Unified Approximation Scheme for the Convolution of Independent Binomial Variables}},
  journal = {Applied Mathematics and Computation},
  year = {1992},
  volume = {49},
  number = {2-3},
  pages = {269--297},
  url = {https://doi.org/10.1016/0096-3003(92)90030-5},
}

@Article{Eisinga:2013da,
  author = {Rob Eisinga and Manfred {Te Grotenhuis} and Ben Pelzer},
  title = {{Saddlepoint Approximations for the Sum of Independent Non-Identically Distributed Binomial Random Variables}},
  journal = {Statistica Neerlandica},
  year = {2013},
  volume = {67},
  number = {2},
  pages = {190--201},
  url = {https://doi.org/10.1111/stan.12002},
}

@Article{Butler:2016cj,
  author = {Ken Butler and Michael A Stephens},
  title = {{The Distribution of a Sum of Independent Binomial Random Variables}},
  journal = {Methodology and Computing in Applied Probability},
  year = {2016},
  volume = {19},
  number = {2},
  pages = {557--571},
  url = {https://doi.org/10.1007/s11009-016-9533-4},
}

@Article{ArthurWoodward:1997en,
  author = {J {Arthur Woodward} and Christina G S Palmer},
  title = {{On the Exact Convolution of Discrete Random Variables}},
  journal = {Applied Mathematics and Computation},
  year = {1997},
  volume = {83},
  number = {1},
  pages = {69--77},
  url = {https://doi.org/10.1016/S0096-3003(96)00047-1},
}

@Misc{Yili:al1vGrvv,
  author = {Hong Yili},
  title = {{On Computing the Distribution Function for the Sum of Independent and Non-Identical Random Indicators }},
  url = {https://pdfs.semanticscholar.org/fe97/c1358ec01c86cb8bbc4574fa064748f37e94.pdf},
}

@Article{Daniels:1954hy,
  author = {H E Daniels},
  title = {{Saddlepoint Approximations in Statistics}},
  journal = {The Annals of Mathematical Statistics},
  year = {1954},
  volume = {25},
  number = {4},
  pages = {631--650},
  url = {http://www.jstor.org/stable/2236650},
}

@Article{Lugannani:1980jm,
  author = {Robert Lugannani and Stephen Rice},
  title = {{Saddle Point Approximation for the Distribution of the Sum of Independent Random Variables}},
  journal = {Advances in Applied Probability},
  year = {1980},
  volume = {12},
  number = {2},
  pages = {475},
  url = {http://www.jstor.org/stable/1426607},
}

@Article{Akahira:2001ia,
  author = {Masafumi Akahira and Kunihiko Takahashi},
  title = {{A Higher-Order Large-Deviation Approximation for the Discrete Distributions}},
  journal = {Journal of the Japan Statistical Society},
  year = {2001},
  volume = {31},
  number = {2},
  pages = {257--267},
  url = {https://doi.org/10.1080/03610929908832322},
}

@Article{Anonymous:0hq1uBaf,
  author = {H E Daniels},
  title = {{Tail Probability Approximations}},
  journal = {International Statistical Review / Revue Internationale de Statistique},
  year = {1987},
  volume = {55},
  number = {1},
  pages = {37--48},
  url = {http://www.jstor.org/stable/1403269},
}
