@book{allaire_keras:_2018,
author = {J.~J. {Allaire, F.~Chollet, RStudio, Google, Y.~Tang, D.~Falbel, W.~V.~D. Bijl, and M.~Studer}},
title = {{keras: R Interface to 'Keras', Apr. }},
year = {2018},
url = {https://CRAN.R-project.org/package=keras}
}
@book{apley_aleplot:_2018,
author = {D.~{Apley}},
title = {{ALEPlot: Accumulated Local Effects (ALE) Plots and Partial Dependence (PD) Plots, May }},
year = {2018},
url = {https://CRAN.R-project.org/package=ALEPlot}
}
@book{biecek_dalex:_2018,
author = {P.~{Biecek}},
title = {{DALEX: Descriptive mAchine Learning EXplanations, June }},
year = {2018},
url = {https://CRAN.R-project.org/package=DALEX}
}
@book{archivist-whyr,
author = {P.~{Biecek and M.~Kosinski}},
title = {{archivist: An R package for managing, recording and restoring data analysis results}},
publisher = {Journal of Statistical Software 82 (11):  doi10.18637/jss.v082.i11},
pages = {1--28},
year = {2017}
}
@book{mlr-whyr,
author = {B.~{Bischl, M.~Lang, L.~Kotthoff, J.~Schiffner, J.~Richter, E.~Studerus, G.~Casalicchio, and Z.~M. Jones}},
title = {{mlr: Machine learning in r}},
publisher = {Journal of Machine Learning Research 17(170):},
pages = {1--5},
year = {2016},
url = {http://jmlr.org/papers/v17/15-066.html}
}
@book{bivand_rgdal:_2018,
author = {R.~{Bivand, T.~Keitt, B.~Rowlingson, E.~Pebesma, M.~Sumner, R.~Hijmans, E.~Rouault, F.~Warmerdam, J.~Ooms, and C.~Rundel}},
title = {{rgdal: Bindings for the 'Geospatial' Data Abstraction Library, June natexlaba}},
year = {2018},
url = {https://CRAN.R-project.org/package=rgdal}
}
@book{bivand_rgeos:_2018,
author = {R.~{Bivand, C.~Rundel, E.~Pebesma, R.~Stuetz, K.~O. Hufthammer, P.~Giraudoux, M.~Davis, and S.~Santilli}},
title = {{rgeos: Interface to Geometry Engine - Open Source ('GEOS'), June natexlabb}},
year = {2018},
url = {https://CRAN.R-project.org/package=rgeos}
}
@book{gandrud_reproducible_2013,
author = {C.~{Gandrud}},
title = {{Reproducible Research with R and RStudio}},
publisher = {Chapman and Hall/CRC July},
year = {2013},
isbn = {978-1-4665-7284-3}
}
@book{gentleman_statistical_2007,
author = {R.~{Gentleman and D.~{Temple Lang}}},
title = {{Statistical Analyses and Reproducible Research}},
publisher = {Journal of Computational and Graphical Statistics 16(1):  Mar  ISSN 1061-8600 1537-2715 doi10.1198/106186007X178663},
pages = {1--23},
year = {2007},
url = {http://www.tandfonline.com/doi/abs/10.1198/106186007X178663}
}
@book{pdp-whyr,
author = {B.~M. {Greenwell}},
title = {{pdp: An r package for constructing partial dependence plots}},
publisher = {The R Journal 9 (1):},
pages = {421--436},
year = {2017},
url = {https://journal.r-project.org/archive/2017/RJ-2017-016/index.html}
}
@book{hijmans_raster:_2017,
author = {R.~J. {Hijmans, J.~van Etten, J.~Cheng, M.~Mattiuzzi, M.~Sumner, J.~A. Greenberg, O.~P. Lamigueiro, A.~Bevan, E.~B. Racine, A.~Shortridge, and A.~Ghosh}},
title = {{raster: Geographic Data Analysis and Modeling, Nov. }},
year = {2017},
url = {https://CRAN.R-project.org/package=raster}
}
@book{leeper_archiving_2014,
author = {T.~J. {Leeper}},
title = {{Archiving Reproducible Research with R and Dataverse}},
publisher = {The R Journal 6 (1):  June},
pages = {151--158},
year = {2014},
url = {http://journal.r-project.org/archive/2014-1/leeper.pdf}
}
@book{liu_r_2014,
author = {Z.~{Liu and S.~Pounds}},
title = {{An R package that automatically collects and archives details for reproducible computing}},
publisher = {BMC Bioinformatics 15 (1): 138 May  ISSN 1471-2105 doi10.1186/1471-2105-15-138},
year = {2014},
url = {http://www.biomedcentral.com/1471-2105/15/138/abstract}
}
@book{pebesma_sf:_2018,
author = {E.~{Pebesma, R.~Bivand, E.~Racine, M.~Sumner, I.~Cook, T.~Keitt, R.~Lovelace, H.~Wickham, J.~Ooms, and K.~M{\"u}ller}},
title = {{sf: Simple Features for R, May }},
year = {2018},
url = {https://CRAN.R-project.org/package=sf}
}
@book{rodiger_r_2015,
author = {S.~{R{\"o}diger, M.~Burdukiewicz, K.~A. Blagodatskikh, and P.~Schierack}},
title = {{R as an Environment for the Reproducible Analysis of DNA Amplification Experiments}},
publisher = {The R Journal 7 (2):},
pages = {127--150},
year = {2015},
url = {http://journal.r-project.org/archive/2015-1/RJ-2015-1.pdf}
}
@book{roussel_lidr:_2018,
author = {J.-R. {Roussel, D.~A.~R. the documentation), F.~D. B. F.~a. bugs improved~catalog features), and A.~S. M.~I. lassnags)}},
title = {{lidR: Airborne LiDAR Data Manipulation and Visualization for Forestry Applications, June }},
year = {2018},
url = {https://CRAN.R-project.org/package=lidR}
}
@book{FactorMerger,
author = {A.~{Sitko and P.~Biecek}},
title = {{The Merging Path Plot: adaptive fusing of k-groups with likelihood-based model selection, }},
year = {2017},
url = {https://arxiv.org/abs/1709.04412}
}
@book{live,
author = {M.~{Staniak and P.~Biecek}},
title = {{Explanations of model predictions with live and breakDown packages}},
publisher = {ArXiv e-prints Apr},
year = {2018},
url = {https://arxiv.org/abs/1804.01955}
}
@book{technology_plumber:_2018,
author = {T.~{Technology, LLC, J.~Allen, F.~van Dunn{\'e}, S.~Vandewoude, and S.~{Software (swagger-ui)}}},
title = {{plumber: An API Generator for R, June }},
year = {2018},
url = {https://CRAN.R-project.org/package=plumber}
}
@book{xie_xaringan:_2018,
author = {Y.~{Xie, C.~T. Ekstr{\o}m, D.~Lang, G.~Aden-Buie, O.~P. B.~C. in~rmarkdown/templates/xaringan/resources/default.css), P.~Schratz, and S.~Lopp}},
title = {{xaringan: Presentation Ninja, Feb. }},
year = {2018},
url = {https://CRAN.R-project.org/package=xaringan}
}

