@book{Carp:Schw:Rcke:Knst:empi:2009,
author = {J.~R. {Carpenter, G.~Schwarzer, G.~R\"ucker, and R.~K\"unstler}},
title = {{Empirical evaluation showed that the Copas selection model provided a useful summary in 80% of meta-analyses}},
publisher = {Journal of Clinical Epidemiology 62:},
pages = {624--631},
year = {2009}
}
@book{Copa:what:1999,
author = {J.~{Copas}},
title = {{What works?: Selectivity models and meta-analysis}},
publisher = {Journal of the Royal Statistical Society Series A,162:},
pages = {95--109},
year = {1999}
}
@book{Copa:Shi:meta:2000,
author = {J.~{Copas and J.~Q. Shi}},
title = {{Meta-analysis, funnel plots and sensitivity analysis}},
publisher = {Biostatistics 1:},
pages = {247--262},
year = {2000}
}
@book{Copa:Shi:sens:2001,
author = {J.~B. {Copas and J.~Q. Shi}},
title = {{A sensitivity analysis for publication bias in systematic reviews}},
publisher = {Statistical Methods in Medical Research 10:},
pages = {251--265},
year = {2001}
}
@book{Crow:Hend:phen:2003,
author = {C.~A. {Crowther and D.~J. Henderson-Smart}},
title = {{Phenobarbital prior to preterm birth for preventing neonatal periventricular haemorrhage}},
publisher = {Cochrane Database of Systematic Reviews 3  Art No.: CD000164 doi10.1002/14651858.CD000164},
year = {2003}
}
@book{Harb:Egge:Ster:modi:2005,
author = {R.~M. {Harbord, M.~Egger, and J.~A. Sterne}},
title = {{A modified test for small-study effects in meta-analyses of controlled trials with binary endpoints}},
publisher = {Statistics in Medicine 25 (20):},
pages = {3443--3457},
year = {2006}
}
@book{Litt:Rubi:stat:2002,
author = {R.~J.~A. {Little and D.~B. Rubin}},
title = {{Statistical Analysis with Missing Data}},
publisher = {John Wiley & Sons Chichester second edition},
year = {2002}
}
@book{Niem:Rcke:Miet:Carp:Schu:stat:2007,
author = {P.~{Nieminen, G.~R\"ucker, J.~Miettunen, J.~R. Carpenter, and M.~Schumacher}},
title = {{Statistically significant papers in psychiatry were cited more often than others}},
publisher = {Journal of Clinical Epidemiology 60 (9):},
pages = {939--946},
year = {2007}
}
@book{Roth:Sutt:Bore:publ:2005,
author = {H.~R. {Rothstein, A.~J. Sutton, and M.~Borenstein}},
title = {{Publication Bias in Meta Analysis: Prevention, Assessment and Adjustments}},
publisher = {Wiley Chichester},
year = {2005}
}
@book{Rcke:Schw:Carp:Olki:why:2009,
author = {G.~{R\"ucker, G.~Schwarzer, J.~Carpenter, and I.~Olkin}},
title = {{Why add anything to nothing? The arcsine difference as a measure of treatment effect in meta-analysis with zero cells}},
publisher = {Statistics in Medicine 28 (5):},
pages = {721--738},
year = {2009}
}
@book{Rcke:Schw:Carp:arcs:2008,
author = {G.~{R{\"u}cker, G.~Schwarzer, and J.~R. Carpenter}},
title = {{Arcsine test for publication bias in meta-analyses with binary outcomes}},
publisher = {Statistics in Medicine 27 (5):},
pages = {746--763},
year = {2008}
}
@book{Schw:meta:2007,
author = {G.~{Schwarzer}},
title = {{meta: An R package for meta-analysis}},
publisher = {R News 7 (3):},
pages = {40--45},
year = {2007},
url = {http://cran.r-project.org/doc/Rnews/Rnews_2007-3.pdf}
}
@book{Schw:Carp:Rcke:empi:2009,
author = {G.~{Schwarzer, J.~R. Carpenter, and G.~R\"ucker}},
title = {{Empirical evaluation suggests Copas selection model preferable to Trim-and-Fill for selection bias in meta-analysis}},
publisher = {Journal of Clinical Epidemiology in press doi10.1016/j.jclinepi..05.008},
year = {2009}
}

