@Manual{R,
  title = {R: A Language and Environment for Statistical Computing},
  author = {{R Core Team}},
  organization = {R Foundation for Statistical Computing},
  address = {Vienna, Austria},
  year = {2021},
  url = {https://www.R-project.org/}}

@incollection{bertrand2000,
  title={Descriptive statistics for symbolic data},
  author={Bertrand, Patrice and Goupil, Fran{\c{c}}oise},
  booktitle={Analysis of {S}ymbolic {D}ata},
  pages={106--124},
  year={2000},
  publisher={Springer},
  url={https://doi.org/10.1007/978-3-642-57155-8_6}}

@article{noirhomme2011,
  title={Far beyond the classical data models: {S}ymbolic {D}ata {A}nalysis},
  author={{Noirhomme-Fraiture}, Monique and Brito, Paula},
  journal={Statistical Analysis and Data Mining: the ASA Data Science Journal},
  volume={4},
  number={2},
  pages={157--170},
  year={2011},
  publisher={Wiley Online Library},
  url={https://doi.org/10.1002/sam.10112}}

@article{BriDS12,
title={Modelling Interval Data with {N}ormal and {S}kew-{N}ormal Distributions},
  author={Brito, Paula and Duarte Silva, A.  Pedro},
  journal={Journal of Applied Statistics},
  volume={39},
  number={1},
  pages={3--20},
  year={2012},
  url={https://doi.org/10.1080/02664763.2011.575125}}

@article{BriDSDias15,
title={Probabilistic Clustering of Interval Data},
  author={Brito, Paula and Duarte Silva, A.  Pedro and Dias, J.G.},
  journal={Intelligent Data Analysis},
  volume={19},
  number={2},
  pages={293--313},
  year={2015},
  url={https://doi.org/10.3233/IDA-150718}}

@article{DSBri15,
title={Discriminant Analysis of Interval Data: An Assessment of Parametric and Distance-Based Approaches},
  author={Duarte Silva, A.  Pedro and Brito, Paula },
  journal={Journal of Classification},
  volume={32},
  number={3},
  pages={516-541},
  year={2015},
  url={https://doi.org/0.1007/s00357-015-9189-8}
}

@article{DSBri06,
title={Linear Discriminant Analysis for Interval Data},
  author={Duarte Silva, A.  Pedro and Brito, Paula },
  journal={Computational Statistics},
  volume={21},
  number={2},
  pages={289-308},
  year={2006},
  url={https://doi.org/10.1007/s00180-006-0264-9}}

@article{Brito14,
 author               = {P. Brito},
 journal              = {WIREs Data Mining and Knowledge Discovery},
 number               = {4},
 pages                = {281-295},
 title                = {Symbolic {Data} {Analysis}: another look at the interaction of { Data } {Mining} and {Statistics}},
 volume               = {4},
 year                 = {2014},
  url={https://doi.org/10.1002/widm.1133}
}

@article{azz85,
title={A class of distributions which includes the {N}ormal ones},
  author={ Azzalini, A.},
  journal={Scandinavian Journal of Statistics},
  volume={12},
  pages={171--178},
  year={1985}}

@article{azzcap99,
title={Statistical applications of the multivariate {S}kew-{N}ormal distribution},
  author={Azzalini, A. and Capitanio, A.},
  journal={Journal of the Royal Statistical Society Series B-Methodological},
  volume={61},
number={3},
  pages={579--602},
  year={1999},
  url={https://doi.org/10.1111/1467-9868.00194}}

@article{azz05,
title={The {Skew}-{N}ormal distribution and related multivariate families},
  author={Azzalini, A.},
  journal={Scandinavian Journal of Statistics},
  volume={32},
  pages={159--188},
  year={2005},
  url={https://doi.org/10.1111/j.1467-9469.2005.00426.x}}

@article{azzval96,
title={The multivariate {S}kew-{N}ormal distribution},
  author={Azzalini, A. and {Dalla Valle}, A.},
  journal={Biometrika},
  volume={83},
  number={4},
  pages={715--726},
  year={1996},
  url={https://doi.org/10.1093/biomet/83.4.715}}

@article{ValAzz08,
title={The centred parametrization for the multivariate {S}kew-{N}ormal distribution},
  author={Valle, R. Boris and Azzalini, A.},
  journal={Journal of Mutivariate Analysis},
  volume={99},
  number={4},
  pages={1362--1382},
  year={2008},
  url={https://doi.org/10.1016/j.jmva.2008.01.020}
}

@book{McLachlan,
	author = {McLachlan, Geoffrey J. },
	title = {Discriminant Analysis and Statistical Pattern Recognition},
	publisher = {John Wiley \& Sons},
	year = {1992}
}

@article{Filz05,
author = {Filzmoser, P. and Reimann, C. and Garrett, R.G.},
title = {Multivariate outlier detection in exploration geochemistry},
  journal={Computers and Geosciences},
  volume={31},
  pages={579--587},
  year={2005},
  url={https://doi.org/10.1016/j.cageo.2004.11.013}
}

@book{McLachlanPeel00,
 author = {McLachlan, G.J. and  Peel, D.},
 title = {Finite Mixture Models},
 publisher = {Wiley, New York},
 year = {2000}}

@article{Dempster77,
  author = {Dempster, A.P.  and Laird, N.M.  and  Rubin, D.B.},
  title = {Maximum likelihood from incomplete data via the {EM} algorithm},
  journal={Journal of the Royal Statistical Society Series B-Methodological},
  volume={39},
  number={1},
  pages={1--38},
  year = {1977},
  url={https://doi.org/10.1111/j.2517-6161.1977.tb01600.x}}

@article{BanRaf93,	
author = {Banfield, J.  D. and  Raftery, A.  E.},
title = {Model-based {G}aussian and non-{G}aussian clustering},
  journal={Biometrics},
 pages = {803--821},
 year = {1993},
  url={https://doi.org/10.2307/2532201}}

@article{FraRaf02,	
  author = {Fraley, C. and Raftery, A.  E. },
  title = {Model-based clustering, discriminant analysis, and density estimation},
  journal={Journal of the American Statistical Association},
  volume={97},
  number={458},
  pages={611-631},
  year = {2002},
  url={https://doi.org/10.1198/016214502760047131}}

@article{Schwarz:78,
  author = {Schwarz, G.},
  title = {Estimating the dimension of a model},
  journal={Annals of Statistics},
  volume={6},
  pages={461--464},
  year = {1978},
  url={https://doi.org/10.1214/aos/1176344136}}

@Manual{symbolicDA,
  title = {symbolicDA: Analysis of Symbolic Data},
  author = {Andrzej Dudek and Marcin Pelka and Justyna Wilk and Marek Walesiak},
  year = {2019},
  note = {R package version 0.6-2},
  url = {https://CRAN.R-project.org/package=symbolicDA}
}

@Manual{RSDA,
	title = {RSDA: R to Symbolic Data Analysis},
	author = {Oldemar Rodriguez},
	year = {2021},
	note = {R package version 3.0.9},
	url = {https://CRAN.R-project.org/package=RSDA}
}

@Manual{iRegression,
	title = {iRegression: Regression Methods for Interval-Valued Variables},
	author = {Eufrasio {Lima Neto} and Claudio {De Souza Filho} and Pedro Marinho},
	year = {2016},
	note = {R package version 1.2.1},
	url = {https://CRAN.R-project.org/package=iRegression}
}

 @Manual{GPCSIV,
	title = {GPCSIV: Generalized Principal Component of Symbolic Interval
	variables},
	author = {Brahim Brahim and Sun Makosso-Kallyth},
	year = {2013},
	note = {R package version 0.1.0},
	url = {https://CRAN.R-project.org/package=GPCSIV}
}

@Manual{AZ18,
	title = {The {R} package \texttt{sn}: The Skew-Normal and Related Distributions such as
	the Skew-$t$ (version 2.0-0).},
	author = {A. Azzalini},
	address = {Universit\`a di Padova, Italia},
	year = {2021},
	url = {http://azzalini.stat.unipd.it/SN}
}

@Article{DE11,
	title = {{Rcpp}: Seamless {R} and {C++} Integration},
	author = {Dirk Eddelbuettel and Romain Fran\c{c}ois},
	journal = {Journal of Statistical Software},
	year = {2011},
	volume = {40},
	number = {8},
	pages = {1--18},
  url={https://doi.org/10.18637/jss.v040.i08}
}

@Manual{franccois2012,
  title={RcppArmadillo: Rcpp integration for Armadillo templated linear algebra library, R package (version 0.10.6.0.0)},
  author={Fran{\c{c}}ois, R and Eddelbuettel, D and Bates, D},
  journal={URL http://CRAN. R-Project. org/package= RcppArmadillo},
   url={https://cran.r-project.org/web/packages/RcppArmadillo/index.html},
  year={2021}
}

@article{AIC74,
	title={A new look at the statistical model identification},
	author={Akaike, Hirotugu},
	journal={IEEE Transactions on Automatic Control},
	volume={19},
	number={6},
	pages={716--723},
	year={1974},
	publisher={IEEE},
        url={https://doi.org/10.1109/TAC.1974.1100705}
}

@techreport{DG90,
	title = {Usage summary for selected optimization routine},
	author = {David M. Gay},
	year = {1990},
	number = {153},
        institution = {AT\&T Bell Laboratories},
        address = {Murray Hill}
}

 @Manual{DSB21,
	title = {MAINT.Data: Model and Analyse Interval Data},
	author = {A.  Pedro {Duarte Silva} and Paula Brito},
	year = {2021},
	note = {R package version 2.6.1},
	url = {https://CRAN.R-project.org/package=MAINT.Data}
}

 @Manual{surv,
	title = {SurvRegCensCov: Weibull Regression for a Right-Censored Endpoint with Interval-Censored Covariate},
	author = {Stanislas Hubeaux and Kaspar Rufibach},
	year = {2015},
	note = {R package version 1.4},
	url = {https://CRAN.R-project.org/package=SurvRegCensCov }
}

 @Manual{crch,
	title = {crch: Censored Regression with Conditional Heteroscedasticity},
	author = {Jakob Messner and Achim Zeileis and Reto Stauffer},
	year = {2019},
	note = {R package version 1.0-4},
	url = {https://CRAN.R-project.org/package=crch}}

@Article{TF09,
	title = {An Object-Oriented Framework for Robust Multivariate Analysis},
	author = {Valentin Todorov and Peter Filzmoser},
	journal = {Journal of Statistical Software},
	year = {2009},
	volume = {32},
	number = {3},
	pages = {1--47},
        url={https://doi.org/10.18637/jss.v032.i03}}

@Article{mclust,
	title = {mclust 5: clustering, classification and density estimation using Gaussian finite mixture models},
	author = {Luca Scrucca and Michael Fop and Thomas Brendan Murphy and Adrian E. Raftery},
	journal = {The R Journal},
	year = {2016},
	volume = {8},
	number = {1},
	pages = {205--233},
        url = {https://doi.org/10.32614/RJ-2016-021}
}

@article{HadiLuc97,
  author = {Hadi, A.S. and Luce\~no, A.},
  title = {Maximum trimmed likelihood estimators: a unified approach, examples, and algorithms},
  journal={Computational Statistics \& Data Analysis},
  volume={25},
  number={3},
  pages={251--272},
  year = {1997},
  url={https://doi.org/10.1016/S0167-9473(97)00011-X}}

@article{HardRock05,
  author = {Hardin, J. and Rocke, D.M.},
  title = {The distribution of robust distances},
  journal={Journal of Computational and Graphical Statistics},
  volume={14},
  pages={910--927},
   year = {2005},
  url={https://doi.org/10.1198/106186005X77685}}

@article{HubRVA08,
  author = {Hubert, M. and Rousseeuw, P.J. and Van Aelst, S.},
  title = {High-breakdown robust multivariate methods},
  journal={Statistical Science},
  volume={23},
  number={1},
  pages={ 92--119},
  year = {2008},
  url={https://doi.org/10.1214/088342307000000087}}

@article{Pison02,
  author = {Pison, G. and {Van Aelst}, S. and Willems, G.},
  title = {Small sample corrections for {LTS} and {MCD}},
  journal={Metrika},
  volume={ 55 },
  number={1-2},
  pages={111--123},
  year = {2002},
  url={https://doi.org/10.1007/s001840200191}}

@article{Rousseeuw84,
  author = {Rousseeuw, {P.J.}},
  title = {Least median of squares regression},
  journal={Journal of the American Statistical Association},
  volume={ 79 },
  number={388},
  pages={ 871--880},
  year = {1984},
  url={https://doi.org/10.2307/2288718}
}

@InProceedings{Rousseeuw85,
  author       = {Rousseeuw, P.J.},
  title        = {Multivariate estimation with high breakdown point},
  booktitle    = {Mathematical Statistics and Applications},
  year         = {1985},
  editor       = {Grossmann, W. and Pflug, G. and Vincze, I. and Wertz, W.},
  pages        = {283--297},
  publisher    = {Reidel Publishing}
}

@article{RousseeuwVD99,
  author = {Rousseeuw, P.J. and {Van Driessen}, K.},
  title = {A fast algorithm for the minimum covariance determinant estimator},
  journal={Technometrics},
  volume={41},
  number={3},
  pages={ 212--223},
  year = {1999},
  url={https://doi.org/10.1080/00401706.1999.10485670}
}

@article{RousseeuwVZ90,
  author = {Rousseeuw, P.J. and {Van Zomeren}, B.C.},
  title = {Unmasking multivariate outliers and leverage points},
  journal={Journal of the American Statistical Association},
  volume={85},
  number={411},
  pages={ 633--639},
   year = {1990},
  url={https://doi.org/10.2307/2289995}}

@article{VanN98,
  author = {Vandev, D.L. and Neykov, N.M.},
  title = {About regression estimators with high breakdown point},
  journal={Statistics},
  volume={32},
  pages={111--129},
  year = {1998},
  url={https://doi.org/10.1080/02331889808802657}}

@article{Cerioli10,
  author = {Cerioli, A.},
  title = {Multivariate outlier detection with high-breakdown estimators},
  journal={Journal of the American Statistical Association},
  volume={105},
  number={489},
  pages={147-156},
  year = {2010},
  url={https://doi.org/10.1198/jasa.2009.tm09147}
}

@article{DSFBri,
  title={Outlier detection in Interval data},
  author={Duarte Silva, A.  Pedro and Filzmoser, P. and Brito, Paula },
  journal={Advances in Data Analysis and Classification},
  volume={12},
  number={3},
  pages={785-822},
  year = {2018},
  url={https://doi.org/10.1007/s11634-017-0305-y}}

@book{DidNor08,
   address              = {Chichester},
   author               = {E. Diday and M. Noirhomme-Fraiture},
   publisher={John Wiley \& Sons},
   title                = {Symbolic Data Analysis and the {SODAS} Software},
   year                 = {2008}
 }

@article{DiasBrito17,
   author   = {S. Dias and P. Brito},
   journal  = {European Journal of Operational Research},
   number   = {3},
   pages    = {1118-1130},
   title    = {Off the beaten track: A new linear model for interval data},
   volume   = {258},
   year     = {2017},
  url={https://doi.org/10.1016/j.ejor.2016.09.006}}

@article{NetoCar08,
 author               = {E. {Lima Neto} and F.A.T. {De Carvalho}},
 journal              = {Computational Statistics \& Data Analysis},
 number               = {3},
 pages                = {1500-1515},
 title                = {Centre and range method for fitting a linear regression model to symbolic interval data},
 volume               = {52},
 year                 = {2008},
  url={https://doi.org/10.1016/j.csda.2007.04.014} }

@article{NetoCar10,
 author               = {E. {Lima Neto} and F.A.T. {De Carvalho}},
 journal              = {Computational Statistics \& Data Analysis},
 number               = {2},
 pages                = {333-347},
 title                = {Constrained linear regression models for symbolic interval-valued variables},
 volume               = {54},
 year                 = {2010},
  url={https://doi.org/10.1016/j.csda.2009.08.010}}

@article{NetoCar11,
 author               = {E. {Lima Neto} and F.A.T. {De Carvalho}},
 journal              = {Journal of Statistical Computation and Simulation},
 number               = {11},
 pages                = {1727-1744},
 title                = {Bivariate symbolic regression models for interval-valued variables},
 volume               = {81},
 year                 = {2011},
  url={https://doi.org/10.1080/00949655.2010.500470} }

@article{CaBrBo06,
 author               = {F.A.T. {De Carvalho} and P. Brito and H.-H. Bock},
 journal              = {Computational Statistics},
 number               = {2},
 pages                = {231-250},
 title                = {Dynamic clustering for interval data based on {$ L_2$} distance},
 volume               = {21},
 year                 = {2006},
  url={https://doi.org/10.1007/s00180-006-0261-z}}

@article{CarLec09,
 author               = {F.A.T. {De Carvalho} and Y. Lechevallier},
 journal              = {Pattern Recognition},
 number               = {7},
 pages                = {1223-1236},
 title                = {Partitional clustering algorithms for symbolic interval data based on single adaptive distances},
 volume               = {42},
 year                 = {2009},
  url={https://doi.org/10.1016/j.patcog.2008.11.016}}

@article{douzal11,
 author               = {A. {Douzal-Chouakria} and L. Billard and E. Diday},
 journal              = {Statistical Analysis and Data Mining},
 number               = {2},
 pages                = {229-246},
 title                = {Principal component analysis for interval-valued observations},
 volume               = {4},
 year                 = {2011},
  url={https://doi.org/10.1002/sam.10118}}

@article{Rade12,
 author               = {J. {Le-Rademacher} and L. Billard},
 journal              = {Journal of Computational and Graphical Statistics},
 number               = {2},
 pages                = {413-432},
 title                = {Symbolic covariance principal component analysis and visualization for interval-valued data},
 volume               = {21},
 year                 = {2012},
  url={https://doi.org/10.1080/10618600.2012.679895} }

@article{Ramos16,
 author               = {A. B. {Ramos-Guajardo} and P. Grzegorzewski},
 journal              = {Information Sciences},
 pages                = {591-607},
 title                = {Distance-based linear discriminant analysis for interval-valued data},
 volume               = {372},
 year                 = {2016},
  url={https://doi.org/10.1016/j.ins.2016.08.068} }

@article{RadBil11,
  title={Likelihood functions and some maximum likelihood estimators for symbolic data},
  author={Le-Rademacher, Jennifer and Billard, Lynne},
  journal={Journal of Statistical Planning and Inference},
  volume={141},
  number={4},
  pages={1593--1602},
  year={2011},
  url={https://doi.org/10.1016/j.jspi.2010.11.016}
}

@book{huberty2006,
  title={Applied MANOVA and Discriminant Analysis, 2nd Edition},
  author={Huberty, Carl J and Olejnik, Stephen},
  year={2006},
  publisher={John Wiley \& Sons},
  address = {Chichester}
}

@book{seber2009,
  title={Multivariate {O}bservations},
  author={Seber, George AF},
  volume={252},
  year={2009},
  publisher={John Wiley \& Sons}
}

@article{ieva2019roahd,
  title={roahd Package: Robust Analysis of High Dimensional Data},
  author={Ieva, Francesca and Paganoni, Anna Maria and Romo, Juan and Tarabelloni, Nicholas},
  journal={The R Journal},
  volume={11},
  number={2},
  pages={291--307},
  year={2019},
  url={https://doi.org/10.32614/RJ-2019-032}}

@article{AitkinWilson1980,
  title={Mixture models, outliers, and the {EM} algorithm},
  author={Aitkin, Murray and Wilson, Granville T},
  journal={Technometrics},
  volume={22},
  number={3},
  pages={ 325-331},
  year={1980},
  url={https://doi.org/10.1080/00401706.1980.10486163}}

@book{Scott2015,
  title={ Multivariate Density Estimation. Theory, Practice, and Visualization},
  author={Scott, David W},
  year={2015},
  publisher={John Wiley \& Sons}}
