@book{Murdoch2010,
author = {D.~{Murdoch}},
title = {{Parsing Rd files}},
year = {2010},
url = {http://developer.r-project.org/parseRd.pdf}
}
@book{Murdoch2009,
author = {D.~{Murdoch and S.~Urbanek}},
title = {{The new R help system}},
publisher = {The R Journal 1/2:},
pages = {60--65},
year = {2009}
}
@book{Tierney2009,
author = {L.~{Tierney}},
title = {{codetools: Code Analysis Tools for R, }},
publisher = {R package version 0.2-2},
year = {2009}
}



