@techreport{Adams-et-al:2009,
   author = {Adams, B. M. and Bauman, L. E. and Bohnhoff, W. J. and Dalbey, K. R. and Ebeida, M. S. and Eddy, J. P. and Eldred, M. S. and Hough, P. D. and Hu, K. T. and Jakeman, J. D. and Swiler, L. P. and Vigil, D. M.},
   title = {DAKOTA, A Multilevel Parallel Object-Oriented Framework for Design Optimization, Parameter Estimation, Uncertainty Quantification, and Sensitivity Analysis: Version 5.4 User's Manual},
   number = {Sandia Technical Report SAND2010-2183},
   year = {2009},
   type = {Report},
   institution = {Sandia National Laboratories}
}

@inproceedings{Andrianov-et-al:2007,
   author = {Andrianov, G. and Burriel, S. and Cambier, S. and Dutfoy, A. and Dutka-Malen, I. and de Rocquigny, E. and Sudret, B. and Benjamin, P. and Lebrun, R. and Mangeant, F.  and Pendola, M.},
   title = {OpenTURNS, an open source initiative to Treat Uncertainties, Risks'N Statistics in  520 a structured industrial approach.},
   booktitle = {ESREL'2007 Safety and Reliability Conference},
   year = {2007},
   type = {Conference Proceedings}
}

@article{Bastin-et-al:2013,
   author = {Bastin, Lucy and Cornford, Dan and Jones, Richard and Heuvelink, Gerard B. M. and Pebesma, Edzer and Stasch, Christoph and Nativi, Stefano and Mazzetti, Paolo and Williams, Matthew},
   title = {Managing uncertainty in integrated environmental modelling: The UncertWeb framework},
   journal = {Environmental Modelling \& Software},
   volume = {39},
   pages = {116-134},
   ISSN = {1364-8152},
   url = {https://doi.org/10.1016/j.envsoft.2012.02.008},
   year = {2013},
   type = {Journal Article}
}

@book{Bertsekas-Tsitsiklis:2008,
   author = {Bertsekas, D. P. and Tsitsiklis, J. N.},
   title = {Introduction to Probability},
   publisher = {Athena Scientific},
   edition = {2nd},
   year = {2008},
   type = {Book},
   ISBN = {9781886529236}
}

@book{Blake:2011,
   author = {Blake, A. and Kohli, P. and Rother, C.},
   title = {Markov Random Fields for Vision and Image Processing},
   publisher = {MIT Press},
   year = {2011},
   type = {Book}
}


@article{Boyer-et-al:2006,
   author = {Boyer, Elizabeth W. and Alexander, Richard B. and Parton, William J. and Li, Changsheng and Butterbach-Bahl, Klaus and Donner, Simon D. and Skaggs, R. Wayne and Grosso, Stephen J. Del},
   title = {MODELING DENITRIFICATION IN TERRESTRIAL AND AQUATIC ECOSYSTEMS AT REGIONAL SCALES},
   journal = {Ecological Applications},
   volume = {16},
   number = {6},
   pages = {2123-2142},
   ISSN = {1939-5582},
   url = {https://doi.org/10.1890/1051-0761(2006)016[2123:mditaa]2.0.co;2},
   year = {2006},
   type = {Journal Article}
}

@article{Brown-Heuvelink:2007,
   author = {Brown, James D. and Heuvelink, Gerard B. M.},
   title = {The Data Uncertainty Engine (DUE): A software tool for assessing and simulating uncertain environmental variables},
   journal = {Computers \& Geosciences},
   volume = {33},
   number = {2},
   pages = {172-190},
   ISSN = {0098-3004},
   url = {https://doi.org/10.1016/j.cageo.2006.06.015},
   year = {2007},
   type = {Journal Article}
}


@Manual{shiny:2017,
  title = {Shiny: Web Application Framework for R},
  author = {Winston Chang and Joe Cheng and JJ Allaire and Yihui Xie and Jonathan McPherson},
  year = {2017},
  note = {R package version 1.0.5},
  url = {https://CRAN.R-project.org/package=shiny},
}

@book{Gruijter-et-al:2006,
   author = {de Gruijter, J. J. and Brus, D. J.  and Bierkens, M. F. P. and Knotters, M.},
   title = {Sampling for Natural Resource Monitoring},
   publisher = {Springer},
   year = {2006},
   type = {Book},
   url = {https://doi.org/10.1007/3-540-33161-1}
}


@book{Diggle-Ribeiro:2007,
   author = {Diggle, Peter J. and Ribeiro, Paulo Justiniano},
   title = {Model-Based Geostatistics},
   publisher = {Springer-Verlag},
   ISBN = {0387485368},
   url = {https://doi.org/10.1007/978-0-387-48536-2},
   year = {2007},
   type = {Book}
}

@misc{Eddelbuettel:2017,
   author = {Eddelbuettel, D.},
   title = {CRAN Task View: High-Performance and Parallel Computing with R},
   number = {18.05.2017},
   year = {2017},
   type = {Web Page}
}


@Manual{Ellison:2017,
  title = {Support for Metrological Applications},
  author = {Stephen L. R. Ellison},
  year = {2017},
  note = {R package version 0.9-26-2},
  url = {https://CRAN.R-project.org/package=metRology},
}


@article{Fisher-et-al:2010,
   author = {Fisher, Rosie and McDowell, Nate and Purves, Drew and Moorcroft, Paul and Sitch, Stephen and Cox, Peter and Huntingford, Chris and Meir, Patrick and Ian Woodward, F.},
   title = {Assessing uncertainties in a second-generation dynamic vegetation model caused by ecological scale limitations},
   journal = {New Phytologist},
   volume = {187},
   number = {3},
   pages = {666-681},
   ISSN = {1469-8137},
   url = {https://doi.org/10.1111/j.1469-8137.2010.03340.x},
   year = {2010},
   type = {Journal Article}
}

@book{Gentle:2003,
   author = {Gentle, J. E.},
   title = {Random Number Generation and Monte Carlo Methods},
   publisher = {Springer},
   year = {2003},
   type = {Book}
}

@book{Goovaerts:1997,
   author = {Goovaerts, P.},
   title = {Geostatistics for Natural Resources Evaluation},
   publisher = {Oxford University Press},
   address = {New York},
   year = {1997},
   type = {Book},
   ISBN = {9780195115383}
}

@article{Hamel-Guswa:2015,
   author = {Hamel, P. and Guswa, A. J.},
   title = {Uncertainty analysis of a spatially explicit annual water-balance model: Case study of the Cape Fear basin, North Carolina},
   journal = {Hydrol. Earth Syst. Sci.},
   volume = {19},
   number = {2},
   pages = {839-853},
   ISSN = {1607-7938},
   url = {https://doi.org/10.5194/hess-19-839-2015},
   year = {2015},
   type = {Journal Article}
}

@book{Hammersley-Handscomb:1979,
   author = {Hammersley, J. M. and Handscomb, D. C.},
   title = {Monte Carlo Methods},
   publisher = {Chapman and Hall},
   address = {London},
   year = {1979},
   type = {Book}
}

@article{Hengl-et-al:2008,
   author = {Hengl, Tomislav and Bajat, Branislav and Blagojevic, Dragan and Reuter, Hannes I.},
   title = {Geostatistical modeling of topography using auxiliary maps},
   journal = {Computers \& Geosciences},
   volume = {34},
   number = {12},
   pages = {1886-1899},
   ISSN = {0098-3004},
   url = {https://doi.org/10.1016/j.cageo.2008.01.005},
   year = {2008},
   type = {Journal Article}
}

@article{Hengl-et-al:2010,
   author = {Hengl, T. and Heuvelink, G. B. M. and van Loon, E. E.},
   title = {On the uncertainty of stream networks derived from elevation data: The error propagation approach},
   journal = {Hydrol. Earth Syst. Sci.},
   volume = {14},
   number = {7},
   pages = {1153-1165},
   ISSN = {1607-7938},
   url = {https://doi.org/10.5194/hess-14-1153-2010},
   year = {2010},
   type = {Journal Article}
}

@article{Hengl-et-al:2017,
   author = {Hengl, Tomislav and Mendes de Jesus, Jorge and Heuvelink, Gerard B. M. and Ruiperez Gonzalez, Maria and Kilibarda, Milan and Blagoti\'{c}, Aleksandar and Shangguan, Wei and Wright, Marvin N. and Geng, Xiaoyuan and Bauer-Marschallinger, Bernhard and Guevara, Mario Antonio and Vargas, Rodrigo and MacMillan, Robert A. and Batjes, Niels H. and Leenaars, Johan G. B. and Ribeiro, Eloi and Wheeler, Ichsani and Mantel, Stephan and Kempen, Bas},
   title = {SoilGrids250m: Global gridded soil information based on machine learning},
   journal = {PLOS ONE},
   volume = {12},
   number = {2},
   pages = {e0169748},
   year = {2017},
   type = {Journal Article},
   url = {https://doi.org/10.1371/journal.pone.0169748}
}

@article{Hengl-et-al:2004,
   author = {Hengl, Tomislav and Walvoort, Dennis J. J. and Brown, Allan and Rossiter, David G.},
   title = {A double continuous approach to visualization and analysis of categorical maps},
   journal = {International Journal of Geographical Information Science},
   volume = {18},
   number = {2},
   pages = {183-202},
   ISSN = {1365-8816},
   url = {https://doi.org/10.1080/13658810310001620924},
   year = {2004},
   type = {Journal Article}
}

@inproceedings{Heuvelink:2007,
   author = {Heuvelink, G. B. M.},
   title = {Error-aware GIS at work: Real-world applications of the Data Uncertainty Engine},
   booktitle = {The International Archives of the Photogrammetry, Remote Sensing and Spatial Information Sciences},
   year = {2007},
   type = {Conference Proceedings}
}

@book{Heuvelink:1998,
   author = {Heuvelink, G. B. M.},
   title = {Error Propagation in Environmental Modelling with GIS},
   publisher = {Taylor and Francis},
   address = {London},
   year = {1998},
   type = {Book}
}

@inbook{Heuvelink:2006,
   author = {Heuvelink, Gerard B. M.},
   chapter = {Analysing Uncertainty Propagation in GIS: Why is it not that Simple?},
   title = {Uncertainty in Remote Sensing and GIS},
   publisher = {John Wiley \& Sons},
   pages = {155-165},
   ISBN = {9780470035269},
   url = {https://doi.org/10.1002/0470035269.ch10},
   year = {2006},
   type = {Book Section}
}

@article{Heuvelink-et-al:2007,
   author = {Heuvelink, G. B. M. and Brown, J. D. and van Loon, E. E.},
   title = {A probabilistic framework for representing and simulating uncertain environmental variables},
   journal = {International Journal of Geographical Information Science},
   volume = {21},
   number = {5},
   pages = {497-513},
   ISSN = {1365-8816},
   url = {https://doi.org/10.1080/13658810601063951},
   year = {2007},
   type = {Journal Article}
}

@article{Heuvelink-et-al:1989,
   author = {Heuvelink, Gerard B. M. and Burrough, Peter A. and Stein, Alfred},
   title = {Propagation of errors in spatial modelling with GIS},
   journal = {International Journal of Geographical Information Systems},
   volume = {3},
   number = {4},
   pages = {303-322},
   ISSN = {0269-3798},
   url = {https://doi.org/10.1080/02693798908941518},
   year = {1989},
   type = {Journal Article}
}

@Manual{Hothorn-et-al:2017,
  title = {{mvtnorm}: Multivariate Normal and t Distributions},
  author = {Alan Genz and Frank Bretz and Tetsuhisa Miwa and Xuefei Mi and Friedrich Leisch and Fabian Scheipl and Torsten Hothorn},
  year = {2017},
  note = {R package version 1.0-6},
  url = {https://CRAN.R-project.org/package=mvtnorm},
}

@Book{Genz-Bretz:2009,
  title = {Computation of Multivariate Normal and t Probabilities},
  author = {Alan Genz and Frank Bretz},
  series = {Lecture Notes in Statistics},
  year = {2009},
  publisher = {Springer-Verlag},
  address = {Heidelberg},
  isbn = {9783642016882},
}

@article{Hugelius:2012,
   author = {Hugelius, Gustaf C. G. B.},
   title = {Spatial upscaling using thematic maps: An analysis of uncertainties in permafrost soil carbon estimates},
   journal = {Global Biogeochemical Cycles},
   volume = {26},
   number = {2},
   pages = {n/a-n/a},
   ISSN = {1944-9224},
   url = {https://doi.org/10.1029/2011gb004154},
   year = {2012},
   type = {Journal Article}
}

@article{Iman-Conover:1982,
   author = {Iman, Ronald L. and Conover, W. J.},
   title = {A distribution-free approach to inducing rank correlation among input variables},
   journal = {Communications in Statistics - Simulation and Computation},
   volume = {11},
   number = {3},
   pages = {311-334},
   ISSN = {0361-0918},
   url = {https://doi.org/10.1080/03610918208812265},
   year = {1982},
   type = {Journal Article}
}

@article{Jager-et-al:2005,
   author = {Jager, Henriette I. and King, Anthony W. and Schumaker, Nathan H. and Ashwood, Tom L. and Jackson, Barbara L.},
   title = {Spatial uncertainty analysis of population models},
   journal = {Ecological Modelling},
   volume = {185},
   number = {1},
   pages = {13-27},
   ISSN = {0304-3800},
   url = {https://doi.org/10.1016/j.ecolmodel.2004.10.016},
   year = {2005},
   type = {Journal Article}
}

@article{Kinkeldey-et-al:2014,
   author = {Kinkeldey, Christoph and MacEachren, Alan M. and Schiewe, Jochen},
   title = {How to Assess Visual Communication of Uncertainty? A Systematic Review of Geospatial Uncertainty Visualisation User Studies},
   journal = {The Cartographic Journal},
   volume = {51},
   number = {4},
   pages = {372-386},
   ISSN = {0008-7041},
   url = {https://doi.org/10.1179/1743277414y.0000000099},
   year = {2014},
   type = {Journal Article}
}

@article{Lechner-et-al:2014,
   author = {Lechner, A. M. and Raymond, C. M. and Adams, V. M. and Polyakov, M. and Gordon, A. and Rhodes, J. R. and Mills, M. and Stein, A. and Ives, C. D. and Lefroy, E. C.},
   title = {Characterizing spatial uncertainty when integrating social data in conservation planning},
   journal = {Conserv Biol},
   volume = {28},
   number = {6},
   pages = {1497-511},
   ISSN = {0888-8892},
   url = {https://doi.org/10.1111/cobi.12409},
   year = {2014},
   type = {Journal Article}
}

@book{Lewis-Orav:1989,
   author = {Lewis, P. A. W. and Orav, E. J. },
   title = {Simulation Methodology for Statisticians, Operations Analysts, and Engineers},
   publisher = {Wadsworth \& Brooks/Cole},
   volume = {1},
   year = {1989},
   type = {Book},
   ISBN = {9780534094508}
}

@article{LeyvaSuarez-et-al:2015,
   author = {Leyva-Suarez, Esther and Herrera, Graciela S. and de la Cruz, Luis M.},
   title = {A parallel computing strategy for Monte Carlo simulation using groundwater models},
   journal = {Geof\'{i}sica Internacional},
   volume = {54},
   number = {3},
   pages = {245-254},
   ISSN = {0016-7169},
   url = {https://doi.org/10.1016/j.gi.2015.04.020},
   year = {2015},
   type = {Journal Article}
}

@article{MacEachren:1992,
   author = {MacEachren, A. M.},
   title = {Visualizing uncertain information},
   journal = {Cartographic Perspective},
   volume = {13},
   pages = {10-19},
   year = {1992},
   type = {Journal Article}
}

@article{MacEachren-et-al:2005,
   author = {MacEachren, Alan M. and Robinson, Anthony and Hopper, Susan and Gardner, Steven and Murray, Robert and Gahegan, Mark and Hetzler, Elisabeth},
   title = {Visualizing Geospatial Information Uncertainty: What We Know and What We Need to Know},
   journal = {Cartography and Geographic Information Science},
   volume = {32},
   number = {3},
   pages = {139-160},
   ISSN = {1523-0406},
   url = {https://doi.org/10.1559/1523040054738936},
   year = {2005},
   type = {Journal Article}
}

@inbook{Marelli-Sudret:2014,
   author = {Marelli, S. and Sudret, B.},
   chapter = {UQLab: A Framework for Uncertainty Quantification in Matlab},
   title = {Vulnerability, Uncertainty, and Risk},
   publisher = {American Society of Civil Engineers},
   pages = {2554-2563},
   ISBN = {978-0-7844-1360-9},
   url = {https://doi.org/10.1061/9780784413609.257},
   year = {2014},
   type = {Book Section}
}

@article{Muthusamy-et-al:2016,
   author = {Muthusamy, M. and Schellart, A. and Tait, S. and Gerard B. M. Heuvelink},
   title = {Geostatistical upscaling of rain gauge data to support uncertainty analysis of lumped urban hydrological models},
   journal = {Hydrol. Earth Syst. Sci. Discuss.},
   volume = {2016},
   pages = {1-27},
   ISSN = {1812-2116},
   url = {https://doi.org/10.5194/hess-2016-279},
   year = {2016},
   type = {Journal Article}
}

@article{Nijhof-et-al:2016,
   author = {Nijhof, C. O. and Huijbregts, M. A. and Golsteijn, L. and van Zelm, R.},
   title = {Spatial variability versus parameter uncertainty in freshwater fate and exposure factors of chemicals},
   journal = {Chemosphere},
   volume = {149},
   pages = {101-7},
   ISSN = {0045-6535},
   url = {https://doi.org/10.1016/j.chemosphere.2016.01.079},
   year = {2016},
   type = {Journal Article}
}

@article{Nol-et-al:2010,
   author = {Nol, L. and Heuvelink, G. B. M. and Veldkamp, A. and de Vries, W. and Kros, J.},
   title = {Uncertainty propagation analysis of an N2O emission model at the plot and landscape scale},
   journal = {Geoderma},
   volume = {159},
   number = {1--2},
   pages = {9-23},
   ISSN = {0016-7061},
   url = {https://doi.org/10.1016/j.geoderma.2010.06.009},
   year = {2010},
   type = {Journal Article}
}

@article{Pebesma:2004,
   author = {Pebesma, Edzer J.},
   title = {Multivariable geostatistics in S: The gstat package},
   journal = {Computers \& Geosciences},
   volume = {30},
   number = {7},
   pages = {683-691},
   ISSN = {0098-3004},
   url = {https://doi.org/10.1016/j.cageo.2004.03.012},
   year = {2004},
   type = {Journal Article}
}

@Article{Graler-et-al:2016,
  title = {Spatio-Temporal Interpolation using gstat},
  author = {Benedikt Gr\"{a}ler and Edzer Pebesma and Gerard Heuvelink},
  year = {2016},
  journal = {The R Journal},
  volume = {8},
  issue = {1},
  pages = {204-218},
  ISSN = {2073-4857}
}

@article{Pebesma-Heuvelink:1999,
   author = {Pebesma, E. J. and Heuvelink, G. B. M.},
   title = {Latin Hypercube Sampling of Gaussian Random Fields},
   journal = {Technometrics},
   volume = {41},
   number = {4},
   pages = {303-312},
   ISSN = {00401706},
   url = {https://doi.org/10.2307/1271347},
   year = {1999},
   type = {Journal Article}
}

@article{Pennock-et-al:2010,
   author = {Pennock, Dan and Yates, Thomas and Bedard-Haughn, Angela and Phipps, Kim and Farrell, Richard and McDougal, Rhonda},
   title = {Landscape controls on N2O and CH4 emissions from freshwater mineral soil wetlands of the Canadian Prairie Pothole region},
   journal = {Geoderma},
   volume = {155},
   number = {3--4},
   pages = {308-319},
   ISSN = {0016-7061},
   url = {https://doi.org/10.1016/j.geoderma.2009.12.015},
   year = {2010},
   type = {Journal Article}
}

@article{Pianosi-et-al:2015,
   author = {Pianosi, Francesca and Sarrazin, Fanny and Wagener, Thorsten},
   title = {A Matlab toolbox for Global Sensitivity Analysis},
   journal = {Environmental Modelling \& Software},
   volume = {70},
   pages = {80-85},
   ISSN = {1364-8152},
   url = {https://doi.org/10.1016/j.envsoft.2015.04.009},
   year = {2015},
   type = {Journal Article}
}

@book{Plant:2012,
   author = {Plant, Richard E.},
   title = {Spatial Data Analysis in Ecology and Agriculture Using R},
   publisher = {CRC Press},
   ISBN = {1439819130},
   year = {2012},
   type = {Book}
}

@article{Saltelli-et-al:2000,
   author = {Saltelli, A. and Tarantola, S. and Campolongo, F.},
   title = {Sensitivity Anaysis as an Ingredient of Modeling},
   pages = {377-395},
   ISSN = {0883-4237},
   url = {https://doi.org/10.1214/ss/1009213004},
   year = {2000},
   type = {Journal Article},
   journal = {Statistical Science}
}

@Manual{Sawicka-Heuvelink:2017,
  title = {Spup: Uncertainty Propagation Analysis},
  author = {Kasia Sawicka and Gerard B. M. Heuvelink and Dennis J. J. Walvoort},
  year = {2017},
  note = {R package version 0.1-1}
}

@article{Schueller-Pradlwarter:2006,
   author = {Schueller, G. I. and Pradlwarter, H. J.},
   title = {Computational stochastic structural analysis (COSSAN) --- a software tool},
   journal = {Structural Safety},
   volume = {28},
   number = {1--2},
   pages = {68-82},
   ISSN = {0167-4730},
   url = {https://doi.org/10.1016/j.strusafe.2005.03.005},
   year = {2006},
   type = {Journal Article}
}

@article{Sobol:2001,
   author = {Sobol, I. M.},
   title = {Global sensitivity indices for nonlinear mathematical models and their Monte Carlo estimates},
   journal = {Mathematics and Computers in Simulation},
   volume = {55},
   number = {1},
   pages = {271-280},
   ISSN = {0378-4754},
   url = {https://doi.org/10.1016/S0378-4754(00)00270-6},
   year = {2001},
   type = {Journal Article}
}

@Manual{Spiess:2015,
  title = {Propagate: Propagation of Uncertainty},
  author = {Andrej-Nikolai Spiess},
  year = {2014},
  note = {R package version 1.0-4},
  url = {https://CRAN.R-project.org/package=propagate}
}

@Manual{Ucar:2017,
  title = {Errors: Error Propagation for R Vectors},
  author = {Inaki Ucar},
  year = {2017},
  note = {R package version 0.0.2},
  url = {https://CRAN.R-project.org/package=errors}
}

@article{vanOijen-et-al:2005,
   author = {Van Oijen, Marcel and Rougier, Jonathan and Smith, Ron},
   title = {Bayesian calibration of process-based forest models: Bridging the gap between models and data},
   journal = {Tree Physiology},
   volume = {25},
   number = {7},
   pages = {915-927},
   ISSN = {0829-318X},
   year = {2005},
   type = {Journal Article},
   url = {https://doi.org/10.1093/treephys/25.7.915}
}

@article{Vanguelova-et-al:2016,
   author = {Vanguelova, E. I. and Bonifacio, E. and De Vos, B. and Hoosbeek, M. R. and Berger, T. W. and Vesterdal, L. and Armolaitis, K. and Celi, L. and Dinca, L. and Kj{\o}naas, O. J. and Pavlenda, P. and Pumpanen, J. and P\"{u}ttsepp, \"{U}. and Reidy, B. and Simon\v{c}i\v{c}, P. and Tobin, B. and Zhiyanski, M.},
   title = {Sources of errors and uncertainties in the assessment of forest soil carbon stocks at different scales---review and recommendations},
   journal = {Environmental Monitoring and Assessment},
   volume = {188},
   number = {11},
   pages = {630},
   ISSN = {1573-2959},
   url = {https://doi.org/10.1007/s10661-016-5608-5},
   year = {2016},
   type = {Journal Article}
}

@book{Wackernagel:2003,
   author = {Wackernagel, H.},
   title = {Multivariate Geostatistics: An Introduction with Applications},
   publisher = {Springer},
   year = {2003},
   type = {Book}
}

@book{Webster-Oliver:2007,
   author = {Webster, R. and Oliver, M. A.},
   title = {Geostatistics for Environmental Scientists},
   publisher = {John Wiley \& Sons},
   edition = {2nd},
   year = {2007},
   type = {Book}
}

@article{Yu-et-al:2016,
   author = {Yu, Xuan and Lamacova, Anna and Duffy, Christopher and Kram, Pavel and Hruska, Jakub},
   title = {Hydrological model uncertainty due to spatial evapotranspiration estimation methods},
   journal = {Computers \& Geosciences},
   volume = {90, Part B},
   pages = {90-101},
   ISSN = {0098-3004},
   url = {https://doi.org/10.1016/j.cageo.2015.05.006},
   year = {2016},
   type = {Journal Article}
}
