@article{dkw,
author = "Dvoretzky, A. and Kiefer, J. and Wolfowitz, J.",
URL = {https://doi.org/10.1214/aoms/1177728174},
fjournal = "The Annals of Mathematical Statistics",
journal = "Annals of Mathematical Statistics",
month = "9",
number = "3",
pages = "642--669",
publisher = "The Institute of Mathematical Statistics",
title = "Asymptotic Minimax Character of the Sample Distribution Function and of the Classical Multinomial Estimator",
volume = "27",
year = "1956"
}

@article{massart-dkw,
  title={The tight constant in the {D}voretzky-{K}iefer-{W}olfowitz inequality},
  author={Massart, Pascal and others},
  journal={The Annals of Probability},
  volume={18},
  number={3},
  pages={1269--1283},
  year={1990},
  publisher={Institute of Mathematical Statistics},
  URL = {https://doi.org/10.1214/aop/1176990746}
}

 
@article{cleveland,
	Author = {Cleveland, William S. and McGill, Robert},
	Issn = {01621459},
	Journal = {Journal of the American Statistical Association},
	Number = {387},
	Pages = {531--554},
	Publisher = {American Statistical Association},
	Title = {Graphical Perception: Theory, Experimentation, and Application to the Development of Graphical Methods},
	Volume = {79},
	Year = {1984},
	URL = {https://doi.org/10.2307/2288400}
}
	
@book{robbins,
	Author = {Naomi Robbins},
	Publisher = {Wiley},
	Title = {Creating More Effective Graphs},
	Year = {2005},
	note={ISBN 0-471-27402-x},
	address = {Hoboken}}
	
@article{sineillusion,
  title={Signs of the Sine Illusion -- and why we need to care},
author={Susan {Vander Plas} and Heike Hofmann},
journal={Journal of Computational and Graphical Statistics},
volume={25},
issue={4},
pages={1170--1190},
URL = {https://doi.org/10.1080/10618600.2014.951547},
year={2015}
}

@Book{Davison:1997,
	Author = {Davison, A. C. and Hinkley, D. V.},
	Publisher = {Cambridge University Press},
	Title = {Bootstrap Methods and their Application},
	Year = {1997},
	Address = {Cambridge},
	note={ISBN 9780521574716}
}

@Manual{R,
  title = {{R}: A Language and Environment for Statistical Computing},
  author = {{R Core Team}},
  organization = {R Foundation for Statistical Computing},
  address = {Vienna, Austria},
  year = {2012},
  note = {{ISBN} 3-900051-07-0},
  url = {http://www.R-project.org/},
}

@Book{ggplot2,
    author = {Hadley Wickham},
    title = {{ggplot2}: Elegant Graphics for Data Analysis},
    publisher = {Springer-Verlag New York},
    year = {2016},
    note = {ISBN 978-3-319-24277-4}
  }

@ARTICLE{Aldor-Noiman2013-xw,
  title     = "The Power to See: A New Graphical Test of Normality",
  author    = "Aldor-Noiman, Sivan and Brown, Lawrence D and Buja, Andreas and
               Rolke, Wolfgang and Stine, Robert A",
  journal   = "The American Statistician",
  volume    =  67,
  number    =  4,
  pages     = "249--260",
  year      =  2013,
  URL = {https://doi.org/10.1080/00031305.2013.847865}
}

@ARTICLE{Loy2016-fg,
  title     = "Variations of {Q--Q} Plots: The Power of Our Eyes!",
  author    = "Loy, Adam and Follett, Lendie and Hofmann, Heike",
  journal   = "The American Statistician",
  volume    =  70,
  number    =  2,
  pages     = "202--214",
  year      =  2016,
  URL = {https://doi.org/10.1080/00031305.2015.1077728}
}

@Book{lattice,
    title = {{lattice}: Multivariate Data Visualization with R},
    author = {Deepayan Sarkar},
    publisher = {Springer},
    address = {New York},
    year = {2008},
    note = {ISBN 978-0-387-75968-5}
  }

@ARTICLE{Wilk1968-ii,
  title    = "Probability plotting methods for the analysis of data",
  author   = "Wilk, M B and Gnanadesikan, R",
  journal  = "Biometrika",
  volume   =  55,
  number   =  1,
  pages    = "1--17",
  year     =  1968,
  URL = {https://doi.org/10.2307/2334448}
}


@Book{car,
    title = {An {R} Companion to Applied Regression},
    edition = {Second},
    author = {John Fox and Sanford Weisberg},
    year = {2011},
    publisher = {Sage},
    address = {Thousand Oaks {CA}},
    note = {ISBN 9781412975148}
  }

  
@Manual{robustbase,
  title = {{robustbase}: Basic Robust Statistics},
  author = {Martin Maechler and Peter Rousseeuw and Christophe Croux and Valentin Todorov and Andreas Ruckstuhl and Matias Salibian-Barrera and Tobias Verbeke and Manuel Koller and Eduardo L. T. Conceicao and Maria {Anna di Palma}},
  year = {2016},
  note = {R package version 0.92-7},
  url = {http://robustbase.r-forge.r-project.org/}
}



@MISC{brfss,
  author = {{Centers for Disease Control and Prevention}},
  year = {2014},
  title        = {Behavioral Risk Factor Surveillance System},
  howpublished = "\url{https://www.cdc.gov/brfss/about/index.htm}",
  note         = "Accessed: 2017-11-1"
}
