@Manual{R,
  title = {R: A Language and Environment for Statistical Computing},
  author = {{R Core Team}},
  organization = {R Foundation for Statistical Computing},
  address = {Vienna, Austria},
  year = {2016},
  note = {{ISBN} 3-900051-07-0},
  url = {https://www.R-project.org/},
}


% Encoding: UTF-8
@article{filippova1962mises,
	title={Mises' theorem on the asymptotic behavior of functionals of empirical distribution functions and its statistical applications},
	author={Filippova, AA},
	journal={Theory of Probability \& Its Applications},
	volume={7},
	number={1},
	pages={24--57},
	year={1962},
	publisher={SIAM}
}

@article{duffie1997overview,
	title={An overview of value at risk},
	author={Duffie, Darrell and Pan, Jun},
	journal={The Journal of derivatives},
	volume={4},
	number={3},
	pages={7--49},
	year={1997},
	publisher={Institutional Investor Journals}
}

@article{pritsker1997evaluating,
	title={Evaluating value at risk methodologies: accuracy versus computational time},
	author={Pritsker, Matthew},
	journal={Journal of Financial Services Research},
	volume={12},
	number={2-3},
	pages={201--242},
	year={1997},
	publisher={Springer}
}

@misc{longerstaey1996riskmetrics,
	title={Riskmetrics technical manual},
	author={Longerstaey, J and others},
	year={1996},
	publisher={New York: JP Morgan Bank}
}

@article{simons1996value,
	title={Value at risk-new approaches to risk management},
	author={Simons, Katerina},
	journal={New England Economic Review},
	pages={3--14},
	year={1996},
	publisher={Federal Reserve Bank of Boston}
}

@article{stambaugh1996risk,
	title={Risk and value at risk},
	author={Stambaugh, Fred},
	journal={European Management Journal},
	volume={14},
	number={6},
	pages={612--621},
	year={1996},
	publisher={Elsevier}
}

@article{beder1995var,
	title={VAR: Seductive but dangerous},
	author={Beder, Tanya Styblo},
	journal={Financial Analysts Journal},
	volume={51},
	number={5},
	pages={12--24},
	year={1995},
	publisher={CFA Institute}
}

@article{artzner1999coherent,
	title={Coherent measures of risk},
	author={Artzner, Philippe and Delbaen, Freddy and Eber, Jean-Marc and Heath, David},
	journal={Mathematical finance},
	volume={9},
	number={3},
	pages={203--228},
	year={1999},
	publisher={Wiley Online Library}
}

@article{artzner1997coherent,
	title={Thinking Coherently},
	author={Artzner, Philippe and Delbaen, Freddy and Eber, Jean-Marc and Heath, David},
	journal={Risk},
	volume={10},
	number={},
	pages={68--71},
	year={1997},
	publisher={Wiley Online Library}
}

@misc{embrechts1997extremal,
	title={Extremal events in finance and insurance},
	author={Embrechts, Paul and Kluppelberg, S and Mikosch, Thomas},
	year={1997},
	publisher={Springer Verlag}
}

@incollection{pflug2000some,
	title={Some remarks on the value-at-risk and the conditional value-at-risk},
	author={Pflug, Georg Ch},
	booktitle={Probabilistic constrained optimization},
	pages={272--281},
	year={2000},
	publisher={Springer}
}

@book{jorion2007value,
	title={Value at risk: the new benchmark for managing financial risk},
	author={Jorion, Philippe},
	volume={3},
	year={2007}
}

@article{huber2009robust,
	title={Robust Statistics},
	author={Huber, Peter J and Ronchetti, Elvezio},
	year={2009}
}

@article{chen2005nonparametric,
	title={Nonparametric inference of value-at-risk for dependent financial returns},
	author={Chen, Song Xi and Tang, Cheng Yong},
	journal={Journal of Financial Econometrics},
	volume={3},
	number={2},
	pages={227--255},
	year={2005},
	publisher={Oxford Univ Press}
}

@article{newey1994large,
	title={Large sample estimation and hypothesis testing},
	author={Newey, Whitney K and McFadden, Daniel},
	journal={Handbook of econometrics},
	volume={4},
	pages={2111--2245},
	year={1994},
	publisher={Elsevier}
}

@article{hansen1982generalized,
	title={Generalized instrumental variables estimation of nonlinear rational expectations models},
	author={Hansen, Lars Peter and Singleton, Kenneth J},
	journal={Econometrica: Journal of the Econometric Society},
	pages={1269--1286},
	year={1982},
	publisher={JSTOR}
}

@article{singleton1985testing,
	title={Testing specifications of economic agents' intertemporal optimum problems in the presence of alternative models},
	author={Singleton, Kenneth J},
	journal={Journal of Econometrics},
	volume={30},
	number={1},
	pages={391--413},
	year={1985},
	publisher={Elsevier}
}

@article{harvey1991world,
	title={The world price of covariance risk},
	author={Harvey, Campbell R},
	journal={The Journal of Finance},
	volume={46},
	number={1},
	pages={111--157},
	year={1991},
	publisher={Wiley Online Library}
}

@article{timmermann2012structural,
	title={Structural breaks, incomplete information, and stock prices},
	author={Timmermann, Allan},
	journal={Journal of Business \& Economic Statistics},
	year={2012},
	publisher={Taylor \& Francis}
}

@article{mark1985time,
	title={On time varying risk premia in the foreign exchange market: An econometric analysis},
	author={Mark, Nelson C},
	journal={Journal of Monetary Economics},
	volume={16},
	number={1},
	pages={3--18},
	year={1985},
	publisher={Elsevier}
}

@article{hartmann1999trading,
	title={Trading volumes and transaction costs in the foreign exchange market: evidence from daily dollar--yen spot data},
	author={Hartmann, Philipp},
	journal={Journal of Banking \& Finance},
	volume={23},
	number={5},
	pages={801--824},
	year={1999},
	publisher={Elsevier}
}

@article{groen2003likelihood,
	title={Likelihood-based cointegration analysis in panels of vector error-correction models},
	author={Groen, Jan J J and Kleibergen, Frank},
	journal={Journal of Business \& Economic Statistics},
	volume={21},
	number={2},
	pages={295--318},
	year={2003},
	publisher={Taylor \& Francis}
}

@article{gordon1992costs,
	title={Costs of adjustment, the aggregation problem and investment},
	author={Gordon, Stephen},
	journal={The Review of Economics and Statistics},
	pages={422--429},
	year={1992},
	publisher={JSTOR}
}

@article{gilchrist1995evidence,
	title={Evidence on the role of cash flow for investment},
	author={Gilchrist, Simon and Himmelberg, Charles P},
	journal={Journal of monetary Economics},
	volume={36},
	number={3},
	pages={541--572},
	year={1995},
	publisher={Elsevier}
}

@article{chirinko2001business,
	title={Business fixed investment and" bubbles": The japanese case},
	author={Chirinko, Robert S and Schaller, Huntley},
	journal={The American Economic Review},
	volume={91},
	number={3},
	pages={663--680},
	year={2001},
	publisher={JSTOR}
}

@book{hampel1968contributions,
	title={Contributions to the theory of robust estimation},
	author={Hampel, Frank Rudolf},
	year={1968},
	publisher={University of California}
}

@article{hampel1971general,
	title={A general qualitative definition of robustness},
	author={Hampel, Frank R},
	journal={The Annals of Mathematical Statistics},
	pages={1887--1896},
	year={1971},
	publisher={JSTOR}
}

@article{hampel1973robust,
	title={Robust estimation: A condensed partial survey},
	author={Hampel, Frank R},
	journal={Probability Theory and Related Fields},
	volume={27},
	number={2},
	pages={87--104},
	year={1973},
	publisher={Springer}
}

@book{zhang2009statistical,
	title={Statistical Analysis of Portfolio Risk and Performance Measures: the Influence Function Approach},
	author={Zhang, Shenyu},
	year={2009},
	publisher={University of Washington}
}

@article{martin2017nonparametric,
	title={Nonparametric Versus Parametric Expected Shortfall (November 15, 2018)},
	author={Martin, R. Douglas and Zhang, Shengyu},
	journal={Available at SSRN: https://ssrn.com/abstract=2747179},
	year={2018}
}

@article{lo2002statistics,
	title={The statistics of Sharpe ratios},
	author={Lo, Andrew W},
	journal={Financial Analysts Journal},
	volume={58},
	number={4},
	pages={36--52},
	year={2002},
	publisher={CFA Institute},
	URL = {https://doi.org/10.2469/faj.v58.n4.2453}
}

@article{newey1987hac,
	ISSN = {00129682, 14680262},
	URL = {http://www.jstor.org/stable/1913610},
	author = {Newey, Whitney K and West, Kenneth D},
	journal = {Econometrica},
	number = {3},
	pages = {703-708},
	publisher = {[Wiley, Econometric Society]},
	title = {A Simple, Positive Semi-Definite, Heteroskedasticity and Autocorrelation Consistent Covariance Matrix},
	volume = {55},
	year = {1987}
}


@article{nelder1972generalized,
	title={Generalized linear models},
	author={Nelder, John A and Baker, R Jacob},
	journal={Encyclopedia of statistical sciences},
	year={1972},
	publisher={Wiley Online Library}
}

@article{zou2005regularization,
	title={Regularization and variable selection via the elastic net},
	author={Zou, Hui and Hastie, Trevor},
	journal={Journal of the Royal Statistical Society: Series B (Statistical Methodology)},
	volume={67},
	number={2},
	pages={301--320},
	year={2005},
	publisher={Wiley Online Library}
}

@article{newey1994automatic,
	title={Automatic lag selection in covariance matrix estimation},
	author={Newey, Whitney K and West, Kenneth D},
	journal={The Review of Economic Studies},
	volume={61},
	number={4},
	pages={631--653},
	year={1994},
	publisher={Oxford University Press}
}

@book{mccullagh1989generalized,
	title={Generalized linear models},
	author={McCullagh, Peter and Nelder, John A},
	volume={37},
	year={1989},
	publisher={CRC press}
}

@article{andrews1991heteroskedasticity,
	title={Heteroskedasticity and autocorrelation consistent covariance matrix estimation},
	author={Andrews, Donald WK},
	journal={Econometrica: Journal of the Econometric Society},
	pages={817--858},
	year={1991},
	publisher={JSTOR},
	URL = {https://www.jstor.org/stable/2938229}
}

@article{hirukawa2010two,
	title={A two-stage plug-in bandwidth selection and its implementation for covariance estimation},
	author={Hirukawa, Masayuki},
	journal={Econometric Theory},
	volume={26},
	number={03},
	pages={710--743},
	year={2010},
	publisher={Cambridge Univ Press}
}

@article{andrews1992improved,
	title={An improved heteroskedasticity and autocorrelation consistent covariance matrix estimator},
	author={Andrews, Donald WK and Monahan, J Christopher},
	journal={Econometrica: Journal of the Econometric Society},
	pages={953--966},
	year={1992},
	publisher={JSTOR}
}

@article{cooley1965algorithm,
	title={An algorithm for the machine calculation of complex Fourier series},
	author={Cooley, James W and Tukey, John W},
	journal={Mathematics of computation},
	volume={19},
	number={90},
	pages={297--301},
	year={1965},
	publisher={JSTOR}
}

@book{brillinger2001time,
	title={Time series: data analysis and theory},
	author={Brillinger, David R},
	volume={36},
	year={2001},
	publisher={Siam}
}

@article{olshen1967asymptotic,
	title={Asymptotic properties of the periodogram of a discrete stationary process},
	author={Olshen, Richard A},
	journal={Journal of Applied Probability},
	volume={4},
	number={3},
	pages={508--528},
	year={1967},
	publisher={JSTOR}
}

@article{walker1965some,
	title={Some asymptotic results for the periodogram of a stationary time series},
	author={Walker, AM},
	journal={Journal of the Australian Mathematical Society},
	volume={5},
	number={01},
	pages={107--128},
	year={1965},
	publisher={Cambridge Univ Press}
}

@article{percival199411,
	title={11. Spectral Analysis of Univariate and Bivariate Time Series},
	author={Percival, Donald B},
	journal={Statistical Methods for Physical Science},
	volume={28},
	pages={313},
	year={1994},
	publisher={Academic Press}
}

@article{priestley1981spectral,
	title={Spectral analysis and time series},
	author={Priestley, Maurice Bertram},
	year={1981},
	publisher={Academic press}
}

@book{campbell1997econometrics,
	title={The econometrics of financial markets},
	author={Campbell, John Y and Lo, Andrew Wen-Chuan and MacKinlay, Archie Craig},
	year={1997},
	publisher={princeton University press}
}

@book{cochrane2009asset,
	title={Asset Pricing:(Revised Edition)},
	author={Cochrane, John H},
	year={2009},
	publisher={Princeton university press}
}

@book{croux2003robust,
	title={Robust standard errors for robust estimators},
	author={Croux, Christophe and Dhaene, Geert and Hoorelbeke, Dirk and others},
	year={2003},
	publisher={Citeseer}
}

@article{sortino1994performance,
	title={Performance measurement in a downside risk framework},
	author={Sortino, Frank A and Price, Lee N},
	journal={the Journal of Investing},
	volume={3},
	number={3},
	pages={59--64},
	year={1994},
	publisher={Institutional Investor Journals}
}

@book{mcneil2015quantitative,
	title={Quantitative risk management: Concepts, techniques and tools},
	author={McNeil, Alexander J and Frey, R{\"u}diger and Embrechts, Paul},
	year={2015},
	publisher={Princeton university press}
}

@book{fox2016applied,
	title={Applied regression analysis and generalized linear models},
	author={Fox, John},
	year={2016},
	publisher={Sage Publications}
}

@article{hoerl1970ridge,
	title={Ridge regression: Biased estimation for nonorthogonal problems},
	author={Hoerl, Arthur E and Kennard, Robert W},
	journal={Technometrics},
	volume={12},
	number={1},
	pages={55--67},
	year={1970},
	publisher={Taylor \& Francis Group}
}

@book{hastie2009elements,
	title={The elements of statistical learning},
	author={Hastie, Trevor and Tibshirani, Robert and Friedman, Jerome},
	year={2009},
	publisher={Springer series in statistics New York}
}

@article{parikh2014proximal,
	title={Proximal algorithms},
	author={Parikh, Neal and Boyd, Stephen and others},
	journal={Foundations and Trends{\textregistered} in Optimization},
	volume={1},
	number={3},
	pages={127--239},
	year={2014},
	publisher={Now Publishers, Inc.}
}

@article{10.2307/2346178,
	ISSN = {00359246},
	URL = {http://www.jstor.org/stable/2346178},
	abstract = {We propose a new method for estimation in linear models. The `lasso' minimizes the residual sum of squares subject to the sum of the absolute value of the coefficients being less than a constant. Because of the nature of this constraint it tends to produce some coefficients that are exactly 0 and hence gives interpretable models. Our simulation studies suggest that the lasso enjoys some of the favourable properties of both subset selection and ridge regression. It produces interpretable models like subset selection and exhibits the stability of ridge regression. There is also an interesting relationship with recent work in adaptive function estimation by Donoho and Johnstone. The lasso idea is quite general and can be applied in a variety of statistical models: extensions to generalized regression models and tree-based models are briefly described.},
	author = {Robert Tibshirani},
	journal = {Journal of the Royal Statistical Society. Series B (Methodological)},
	number = {1},
	pages = {267-288},
	publisher = {[Royal Statistical Society, Wiley]},
	title = {Regression Shrinkage and Selection via the Lasso},
	volume = {58},
	year = {1996}
}

@book{dobson2008introduction,
	title={An introduction to generalized linear models},
	author={Dobson, Annette J and Barnett, Adrian},
	year={2008},
	publisher={CRC press}
}

@book{percival1993spectral,
	title={Spectral analysis for physical applications},
	author={Percival, Donald B and Walden, Andrew T},
	year={1993},
	publisher={cambridge university press}
}


@article{genz2004numerical,
	title={Numerical computation of rectangular bivariate and trivariate normal and t probabilities},
	author={Genz, Alan},
	journal={Statistics and Computing},
	volume={14},
	number={3},
	pages={251--260},
	year={2004},
	publisher={Springer}
}

@article{meyer2013recursive,
	title={Recursive Numerical Evaluation of the Cumulative Bivariate Normal Distribution},
	author={Meyer, Christian},
	journal={Journal of Statistical Software},
	volume={52},
	number={i10},
	year={2013},
	publisher={Foundation for Open Access Statistics}
}

@Article{Kleiner1979,
	author  = {Kleiner, B and Martin, RD and Thomson, DJ},
	title   = {Robust estimates of spectra (with discussion)},
	journal = {J Roy Statist Soc, B},
	year    = {1979},
	volume  = {41},
	pages   = {313--351},
}

@Article{Boudt2008,
	author  = {Boudt, Kris and Peterson, Brian and Croux, Christophe},
	title   = {Estimation and decomposition of downside risk for portfolios with non-normal returns},
	journal = {Journal of Risk},
	year    = {2008},
}

@Book{Fernholz1983,
	author    = {Fernholz, Luisa Turrin},
	publisher = {Springer Lecture Notes in Statistics 19},
	title     = {Von Mises calculus for statistical functionals},
	year      = {1983},
	volume    = {19},
	groups    = {[Doug:]},
}

@Article{Serfling1981,
	author = {R. J. Serfling},
	title  = {Approximation Theorems of Mathematical Statistics.},
	year   = {1981},
	issn   = {0006-341X},
	pages  = {869},
	volume = {37},
	doi    = {10.2307/2530199},
	groups = {Doug:6},
}

@Article{Capitani2014,
	author  = {Lucio De Capitani},
	journal = {Communications in Statistics},
	title   = {Interval Estimation for the Sortino Ratio and the Omega Ratio},
	year    = {2014},
	issn    = {0361-0918},
	pages   = {1385-1429},
	volume  = {43},
	doi     = {10.1080/03610918.2012.722808},
}

@Article{Capitani2015,
	author  = {Lucio De Capitani and Leo Pasquazzi},
	journal = {Metron},
	title   = {Inference for performance measures for financial assets},
	year    = {2015},
	issn    = {0026-1424},
	pages   = {73-98},
	volume  = {73},
	doi     = {10.1007/s40300-014-0055-y},
}

@Article{Ledoit2008,
	title={Robust performance hypothesis testing with the Sharpe ratio},
	author={Ledoit, Oliver and Wolf, Michael},
	journal={Journal of Empirical Finance},
	volume={15},
	number={5},
	pages={850--859},
	year={2008},
	publisher={Elsevier},
	URL    = {https://doi.org/10.1016/j.jempfin.2008.03.002},
}

@Article{Kunsch1989,
	title={The jackknife and the bootstrap for general stationary observations},
	author={Kunsch, Hans R},
	journal={The Annals of Statistics},
	pages={1217--1241},
	year={1989},
	publisher={JSTOR},
	URL = {https://www.jstor.org/stable/2241719}
}

@Article{Politis1994,
	title={The stationary bootstrap},
	author={Politis, Dimitris N and Romano, Joseph P},
	journal={Journal of the American Statistical Association},
	volume={89},
	number={428},
	pages={1303--1313},
	year={1994},
	publisher={Taylor \& Francis},
	URL    = {https://doi.org/10.1080/01621459.1994.10476870},
}

@Article{Mertens2002,
	author  = {Mertens, Elmar},
	journal = {Research Note (www. elmarmertens. org)},
	title   = {Comments on the correct variance of estimated Sharpe Ratios in Lo (2002, FAJ) when returns are IID},
	year    = {2002},
	groups  = {[Doug:]},
}

@Article{Stoyanov2008,
	author  = {Stoyanov, S and Rachev, S},
	journal = {Journal of Computational Analysis and Applications},
	title   = {Asymptotic distribution of the sample average value-at-risk},
	year    = {2008},
	pages   = {465--483},
	volume  = {10},
}

@Article{Stoyanov2008a,
	author  = {Stoyanov, Stoyan V and Rachev, Svetlozar},
	journal = {Journal of Applied Functional Analysis},
	title   = {Asymptotic distribution of the sample average value-at-risk in the case of heavy-tailed returns},
	year    = {2008},
	pages   = {443--461},
	volume  = {3},
}

@Article{Brillinger1962,
	author    = {Brillinger, David R},
	journal   = {Biometrika},
	title     = {A note on the rate of convergence of a mean},
	year      = {1962},
	number    = {3/4},
	pages     = {574--576},
	volume    = {49},
	publisher = {JSTOR},
}

@Article{Cont2010,
	author  = {Cont, R and Deguest, R and Scandolo, G},
	title   = {Robustness and sensitivity analysis of risk measurement procedures},
	journal = {Quantitative Finance},
	year    = {2010},
	volume  = {10},
	pages   = {593-606},
	issn    = {1469-7688},
	doi     = {10.1080/14697681003685597},
}

@Article{DeMiguel2009,
	author  = {DeMiguel, V and Nogales, F J},
	title   = {Portfolio Selection with Robust Estimation},
	journal = {Operations Research},
	year    = {2009},
}

@Article{Yamai2002,
	author  = {Yamai, Y and Yoshiba, T},
	title   = {Comparative Analyses of Expected Shortfall and Value-at-Risk (1): Their Estimation Error, Decomposition, and Optimization},
	journal = {Monetary and Economic Studies},
	year    = {2002},
}

@Article{Capitani2012,
	author = {Lucio De Capitani},
	title  = {Interval estimation for the Sharpe Ratio when returns are not i.i.d. with special emphasis on the GARCH(1,1) process with symmetric innovations},
	year   = {2012},
	issn   = {1618-2510},
	pages  = {517-537},
	volume = {21},
	doi    = {10.1007/s10260-012-0198-z},
}

@Article{CapitaniZenga2011,
	author  = {Capitani Lucio and Zenga Michele},
	journal = {Statistica & Applicazioni},
	title   = {Point and interval estimation of some financial performance measures},
	year    = {2011},
	number  = {2},
	volume  = {IX},
}

@Comment{jabref-meta: databaseType:bibtex;}

@Comment{jabref-meta: grouping:
	0 AllEntriesGroup:;
	1 StaticGroup:Markings\;2\;1\;\;\;\;;
	2 StaticGroup:Doug:6\;2\;1\;\;\;\;;
	2 StaticGroup:[Doug:]\;2\;1\;\;\;\;;
}

@article{zhang2020,
	author = {Zhang, S. and Martin, R. D. and Christidis, A. A.},
	title = {Influence Functions for Risk and Performance Estimators},
	url = {https://ssrn.com/abstract=3415903},
	year = {2020}
	
}

@article{christidis2018,
	author = {Christidis, A. and Zamar, R. and Lakshmanan, L. and Smucler, E.},
	title = {Ensembles of Regularized Linear Models},
	url = {https://arxiv.org/abs/1712.03561},
	year = {2018}
	
}

@Article{chen2021,
	author = {Chen, X. and Martin, R. D.},
	title = {Standard Errors of Risk and Performance Estimators for Serially Correlated Returns},
	journal   = {Journal of Risk},
	volume    = {23},
	pages     = {1--41},
	year = {2021},
	URL = {https://doi.org/10.21314/JOR.2020.446}
}


@book{wickham2015,
	title={R packages: organize, test, document, and share your code},
	author={Wickham, Hadley},
	year={2015},
	publisher={" O'Reilly Media, Inc."}
}

@article{peterson2007,
	title={Estimation and decomposition of downside risk for portfolios with non-normal returns},
	author={Peterson, Kris and Boudt, Brian and Croux, Christophe},
	year={2007}
}

@article{martin1979,
	title={Robust Estimation of Power Spectra},
	author={Martin, R. D. and Kleiner, B. and Thomson, D. J.},
	journal={Journal of the Royal Statistical Society, Series B},
	year={1979}
}

@article{rousseeuw1985,
	title={Multivariate estimation with high breakdown point},
	author={Rousseeuw, Peter J}
}

@article{martin1993bias,
	title={Bias robust estimation of scale},
	author={Martin, R Douglas and Zamar, Ruben H},
	journal={The Annals of Statistics},
	pages={991--1017},
	year={1993},
	publisher={JSTOR}
}

@Article{Hampel1974,
	author    = {Hampel, F R},
	title     = {The influence curve and its role in robust estimation},
	journal   = {Journal of the American Statistical Association},
	year      = {1974},
	volume    = {69},
	number    = {346},
	pages     = {383--393},
	publisher = {Taylor \& Francis},
	URL = {https://www.jstor.org/stable/2285666}
}

@Book{Hampel1986,
	title     = {Robust Statistics: The Approach Based on Influence Functions},
	publisher = {Wiley},
	year      = {1986},
	author    = {Hampel, F R and Ronchetti, E M and Rousseeuw, P J and Stahel, W A},
	URL = {https://doi.org/10.1002/9781118186435}
}

@Article{Martin2019,
	author  = {Martin, R D and Zhang, S},
	title   = {Nonparametric Versus Parametric Expected Shortfall},
	journal = {Journal of Risk},
	year    = {2019},
	volume  = {21},
	number  = {6},
	pages   = {1-41},
	url     = {https://ssrn.com/abstract=2747179},
}

@Book{Maronna2019,
	author  = {Maronna, RA and Martin, RD and Yohai, VJ and Salibian-Barrera, M},
	journal = {Hoboken, NJ, USA},
	title   = {Robust Statistics: Theory and Methods (with R) Wiley},
	year    = {2019},
	groups  = {Doug:6},
	URL={https://doi.org/10.1002/9781119214656}
}


@article{de2014interval,
	title={Interval estimation for the Sortino Ratio and the Omega Ratio},
	author={De Capitani, Lucio},
	journal={Communications in Statistics-Simulation and Computation},
	volume={43},
	number={6},
	pages={1385--1429},
	year={2014},
	publisher={Taylor \& Francis}
}

@article{de2015inference,
	title={Inference for performance measures for financial assets},
	author={De Capitani, Lucio and Pasquazzi, Leo},
	journal={Metron},
	volume={73},
	number={1},
	pages={73--98},
	year={2015},
	publisher={Springer}
}


@article{heidelberger1981spectral,
	title={A spectral method for confidence interval generation and run length control in simulations},
	author={Heidelberger, Philip and Welch, Peter D},
	journal={Communications of the ACM},
	volume={24},
	number={4},
	pages={233--245},
	year={1981},
	publisher={ACM New York, NY, USA},
	URL = {https://doi.org/10.1145/358598.358630}
}

@article{zhang2021influence,
	title={Influence Functions for Risk and Performance Estimators},
	author={Zhang, Shengyu and Martin, R. Doug and Christidis, Anthony-Alexander},
	journal={Journal of Mathematical Finance},
	volume={11},
	number={1},
	year={2021},
	URL = {https://doi.org/10.4236/jmf.2021.111002}
}

 @MISC{eigenweb,
	author = {Ga\"{e}l Guennebaud and Beno\^{i}t Jacob and others},
	title = {Eigen v3},
	howpublished = {http://eigen.tuxfamily.org},
	year = {2010}
}

@Article{GAMMA_glm,
	title={Generalized Linear Model for Gamma Distributed Variables via Elastic Net Regularization}, 
	author={Xin Chen and Aleksandr Y. Aravkin and R. Douglas Martin},
	year={2018},
	eprint={1804.07780},
	archivePrefix={arXiv},
	primaryClass={stat.ME},
    URL = {https://arxiv.org/abs/1804.07780}
}

@article{mccullagh2019generalized,
	title={Generalized linear models},
	author={McCullagh, Peter},
	year={2019},
	publisher={Routledge}
}

@book{fox2015applied,
	title={Applied regression analysis and generalized linear models},
	author={Fox, John},
	year={2015},
	publisher={Sage Publications}
}

@article{dobson2002exponential,
	title={Exponential family and generalized linear models},
	author={Dobson, ANNETTE J and Barnett, AG},
	journal={An Introduction to Generalized Linear Models. New York: Chapman \& Hall,},
	year={2002}
}

@article{zeileis2004econometric,
	title={Econometric computing with HC and HAC covariance matrix estimators},
	author={Zeileis, Achim},
	year={2004},
	journal={Journal of Statistical Software},
	publisher={Institut f{\"u}r Statistik und Mathematik, WU Vienna University of Economics and~…},
	URL = {https://doi.org/10.18637/jss.v011.i10}
}