
%%%%% Bibliography to be used in Rjournal article

@book{Demidenko,
	Address = {Hoboken, NJ},
	Author = {Demidenko, Eugene},
	Pages = {xviii+704},
	Publisher = {Wiley-Interscience},
	Series = {Wiley Series in Probability and Statistics},
	Title = {Mixed Models: Theory and Applications},
	Year = {2004}}


@article{EilersMarx,
author={Paul H. C. Eilers and Brain D. Marx},
title={Flexible Smoothing with {B}-splines and Penalties},
journal={Statistical Science},
year={1996},
pages={89-121},
volume={11},
number={2}
}

@book{GreenSilverman,
author={P. J. Green and B. W. Silverman},
title={Nonparametric Regression and Generalized Linear Models: a Roughness Penalty Approach},
series = {Monographs on Statistics and Applied Probability},
publisher =    {Chapman \& Hall},
  year =         {1994},
  address =      {London},
  keywords =     {}
}

@phdthesis{Gaydos:thesis,
author={Travis Gaydos},
title={Data Representation/Basis Selection to Understand Variation of Function Valued Traits},
School= {University of North Carolina},
  YEAR = {2008}
}

@article{Gaydos:main,
author={Travis Gaydos and Nancy E. Heckman and Mark Kirkpatrick and J.R. Stinchcombe and Johanna Schmitt and Joel Kingsolver and J. S. Marron},
title={Visualizing Genetic Constraints},
journal={Annals of Applied Staistics},
year={2013},
Volume={7},
number={2},
Pages={860-882}
}



@book{Johnson.Wichern,
author =  {Richard A. Johnson and Dean W. Wichern},
title= {Applied Multivariate Statistical Analysis},
publisher = {Pearson},
year = {2007}
}


@article{KRS:2004,
  author =       {Kingsolver, Joel G. and Ragland, G. J. and Shlichta, J. G.},
  title =        {Quantitative genetics of continuous reaction norms: thermal sensitivity of caterpillar growth rates},
  journal =      {Evolution},
  year =         {2004},
  volume =       {58},
  pages =        {1521-1529},
  keywords =     {}
}




@book{Schatzman:2002,
  author =       {Schatzman, Michelle},
  title =        {Numerical Analysis: A Mathematical Introduction},
  publisher =    {Claredon Press},
  year =         {2002},
  series =       {},
  address =      {Oxford},
  keywords =     {}
}

@article{PACE,
author =   {Fang Yao and H-G Mueller and J-L Wang},
title = {Functional data analysis for sparse longitudinal data},
journal = {Journal of the American Statistical Association},
year = {2005},
volume =  {100},
pages = {577-590}
}


@article{Zhao.2004,
author =   {Xin Zhao and  J. S. Marron and Martin T. Wells},
title = {The functional data analysis view of longitudinal data},
journal = {Statistica Sinica},
year = {2004},
volume =  {14},
pages = {789-808}
}

@Manual{prinsimp,
    title = {prinsimp: Finding and plotting simple basis vectors for multivariate data},
    author = {Davor Cubranic and Jonathan Zhang and Nancy Heckman and Travis Gaydos and and J.S. Marron},
    year = {2013},
    note = {R package version 0.8-8},
    url = {http://CRAN.R-project.org/package=prinsimp},
  }

