@Article{dickinson2015pragmatic,
  title = {Pragmatic Cluster Randomized Trials Using Covariate Constrained Randomization: A Method for Practice-Based Research Networks (PBRNs)},
  author = {L Miriam Dickinson and Brenda Beaty and Chet Fox and Wilson Pace and W Perry Dickinson and Caroline Emsermann and Allison Kempe},
  journal = {The Journal of the American Board of Family Medicine},
  volume = {28},
  number = {5},
  pages = {663--672},
  year = {2015},
  publisher = {Am Board Family Med},
  url = {https://doi.org/10.3122/jabfm.2015.05.150001},
}

@Article{gail1996design,
  title = {On Design Considerations and Randomization-Based Inference for Community Intervention Trials},
  author = {Mitchell H Gail and Steven D Mark and Raymond J Carroll and Sylvan B Green and David Pee},
  journal = {Statistics in medicine},
  volume = {15},
  number = {11},
  pages = {1069--1092},
  year = {1996},
  publisher = {John Wiley \& Sons},
  url = {https://doi.org/10.1002/(SICI)1097-0258(19960615)15:11<1069::AID-SIM220>3.0.CO;2-Q},
}

@Article{raab2001balance,
  title = {Balance in Cluster Randomized Trials},
  author = {Gillian M Raab and Izzy Butcher},
  journal = {Statistics in medicine},
  volume = {20},
  number = {3},
  pages = {351--365},
  year = {2001},
  publisher = {John Wiley \& Sons},
  url = {https://doi.org/10.1002/1097-0258(20010215)20:3<351::AID-SIM797>3.0.CO;2-C},
}

@Article{li2016evaluation,
  title = {An Evaluation of Constrained Randomization for the Design and Analysis of Group-Randomized Trials},
  author = {Fan Li and Yuliya Lokhnygina and David M Murray and Patrick J Heagerty and Elizabeth R DeLong},
  journal = {Statistics in medicine},
  volume = {35},
  number = {10},
  pages = {1565--1579},
  year = {2016},
  publisher = {John Wiley \& Sons},
  url = {https://doi.org/10.1002/sim.6813},
}

@Article{hannan1994parameters,
  title = {Parameters to Aid in the Design and Analysis of Community Trials: Intraclass Correlations from the Minnesota Heart Health Program},
  author = {Peter J Hannan and David M Murray and David R {Jacobs Jr} and Paul G McGovern},
  journal = {Epidemiology},
  pages = {88--95},
  year = {1994},
  publisher = {JSTOR},
  url = {https://doi.org/10.1097/00001648-199401000-00013},
}

@Article{eldridge2009intra,
  title = {The Intra-Cluster Correlation Coefficient in Cluster Randomized Trials: A Review of Definitions},
  author = {Sandra M Eldridge and Obioha C Ukoumunne and John B Carlin},
  journal = {International Statistical Review},
  volume = {77},
  number = {3},
  pages = {378--394},
  year = {2009},
  publisher = {John Wiley \& Sons},
  url = {https://doi.org/10.1111/j.1751-5823.2009.00092.x},
}

@InBook{CRT1,
  chapter = {1-3},
  pages = {3-40},
  title = {Cluster Randomizd Trials},
  publisher = {CRC Press},
  year = {2009},
  author = {Richard J. Hayes and Lawrence H. Moulton},
  note = {{ISBN} 9781584888178},
  url = {https://www.crcpress.com/Cluster-Randomised-Trials-Second-Edition/Hayes-Moulton/p/book/9781498728225},
}

@Article{CRT2,
  title = {Best (but Oft-Forgotten) Practices: Designing, Analyzing, and Reporting Cluster Randomized Controlled Trials},
  author = {Andrew W Brown and Peng Li},
  journal = {The American Journal of Clinical Nutrition},
  year = {2015},
  volume = {102},
  pages = {241-248},
  number = {2},
  url = {https://doi.org/10.3945/ajcn.114.105072},
}

@Article{moulton2004covariate,
  title = {Covariate-Based Constrained Randomization of Group-Randomized Trials},
  author = {Lawrence H Moulton},
  journal = {Clinical Trials},
  volume = {1},
  number = {3},
  pages = {297--305},
  year = {2004},
  publisher = {Sage Publications Sage CA: Thousand Oaks, CA},
  url = {https://doi.org/10.1191/1740774504cn024oa},
}

@Article{de2012best,
  title = {The “best Balance” Allocation Led to Optimal Balance in Cluster-Controlled Trials},
  author = {Esther {de Hoop} and Steven Teerenstra and Betsie GI {van Gaal} and Mirjam Moerbeek and George F Borm},
  journal = {Journal of clinical epidemiology},
  volume = {65},
  number = {2},
  pages = {132--137},
  year = {2012},
  publisher = {Elsevier},
  url = {https://doi.org/10.1016/j.jclinepi.2011.05.006},
}

@Article{li2017evaluation,
  title = {An Evaluation of Constrained Randomization for the Design and Analysis of Group-Randomized Trials with Binary Outcomes},
  author = {Fan Li and Elizabeth L Turner and Patrick J Heagerty and David M Murray and William M Vollmer and Elizabeth R DeLong},
  journal = {Statistics in medicine},
  volume = {36},
  number = {24},
  pages = {3791--3806},
  year = {2017},
  publisher = {John Wiley \& Sons},
  url = {https://doi.org/10.1002/sim.7410},
}

@Article{turner2017reviewa,
  title = {Review of Recent Methodological Developments in Group-Randomized Trials: Part 1—Design},
  author = {Elizabeth L Turner and Fan Li and John A Gallis and Melanie Prague and David M Murray},
  journal = {American Journal of Public Health},
  volume = {107},
  number = {6},
  pages = {907--915},
  year = {2017},
  publisher = {American Public Health Association},
  url = {https://doi.org/10.2105/AJPH.2017.303706},
}

@Article{turner2017reviewb,
  title = {Review of Recent Methodological Developments in Group-Randomized Trials: Part 2—analysis},
  author = {Elizabeth L Turner and Melanie Prague and John A Gallis and Fan Li and David M Murray},
  journal = {American journal of public health},
  volume = {107},
  number = {7},
  pages = {1078--1086},
  year = {2017},
  publisher = {American Public Health Association},
  url = {https://doi.org/10.2105/AJPH.2017.303707},
}

@Article{fiero2015statistical,
  title = {Statistical Analysis and Handling of Missing Data in Cluster Randomised Trials: Protocol for a Systematic Review},
  author = {Mallorie Fiero and Shuang Huang and Melanie L Bell},
  journal = {BMJ open},
  volume = {5},
  number = {5},
  pages = {e007378},
  year = {2015},
  publisher = {British Medical Journal Publishing Group},
  url = {https://doi.org/10.1186/s13063-016-1201-z},
}

@Article{ivers2012allocation,
  title = {Allocation Techniques for Balance at Baseline in Cluster Randomized Trials: a Methodological Review},
  author = {Noah M Ivers and Ilana J Halperin and Jan Barnsley and Jeremy M Grimshaw and Baiju R Shah and Karen Tu and Ross Upshur and Merrick Zwarenstein},
  journal = {Trials},
  volume = {13},
  number = {1},
  pages = {120},
  year = {2012},
  publisher = {BioMed Central},
  url = {https://doi.org/10.1186/1745-6215-13-120},
}

@Article{diehr1995breaking,
  title = {Breaking the Matches in a Paired t-Test for Community Interventions When the Number of Pairs Is Small},
  author = {Paula Diehr and Donald C Martin and Thomas Koepsell and Allen Cheadle},
  journal = {Statistics in medicine},
  volume = {14},
  number = {13},
  pages = {1491--1504},
  year = {1995},
  publisher = {John Wiley \& Sons},
  url = {https://doi.org/10.1002/sim.4780141309},
}

@Article{donner2004pitfalls,
  title = {Pitfalls of and Controversies in Cluster Randomization Trials},
  author = {Allan Donner and Neil Klar},
  journal = {American Journal of Public Health},
  volume = {94},
  number = {3},
  pages = {416--422},
  year = {2004},
  publisher = {American Public Health Association},
  url = {https://doi.org/10.2105/AJPH.94.3.416},
}

@Article{klar1997merits,
  title = {The Merits of Matching in Community Intervention Trials: a Cautionary Tale},
  author = {Neil Klar and Allan Donner},
  journal = {Statistics in medicine},
  volume = {16},
  number = {15},
  pages = {1753--1764},
  year = {1997},
  publisher = {John Wiley \& Sons},
  url = {https://doi.org/10.1002/(SICI)1097-0258(19970815)16:15<1753::AID-SIM597>3.0.CO;2-E},
}

@Article{campbell2012consort,
  title = {Consort 2010 Statement: Extension to Cluster Randomised Trials},
  author = {Marion K Campbell and Gilda Piaggio and Diana R Elbourne and Douglas G Altman},
  journal = {Bmj},
  volume = {345},
  pages = {e5661},
  year = {2012},
  publisher = {British Medical Journal Publishing Group},
  url = {https://doi.org/10.1136/bmj.e5661},
}

@Article{bailey1987valid,
  title = {Valid Randomization},
  author = {RA Bailey and CA Rowley},
  journal = {Proceedings of the Royal Society of London. A. Mathematical and Physical Sciences},
  volume = {410},
  number = {1838},
  pages = {105--124},
  year = {1987},
  publisher = {The Royal Society London},
  url = {https://doi.org/10.1098/rspa.1987.0030},
}

@Article{greene2017sas,
  title = {A SAS Macro for Covariate-Constrained Randomization of General Cluster-Randomized and Unstratified Designs},
  author = {Erich J Greene},
  journal = {Journal of statistical software},
  volume = {77},
  number = {CS1},
  year = {2017},
  publisher = {NIH Public Access},
  url = {https://doi.org/10.18637/jss.v077.c01},
}

@Article{Hussey2007,
  author = {M. A. Hussey and J. P. Hughes},
  journal = {Contemporary Clinical Trials},
  number = {2},
  pages = {182--191},
  pmid = {16829207},
  title = {{Design and Analysis of Stepped Wedge Cluster Randomized Trials}},
  volume = {28},
  year = {2007},
  url = {https://doi.org/10.1016/j.cct.2006.05.007},
}

@Article{LiTurnerPreisser2018,
  author = {F. Li and E. L. Turner and J. S. Preisser},
  journal = {Biometrics},
  volume = {74},
  number = {4},
  pages = {1450--1458},
  title = {{Sample Size Determination for GEE Analyses of Stepped Wedge Cluster Randomized Trials}},
  year = {2018},
  url = {https://doi.org/10.1111/biom.12918},
}
