@article{hoerl1970,
  author =	 {A. E. Hoerl and W. Kennard},
  title =	 {{R}idge Regression: {B}iased Estimation for
                  Nonorthogonal Problems},
  journal =	 {Technometrics},
  year =	 1970,
  volume =	 12,
  pages =	 {55--67}
}

@article{akaike1974,
  author =	 {H. Akaike},
  journal =	 {IEEE Transactions on Automatic Control},
  number =	 6,
  pages =	 {716--723},
  title =	 {A new look at the statistical model identification},
  volume =	 19,
  year =	 1974
}

@article{dempster1977,
  author =	 {A. P. Dempster and M. N. Laird and D. B. Rubin},
  journal =	 {Journal of the Royal Statistical Society B},
  pages =	 {1--22},
  title =	 {Maximum Likelihood from Incomplete Data via the {EM}
                  Algorithm},
  volume =	 39,
  year =	 1977
}

@article{schwarz1978,
  author =	 {G. Schwarz},
  title =	 {{E}stimating the Dimension of a Model},
  journal =	 {The Annals of Statistics},
  year =	 1978,
  volume =	 6,
  pages =	 {461--464}
}

@incollection{policello1981,
  year =	 1981,
  booktitle =	 {Statistical Distributions in Scientific Work},
  volume =	 79,
  series =	 {NATO Advanced Study Institutes Series},
  doi =		 {10.1007/978-94-009-8552-0_9},
  title =	 {Conditional {M}aximum {L}ikelihood {E}stimation in
                  {G}aussian Mixtures},
  author =	 {Policello G.},
  pages =	 {111-125},
  language =	 {English}
}

@article{stein1981,
  author =	 {Stein C.},
  title =	 {Estimation of the Mean of a Multivariate Normal
                  Distribution},
  journal =	 {The Annals of Statististics},
  year =	 1981,
  volume =	 9,
  pages =	 {1135--1151}
}

@article{joliffe82,
  author =	 {I. T. Jolliffe},
  journal =	 {Journal of the Royal Statistical Society C},
  number =	 3,
  pages =	 {300--303},
  title =	 {A Note on the Use of Principal Components in
                  Regression},
  volume =	 31,
  year =	 1982
}

@article{casella1985,
  author =	 {G. Casella},
  journal =	 {The American Statistician},
  keywords =	 {empirical-bayes},
  number =	 2,
  pages =	 {83--87},
  title =	 {An Introduction to Empirical {B}ayes Data
                  Analysis},
  volume =	 39,
  year =	 1985
}

@article{beauchamp1988,
  author =	 {Mitchell T.J. and Beauchamp J.J.},
  title =	 {{B}ayesian Variable Selection in Linear
                  Regression},
  journal =	 {Journal of the American Statistical Association},
  year =	 1988,
  volume =	 83,
  issue =	 404,
  pages =	 {1023--1032}
}

@article{wei1990,
  author =	 {C. G. Wei and M.A. Tanner},
  journal =	 {Journal of the American Statistical Association},
  pages =	 {699--704},
  title =	 {A {M}onte {C}arlo Implementation of the {EM}
                  Algorithm and the Poor Man's Data
                  Augmentation Algorithms},
  volume =	 85,
  year =	 1990
}

@book{searle1992variance,
  title =	 {Variance Components},
  author =	 {S.R. Searle and G. Casella and C.E. McCulloch},
  series =	 {Wiley Series in Probability and Mathematical
                  Statistics: Applied Probability and Statistics},
  year =	 1992,
  publisher =	 {Wiley}
}

%% inria-00074164, version 1
%% http://hal.inria.fr/inria-00074164

@article{celeux:inria-00074164,
  author =	 {G. Celeux and D. Chauveau and J. Diebolt},
  title =	 {{S}ome Stochastic versions of the {EM}
                  Algorithm},
  journal =	 {Journal of Statistical Computation and Simulation},
  year =	 1996,
  volume =	 55,
  pages =	 {287--314}
}

@article{tibshirani1996,
  author =	 {R. Tibshirani},
  title =	 {Regression Shrinkage and Selection Via the
                  Lasso},
  journal =	 {Journal of the Royal Statistical Society B},
  year =	 1996,
  volume =	 58,
  pages =	 {267--288}
}

@article{Booth1999,
  author =	 {Booth J. G. and Hobert J. P.},
  doi =		 {10.2307/2680750},
  journal =	 {Journal of the Royal Statistical Society B},
  keywords =	 {emalgorithm},
  number =	 1,
  pages =	 {265--285},
  posted-at =	 {2009-05-02 19:31:36},
  priority =	 2,
  title =	 {{Maximizing Generalized Linear Mixed Model
                  Likelihoods with an Automated Monte Carlo EM
                  Algorithm}},
  doi =		 {10.2307/2680750},
  volume =	 61,
  year =	 1999
}

@article{biernacki2000,
  author =	 {C. Biernacki and G. Celeux and G. Goavert},
  journal =	 {IEEE Transactions on Pattern Analysis and Machine
                  Intelligence},
  title =	 {Assessing a Mixture Model for Clustering with the
                  Integrated Completed Likelihood},
  volume =	 22,
  number =	 7,
  pages =	 {719--725},
  year =	 2000
}

@article{levine2001,
  author =	 {R. A. Levine and G. Casella},
  journal =	 {Journal of Computational and Graphical Statistics},
  number =	 3,
  pages =	 {422--439},
  title =	 {Implementations of the {M}onte {C}arlo {EM} Algorithm},
  volume =	 10,
  year =	 2001
}

@book{Hast:Tibs:Frie:2001,
  AUTHOR =	 {Hastie, T. and Tibshirani, R. and Friedman, J. H.},
  TITLE =	 {The Elements of Statistical Learning: Data Mining,
                  Inference, and Prediction},
  YEAR =	 2001,
  PUBLISHER =	 {Springer-Verlag},
  ADDRESS =	 {New York}
}

@article{efron2004,
  author =	 {B. Efron and T. Hastie and I. Johnstone and
                  R. Tibshirani},
  title =	 {Least angle regression},
  journal =	 {The Annals of Statistics},
  year =	 2004,
  volume =	 32,
  pages =	 {407--499}
}

@article{ishwaran2005,
  author =	 {H. Ishwaran and J. Sunil Rao},
  title =	 {Spike and slab variable selection: Frequentist and
                  {B}ayesian strategies},
  journal =	 {The Annals of Statistics},
  year =	 2005,
  volume =	 33,
  number =	 2,
  pages =	 {730--773}
}

@article{zou2005,
  author =	 {H. Zou and T. Hastie},
  title =	 {Regularization and variable selection via the
                  Elastic Net},
  journal =	 {Journal of the Royal Statistical Society B},
  year =	 2005,
  volume =	 67,
  pages =	 {301--320}
}

@article{Gunawardana05convergencetheorems,
  title =	 {{Convergence theorems for generalized alternating
                  minimization procedures}},
  author =	 {A. Gunawardana and W. Byrne},
  journal =	 {Journal of Machine Learning Research},
  year =	 2005,
  volume =	 6,
  pages =	 {2049--2073}
}

@article{scheetz2006regulation,
  author =	 {Todd E. Scheetz and Kwang-Youn A. Kim and Ruth
                  E. Swiderski and Alisdair R. Philp and Terry
                  A. Braun and Kevin L. Knudtson and Anne M. Dorrance
                  and Gerald F. DiBona and Jian Huang and Thomas
                  L. Casavant and Val C. Sheffield and Edwin M. Stone},
  journal =	 {Proceedings of the National Academy of Sciences of
                  the United States of America},
  number =	 39,
  pages =	 {14429--14434},
  title =	 {{Regulation of gene expression in the mammalian eye
                  and its relevance to eye disease}},
  volume =	 103,
  year =	 2006
}

@article{zou2007,
  author =	 {Zou H. and Hastie T. and Tibshirani R.},
  journal =	 {The Annals of Statistics},
  month =	 oct,
  number =	 5,
  pages =	 {2173--2192},
  title =	 {{On the degrees of freedom of the lasso}},
  doi =		 {10.1214/009053607000000127},
  volume =	 35,
  year =	 2007
}

@article{park2007,
  author =	 {M. Y. Park and T. Hastie and R. Tibshirani},
  title =	 {Averaged gene expressions for regression},
  journal =	 {Biostatistics},
  year =	 2007,
  volume =	 8,
  issue =	 2,
  pages =	 {212--227}
}

@article{biernacki2007,
  author =	 {Biernacki C.},
  title =	 {Degeneracy in the {M}aximum {L}ikelihood
                  {E}stimation of {U}nivariate {G}aussian {M}ixtures
                  for {G}rouped {D}ata and {B}ehaviour of the {EM}
                  {A}lgorithm},
  journal =	 {Journal of Scandinavian Statistics},
  year =	 2007,
  volume =	 34,
  pages =	 {569--586}
}

@article{bondell2008,
  author =	 {H. D. Bondell and B. J. Reich},
  title =	 {Simultaneous Regression Shrinkage, Variable
                  Selection, and Supervised Clustering of
                  Predictors with {OSCAR}},
  journal =	 {Biometrics},
  year =	 2008,
  volume =	 64,
  pages =	 {115--123}
}



@PhdThesis{she2008,
  title =	 {Sparse Regression with Exact Clustering},
  author =	 {She, Y.},
  isbn =	 9780549849957,
  year =	 2008,
  school =	 {Stanford University}
},

@article{govaert2008,
  author =	 {G. Govaert and M. Nadif},
  title =	 {{Block clustering with {B}ernoulli mixture models:
                  Comparison of different approaches}},
  journal =	 {Computational Statistics and Data Analysis},
  year =	 2008,
  volume =	 52,
  pages =	 {3233--3245}
}

@book{ggplot2-ref,
  author =	 {H. Wickham},
  title =	 {ggplot2: Elegant Graphics for Data Analysis},
  publisher =	 {Springer},
  address =	 {New York},
  year =	 2009,
  url =		 {http://had.co.nz/ggplot2/book},
}

@article{daye2009,
  author =	 {Daye Z. J. and Jeng X. J.},
  title =	 {Shrinkage and model selection with correlated
                  variables via weighted fusion},
  journal =	 {Computational Statistics \& Data Analysis},
  year =	 2009,
  volume =	 53,
  number =	 4,
  pages =	 {1284--1298},
  month =	 feb,
}



@TechReport{petry2009,
  author =	 {Petry S. and Tutz G.},
  title =	 {Shrinkage and variable selection by polytopes},
  type =	 {Technical report},
  number =	 {No. 053},
  institution =	 {Department of Statistics, University of Munich},
  year =	 2009
},

@article{chun2009,
  author =	 {Chun H. and Keles S.},
  title =	 {Expression {Q}uantitative {T}rait {L}oci {M}apping
                  {W}ith {M}ultivariate {S}parse {P}artial {L}east
                  {S}quares {R}egression},
  journal =	 {Genetics},
  year =	 2009,
  volume =	 182,
  issn =	 1,
  pages =	 {79--90}
}

@article{shen2010,
  author =	 {Shen X. and Huang H.},
  title =	 {Grouping pursuit in regression},
  journal =	 {Journal of American Statistical Association},
  year =	 2010,
  volume =	 105,
  pages =	 {727--739}
}

@article{glmnet-ref,
  title =	 {Regularization Paths for Generalized Linear Models
                  via Coordinate Descent},
  author =	 {J. Friedman and T. Hastie and R. Tibshirani},
  journal =	 {Journal of Statistical Software},
  year =	 2010,
  volume =	 33,
  number =	 1,
  pages =	 {1--22},
  url =		 {http://www.jstatsoft.org/v33/i01/},
}

@article{mariadassou2010,
  author =	 {M. Mariadassou and S. Robin and C. Vacher},
  title =	 {Uncovering Latent Structure in Valued Graphs: A
                  Variational Approach},
  journal =	 {The Annals of Applied Statistics},
  year =	 2010,
  volume =	 4,
  number =	 2,
  pages =	 {715--742}
}

@article{Rcpp-ref,
  title =	 {Rcpp: Seamless {R} and {C++} Integration},
  author =	 {D. Eddelbuettel and R. Fran\c{c}ois},
  journal =	 {Journal of Statistical Software},
  year =	 2011,
  volume =	 40,
  number =	 8,
  pages =	 {1--18},
  url =		 {http://www.jstatsoft.org/v40/i08/},
}

@article{petrone2012,
  author =	 {S. Petrone and J. Rousseau and C. Scricciolo},
  title =	 {{B}ayes and empirical {B}ayes: Do they merge?},
  volume =	 101,
  number =	 2,
  pages =	 {285--302},
  journal =	 {Biometrika},
  year =	 2014
}

@manual{spikeslab-ref,
  title =	 {spikeslab: Prediction and Variable Selection Using
                  Spike and Slab Regression},
  author =	 {H. Ishwaran and J. S. Rao and U. B. Kogalur},
  year =	 2013,
  note =	 {R package version 1.1.5},
  url =		 {https://CRAN.R-project.org/package=spikeslab},
}

@article{RcppEigen-ref,
  author =	 "D. Bates and D. Eddelbuettel",
  title =	 "Fast and Elegant Numerical Linear Algebra Using the
                  {RcppEigen} Package",
  journal =	 "Journal of Statistical Software",
  volume =	 52,
  number =	 5,
  pages =	 "1--24",
  year =	 2013,
  URL =		 "http://www.jstatsoft.org/v52/i05",
}

@article{biernacki2013,
  author =	 {C. Biernacki and J. Jacques},
  title =	 {{A generative model for rank data based on insertion
                  sort algorithm}},
  journal =	 {Computational Statistics and Data Analysis},
  volume =	 58,
  pages =	 {162--176},
  year =	 2013
}

@article{pacs2013,
  author =	 {D. B. Sharma and H. D. Bondell and H. H. Zhang},
  title =	 {Consistent Group Identification and Variable
                  Selection in Regression with Correlated
                  Predictors},
  journal =	 {Journal of Computational and Graphical Statistics.},
  year =	 2013,
  volume =	 22,
  number =	 2,
  pages =	 {319--340}
}

@article{yengo2013,
  author =	 {L. Yengo and J. Jacques and C. Biernacki},
  title =	 {{Variable clustering in high dimensional linear
                  regression models}},
  journal =	 {Journal de la Soci{\' e}t{\' e} Fran{\c c}aise de
                  Statistique},
  year =	 2014,
  volume =	 155,
  number =	 2,
  pages =	 {38--56}
}

@PhDThesis{Yengo2014,
  title =	 {Classification et s{\' e}lection de variables en
                  r{\' e}gression: Application à l'{\' e}tiologie g{\'
                  e}n{\' e}tique des maladies m{\' e}taboliques},
  author =	 {L. Yengo},
  school =	 {University Lille 1},
  year =	 2014
}

@Manual{MATLABR2014b,
  author =	 {{The~MathWorks Inc.}},
  title =	 {MATLAB -- The Language of Technical
                  Computing, Version R2014b.},
  year =	 2014,
  address =	 {Natick, Massachusetts},
  url =		 {http://www.mathworks.com/products/matlab/},
}

@Manual{clere,
  title =	 {clere: Simultaneous Variables Clustering and
                  Regression},
  author =	 {Loic Yengo and Mickael Canouil},
  year =	 {2015},
  note =	 {R package version 1.1.4},
  url =		 {https://CRAN.R-project.org/package=clere},
}

@Manual{lasso2,
  title =	 {lasso2: L1 Constrained Estimation aka `LASSO'},
  author =	 {Justin Lokhorst and Bill Venables and Berwin
                  Turlach},
  year =	 {2014},
  note =	 {R package version 1.2-19; port to R and tests, etc.:
                  Martin Maechler},
  url =		 {https://CRAN.R-project.org/package=lasso2},
}

@Manual{flare,
  title =	 {flare: Family of Lasso Regression},
  author =	 {Xingguo Li and Tuo Zhao and Lie Wang and Xiaoming
                  Yuan and Han Liu},
  year =	 {2014},
  note =	 {R package version 1.5.0},
  url =		 {https://CRAN.R-project.org/package=flare},
}

