@article{huang,
author = {Alan Huang},
title ={{Mean-parametrized Conway–Maxwell–Poisson regression models for dispersed counts}},
journal = {Statistical Modelling},
volume = {17},
number = {6},
pages = {359--380},
year = {2017},
URL = {https://doi.org/10.1177/1471082X17697749}
}

@book{glm,
  author = {McCullagh, P. and Nelder, J.A.},
  publisher = {Chapman \& Hall},
  series = {Chapman and Hall/CRC Monographs on Statistics and Applied Probability Series},
  title = {Generalized Linear Models, Second Edition},
  year = {1989}
}

@ARTICLE{hp,
title = {{A hyper-Poisson regression model for overdispersed and underdispersed count data}},
author = {Saez-Castillo, A.J. and Conde-Sanchez, A.},
year = {2013},
journal = {Computational Statistics \& Data Analysis},
volume = {61},
pages = {148--157},
URL = {https://doi.org/10.1016/j.csda.2012.12.009}
}

@ARTICLE{lord,
title = {{Application of the Hyper-Poisson Generalized Linear Model for Analyzing Motor Vehicle Crashes}},
author = {Khazraee, S. Hadi and Saez-Castillo, Antonio Jose and Geedipally, Srinivas Reddy and Lord, Dominique},
year = {2015},
journal = {Risk Analysis},
volume = {35},
number = {5},
pages = {919--930},
URL = {https://doi.org/10.1111/risa.12296}
}

@Article{Saez-Castillo2017,
author="S{\'a}ez-Castillo, Antonio J.
and Conde-S{\'a}nchez, Antonio",
title= {{Detecting over- and under-dispersion in zero inflated data with the hyper-Poisson regression model}},
journal="Statistical Papers",
year = {2017},
volume = {58},
number = {1},
pages= {19--33},
URL = {https://doi.org/10.1007/s00362-015-0683-1},
}

@article{kraft1994algorithm,
  title={{Algorithm 733: TOMP--Fortran modules for optimal control calculations}},
  author={Kraft, Dieter},
  journal={ACM Transactions on Mathematical Software (TOMS)},
  volume={20},
  number={3},
  pages={262--281},
  year={1994},
  URL = {https://doi.org/10.1145/192115.192124}
}

@Article{copula,
    title = {Nested Archimedean Copulas Meet {R}: The {nacopula} Package},
    author = {{Marius Hofert} and {Martin M\"achler}},
    journal = {Journal of Statistical Software},
    year = {2011},
    volume = {39},
    number = {9},
    pages = {1--20},
    url = {http://www.jstatsoft.org/v39/i09/},
  }
  
@article{Petterle19,
author = {Petterle, Ricardo and Bonat, Wagner and Kokonendji, Célestin and C. Seganfredo, Juliane and Moraes, Atamai and G. da Silva, Monica},
year = {2019},
month = {04},
pages = {},
title = {Double Poisson-Tweedie Regression Models},
journal = {The International Journal of Biostatistics},
doi = {10.1515/ijb-2018-0119}
}

@Manual{mpcmp,
    title = {mpcmp: Mean-Parametrized Conway-Maxwell Poisson (COM-Poisson) Regression},
    author = {Thomas Fung and Aya Alwan and Justin Wishart and Alan Huang},
    year = {2020},
    note = {R package version 0.3.6},
    url = {https://CRAN.R-project.org/package=mpcmp},
}

@article{sellers10,
 URL = {https://doi.org/10.1214/09-AOAS306},
 author = {Kimberly F. Sellers and Galit Shmueli},
 journal = {The Annals of Applied Statistics},
 number = {2},
 pages = {943--961},
 title = {A FLEXIBLE REGRESSION MODEL FOR COUNT DATA},
 volume = {4},
 year = {2010}
}

@Manual{COMPoissonReg,
title = {COMPoissonReg: Conway-Maxwell Poisson (COM-Poisson) Regression},
author = {Kimberly Sellers and Thomas Lotze and Andrew Raim},
year = {2018},
note = {R package version 0.7.0},
url = {https://CRAN.R-project.org/package=COMPoissonReg},
}

@article{Bonat,
author = {Wagner H. Bonat and Bent Jørgensen and Célestin C. Kokonendji and John Hinde and Clarice G. B. Demétrio},
title ={{Extended Poisson–Tweedie: Properties and regression models for count data}},
journal = {Statistical Modelling},
volume = {18},
number = {1},
pages = {24-49},
year = {2018},
URL = {https://doi.org/10.1177/1471082X17715718},
}

@article{atkinson,
    author = {Atkinson, A. C.},
    title = "{Two graphical displays for outlying and influential observations in regression}",
    journal = {Biometrika},
    volume = {68},
    number = {1},
    pages = {13-20},
    year = {1981},
    url = {https://doi.org/10.1093/biomet/68.1.13},
    eprint = {https://academic.oup.com/biomet/article-pdf/68/1/13/651563/68-1-13.pdf},
}

@article{GARAY,
title = {On estimation and influence diagnostics for zero-inflated negative binomial regression models},
journal = {Computational Statistics \& Data Analysis},
volume = {55},
number = {3},
pages = {1304-1318},
year = {2011},
url = {https://doi.org/10.1016/j.csda.2010.09.019},
author = {Aldo M. Garay and Elizabeth M. Hashimoto and Edwin M.M. Ortega and Víctor H. Lachos},
}

@book{Winkelmann2008,
  title={Econometric Analysis of Count Data},
  author={Winkelmann, R.},
  lccn={2008922297},
  year={2008},
  edition={5},
  publisher={Springer}
}

@book{cameron_trivedi_2013,
place={Cambridge},
edition={2},
series={Econometric Society Monographs},
title={Regression Analysis of Count Data},
url={https://doi.org/10.1017/CBO9781139013567},
publisher={Cambridge University Press},
author={Cameron, A. Colin and Trivedi, Pravin K.},
year={2013},
collection={Econometric Society Monographs}}

@book{hilbe_2011,
place={Cambridge},
edition={2},
title={Negative Binomial Regression},
url={https://doi.org/10.1017/CBO9780511973420},
publisher={Cambridge University Press},
author={Hilbe, Joseph M.},
year={2011}}

@book{long,
author = {Long, J Scott and Freese, Jeremy},
year = {2014},
title = {Regression Models for Categorical Dependent Variables using STATA},
edition = {3},
publisher = {Stata Press},
}

@article{Consul92,
Author = {Consul, P.C. and Famoye, F.},
Title = {{Generalized Poisson Regression-Model}},
Journal = {{Communications in Statistics - Theory and Methods}},
Year = {1992},
Volume = {21},
Number = {1},
Pages = {89--109},
URL = {https://doi.org/10.1080/03610929208830766}
}

@article{Wang97,
Author = {Wang, W.R. and Famoye, F.},
Title = {{Modeling household fertility decisions with generalized Poisson
   regression}},
Journal = {{Journal of Population Economics}},
Year = {1997},
Volume = {10},
Number = {3},
Pages = {273--283},
URL = {https://doi.org/10.1007/s001480050043}
}

@article{Famoye04,
author = {Famoye, Felix and Wulu, John and Singh, Karan},
year = {2004},
pages = {287--295},
title = {{On the generalized Poisson regression model with an application to accident data}},
volume = {2},
number = {3},
url = {https://doi.org/10.6339/JDS.2004.02(3).167},
journal = {Journal of Data Science}
}

@article{Zamani12,
author = {Hossein   Zamani  and  Noriszura   Ismail },
title = {{Functional Form for the Generalized Poisson Regression Model}},
journal = {Communications in Statistics - Theory and Methods},
volume = {41},
number = {20},
pages = {3666--3675},
year  = {2012},
URL = {https://doi.org/10.1080/03610926.2011.564742},
}

@article{Grover15,
author = {Gurprit Grover and Ravi Vajala and Prafulla Kumar Swain},
title = {{On the assessment of various factors effecting the improvement in CD4 count of aids patients undergoing antiretroviral therapy using generalized Poisson regression}},
journal = {Journal of Applied Statistics},
volume = {42},
number = {6},
pages = {1291--1305},
year  = {2015},
URL = {https://doi.org/10.1080/02664763.2014.999649},
}

@article{Zou13,
title = {{Evaluating the double Poisson generalized linear model}},
journal = "Accident Analysis \& Prevention",
volume = "59",
pages = "497--505",
year = "2013",
url = "https://doi.org/10.1016/j.aap.2013.07.017",
author = "Yaotian Zou and Srinivas Reddy Geedipally and Dominique Lord",
}

@article{Efron86,
Author = {Efron, B.},
Title = {{Double Exponential-Families And Their Use In Generalized
   Linear-Regression}},
Journal = {{Journal of the American Statistical Association}},
Year = {1986},
Volume = {81},
Number = {395},
Pages = {709--721},
URL = {https://doi.org/10.2307/2289002}
}

@article{winkelmann95,
Author = {Winkelmann, R.},
Title = {{Duration Dependence And Dispersion In Count-Data Models}},
Journal = {{Journal of Business \& Economic Statistics}},
Year = {1995},
Volume = {13},
Number = {4},
Pages = {467--474},
URL = {https://doi.org/10.1080/07350015.1995.10524620}
}

@Article{daniels10,
AUTHOR = {Daniels, Stijn and Brijs, Tom and Nuyts, Erik and Wets, Geert},
title = {Explaining variation in safety performance of roundabouts.},
JOURNAL = {Accident Analysis \& Prevention},
VOLUME = {42},
YEAR = {2010},
NUMBER = {2},
PAGES = {393--402},
URL = {https://doi.org/10.1016/j.aap.2009.08.019},
}

@article{daniels11,
    author = {Daniels, Stijn and Brijs, Tom and Nuyts, Erik and Wets, Geert},
    URL = {http://dx.doi.org/10.1016/j.ssci.2010.07.016},
    journal = {Safety Science},
    month = sep,
    title = {{Extended prediction models for crashes at roundabouts}},
    year = {2011},
    volume = {49},
    pages = {198--207}
}

@Article{Oh06,
AUTHOR = {Oh, Jutaek and Washington, Simon P and Nam, Doohee},
TITLE = {Accident prediction model for railway-highway interfaces.},
JOURNAL = {Accid Anal Prev},
VOLUME = {38},
YEAR = {2006},
NUMBER = {2},
PAGES = {346-56},
URL = {https://doi.org/10.1016/j.aap.2005.10.004},
}

@article{Zeviani14,
author = {Walmes Marques Zeviani and Paulo Justiniano Ribeiro Jr and Wagner Hugo Bonat and Silvia Emiko Shimakura and Joel Augusto Muniz},
title = {{The Gamma-count distribution in the analysis of experimental underdispersed data}},
journal = {Journal of Applied Statistics},
volume = {41},
number = {12},
pages = {2616--2626},
year  = {2014},
URL = {https://doi.org/10.1080/02664763.2014.922168},
}

@article{McShane08,
author = {Blake McShane and Moshe Adrian and Eric T Bradlow and Peter S Fader},
title = {{Count Models Based on Weibull Interarrival Times}},
journal = {Journal of Business \& Economic Statistics},
volume = {26},
number = {3},
pages = {369--378},
year  = {2008},
URL = {https://doi.org/10.1198/073500107000000278},
}

@article{Ong15,
author = {S. H. Ong and Atanu Biswas and S. Peiris and Y. C. Low},
title = {{Count Distribution for Generalized Weibull Duration with Applications}},
journal = {Communications in Statistics - Theory and Methods},
volume = {44},
number = {19},
pages = {4203--4216},
year  = {2015},
URL = {https://doi.org/10.1080/03610926.2015.1062105},
}

@Article{klakattawi18,
AUTHOR = {Klakattawi, Hadeel S. and Vinciotti, Veronica and Yu, Keming},
TITLE = {{A Simple and Adaptive Dispersion Regression Model for Count Data}},
JOURNAL = {Entropy},
VOLUME = {20},
YEAR = {2018},
NUMBER = {2},
URL = {https://doi.org/10.3390/e20020142},
}

@article{Yoo19,
author = {H. Yoo},
title = {{Application of discrete Weibull regression model with multiple imputation}},
journal = {Communications for Statistical Applications and Methods},
year = {2019},
volume = {26},
pages = {325--336},
URL = {https://doi.org/10.29220/CSAM.2019.26.3.325}
}

@article{faddy11,
author = {M.   J.   Faddy  and  D.   M.   Smith },
title = {Analysis of count data with covariate dependence in both mean and variance},
journal = {Journal of Applied Statistics},
volume = {38},
number = {12},
pages = {2683--2694},
year  = {2011},
URL = {https://doi.org/10.1080/02664763.2011.567250},
}

@article{smith16,
   author = {David Smith and Malcolm Faddy},
   title = {{Mean and Variance Modeling of Under- and Overdispersed Count Data}},
   journal = {Journal of Statistical Software, Articles},
   volume = {69},
   number = {6},
   year = {2016},
   pages = {1--23},
   URL = {https://doi.org/10.18637/jss.v069.i06}
}

@Article{Guikema08,
AUTHOR = {Guikema, Seth D. and Coffelt, Jeremy P.},
TITLE = {A flexible count data regression model for risk analysis},
JOURNAL = {Risk Anal},
VOLUME = {28},
YEAR = {2008},
NUMBER = {1},
PAGES = {213--23},
URL = {https://doi.org/10.1111/j.1539-6924.2008.01014.x},
}

@Article{Lord10,
AUTHOR = {Lord, Dominique and Geedipally, Srinivas Reddy and Guikema, Seth D},
TITLE = {{Extension of the Application of Conway‐Maxwell‐Poisson Models: Analyzing Traffic Crash Data Exhibiting Underdispersion}},
JOURNAL = {Risk Anal},
VOLUME = {30},
YEAR = {2010},
NUMBER = {8},
PAGES = {1268-76},
URL = {https://doi.org/10.1111/j.1539-6924.2010.01417.x},
}

@article{sellers12,
author = {Sellers, Kimberly F. and Borle, Sharad and Shmueli, Galit},
title = {{The COM-Poisson model for count data: a survey of methods and applications}},
journal = {Applied Stochastic Models in Business and Industry},
volume = {28},
number = {2},
pages = {104--116},
URL = {https://doi.org/10.1002/asmb.918},
year = {2012}
}

@article{francis12,
author = {Francis, Royce and Geedipally, Srinivas and D Guikema, Seth and Dhavala, Soma and Lord, Dominique and Larocca, Sarah},
year = {2012},
number = {1},
pages = {167--183},
title = {{Characterizing the Performance of the Conway-Maxwell Poisson Generalized Linear Model}},
volume = {32},
journal = {Risk analysis : an official publication of the Society for Risk Analysis},
URL = {https://doi.org/10.1111/j.1539-6924.2011.01659.x},
}

@article{sellers17,
author = {Kimberly F. Sellers and Darcy S. Morris},
title = {Underdispersion models: Models that are “under the radar”},
journal = {Communications in Statistics - Theory and Methods},
volume = {46},
number = {24},
pages = {12075--12086},
year  = {2017},
URL = {https://doi.org/10.1080/03610926.2017.1291976},
}

@article{CHATLA18,
title = {{Efficient estimation of COM–Poisson regression and a generalized additive model}},
journal = "Computational Statistics \& Data Analysis",
volume = {121},
pages = {71--88},
year = {2018},
url = {{https://doi.org/10.1016/j.csda.2017.11.011}},
author = {Suneel Babu Chatla and Galit Shmueli},
}

@Article{Chanialidis2018,
author="Chanialidis, Charalampos
and Evers, Ludger
and Neocleous, Tereza
and Nobile, Agostino",
title= {{Efficient Bayesian inference for COM-Poisson regression models}},
journal="Statistics and Computing",
year="2018",
volume="28",
number="3",
pages="595--608",
url="https://doi.org/10.1007/s11222-017-9750-x"
}

@article{ABDELLA19,
title = {{Penalized Conway-Maxwell-Poisson regression for modelling dispersed discrete data: The case study of motor vehicle crash frequency}},
journal = {Safety Science},
volume = {120},
pages = {157--163},
year = {2019},
URL = {https://doi.org/10.1016/j.ssci.2019.06.036},
author = {Galal M. Abdella and Jinho Kim and Khalifa N. Al-Khalifa and Abdel Magid Hamouda},
}

@article{ribeiro19,
author = {Jr E. E. Ribeiro and Walmes M Zeviani and Wagner H Bonat and Clarice GB Demetrio and John Hinde},
title ={{Reparametrization of COM–Poisson regression models with applications in the analysis of experimental data}},
journal = {Statistical Modelling},
year = {2019},
URL = {https://doi.org/10.1177/1471082X19838651},
}

@book{Neter1996,
  address = {Chicago},
  author = {Neter, J. and Kutner, M. H. and Nachtsheim, C. J. and Wasserman, W.},
  title = {Applied Linear Statistical Models},
  username = {lantiq},
  publisher = {Irwin},
  year = 1996
}

@article{huang19,
author = {A. Huang and A. S. I. Kim},
title = {{Bayesian Conway–Maxwell–Poisson regression models for overdispersed and underdispersed counts}},
journal = {Communications in Statistics - Theory and Methods},
year  = {2019},
publisher = {Taylor & Francis},
URL = {https://doi.org/10.1080/03610926.2019.1682162},
}

@article{forthmann20,
author = {Forthmann, Boris and Gühne, Daniela and Doebler, Philipp},
title = {{Revisiting dispersion in count data item response theory models: The Conway–Maxwell–Poisson counts model}},
journal = {British Journal of Mathematical and Statistical Psychology},
year = {2019},
volume = {},
number = {},
pages = {},
url = {https://doi.org/10.1111/bmsp.12184},
}

@book{tutz_2011,
place={Cambridge},
series={Cambridge Series in Statistical and Probabilistic Mathematics},
title={Regression for Categorical Data},
URL = {https://doi.org/10.1017/CBO9780511842061},
publisher={Cambridge University Press},
author={Tutz, Gerhard},
year={2011},
collection={Cambridge Series in Statistical and Probabilistic Mathematics}}

@Manual{nloptr,
    title = {nloptr: R Interface to NLopt Regression},
    author = {Jelmer Ypma and Steven G. Johnson and Hans W. Borchers and Dirk Eddelbuettel and Brian Ripley and Kurt Hornik and Julien Chiquet and Avraham Adler and Xiongtao Dai and Aymeric Stamm and Jeroen Ooms},
    year = {2022},
    note = {R package version 2.0.0},
    url = {https://CRAN.R-project.org/package=nloptr},
 }