@Article{Abascal10,
 author={E Abascal and I Garcia~Lautre and F Mallor},
  title =    {Tracking customer portfolio composition: A factor analysis approach},
  journal =      {Applied Stochastic Models in Business and Industry},
  year =     2010,
  volume =   26,
  pages =    {535--550}
}

@book{Akuto92,
  author =   {H Akuto},
  title =    {International Comparison of Dietary Cultures},
  publisher =    {Nihon Keizai Shimbun},
  year =     1992,
  address =  {}
}

@Article{Ares10,
 author={G Ares and R Deliza},
  title =    {Studying the influence of package shape and colour on consumer expectations of milk desserts using word association and conjoint analysis},
  journal =      {Food Quality and Preference},
  year =     2010,
  volume =   21,
  pages =    {930-937}
}

@Article{Ares_et_al10,
 author={G Ares and R Deliza and C Barreiro and A Gim\'enez and A G\'ambaro},
  title =    {Use of an open-ended question to identify drivers of liking of milk desserts. {C}omparison with preference mapping techniques},
  journal =      {Food Quality and Preference},
  year =     2010,
  volume =   21,
  pages =    {286-294}
}


@Article{Becue04,
 author={M B\'ecue-Bertaut and J Pag\`es},
  title =    {A principal axes method for comparing multiple contingency tables: {MFACT}},
  journal =      {Computational Statistics and Data Analysis},
  year =     2004,
  volume =   45,
  pages =    {481--503}
}

@Article{Becue08,
 author={M B\'ecue-Bertaut and J Pag\`es},
  title =    {Multiple Factor Analysis and Clustering of a Mixture of Quantitative, Categorical and Frequency Data},
  journal =      {Computational Statistics and Data Analysis},
  year =     2008,
  volume =   52,
  pages =    {3255--3268}
}

@inproceedings{Becue11,
 author={M B\'ecue-Bertaut and M. Guill\'en and J Pag\`es},
  title =    {Clasificaci\'on de las regiones espa\~nolas seg\'un sus patrones de mortalidad},
  booktitle =      {M\'etodos Cuantitativos en Econom\'ia del Seguro del Autom\'ovil},
  year =     2011,
  pages =    {97--111},
  publisher = {Universidad de Barcelona}
}

@book{Benzecri73,
  author =   {J.P. Benz\'ecri},
  title =    {Analyse des Donn\'ees},
  publisher =    {Dunod},
  year =     1973,
  address =  {}
}

@book{Escofier88,
  author =   {B. Escofier and J. Pag\`es},
  title =    {Analyses Factorielles Simples et Multiples},
  publisher =    {Dunod},
  year = 2008,
  edition = {4th},
  address =  {}
}

@book{Husson11,
  author =   {F Husson and S L\^e and J Pag\`es},
  title =    {Exploratory Multivariate Analysis by Example Using R},
  publisher =    {Chapman \& Hall / CRC Press},
  year =     2011,
  address =  {}
}

@Article{Imfeld11,
 author={G Imfeld and H Pieper and N Shani and P Rossi and M Nikolausz and I Nijenhuis and Heidrun Paschke and Holger Weiss and Hans H. Richnow},
  title =    {Characterization of Groundwater Microbial Communities, Dechlorinating Bacteria, and In Situ Biodegradation of Chloroethenes Along a Vertical Gradient},
  journal =      {Water, Air, \& Soil Pollution},
  year =     2011,
  volume =   221,
  number =   {1--4},
  pages =    {107--122}
}

@Unpublished{Kostov11,
  title =	 {Verbalisation tasks in {H}all test sessions},
  author =	 {B Kostov and M B\'ecue-Bertaut and J Pag\`es and M
                  Cadoret and J Torrens and P Urpi},
  note =	 {Presented at the ``International Classification
                  Conference (ICC)'', St.~Andrews, UK},
  year =	 {2011},
}

@article{Le08,
  author =	"S\'ebastien L\^e and Julie Josse and F Husson",
  title =	"{FactoMineR}: An {R} Package for Multivariate Analysis",
  journal =	"Journal of Statistical Software",
  volume =	"25",
  number =	"1",
  pages =	"1--18",
  day =  	"18",
  month =	"3",
  year = 	"2008",
  CODEN =	"JSSOBK",
  ISSN = 	"1548-7660",
  bibdate =	"2008-01-09",
  URL =  	"http://www.jstatsoft.org/v25/i01",
  accepted =	"2008-01-09",
  acknowledgement = "",
  keywords =	"",
  submitted =	"2007-04-05",
}

@book{Lebart98,
  author =   {L Lebart and A Salem and L Berry},
  title =    {Exploring Textual Data},
  publisher =    {Kluwer Academic Publishers},
  year =     1998,
  address =  {}
}

@book{Lebart06,
  author =   {L Lebart and M Piron and A Morineau},
  title =    {Statistique Exploratoire Multidimensionnelle},
  publisher =    {Dunod},
  year =     2006,
  address =  {}
}

@incollection{Pages06,
  author =   {J Pag\`es and M B\'ecue-Bertaut},
  title =    {Multiple factor analysis for contingency tables},
  booktitle = {Multiple Correspondence Analysis and Related Methods},
  publisher = {Chapman \& Hall / CRC Press},
  editor = {Michael Greenacre and J\"org Blasius},
  year =     2006,
  pages =    {299--326}
}

