% put bibtex entries here!

@Book{book:ggplot2,
    author = {Hadley Wickham},
    title = {{ggplot2}: Elegant Graphics for Data Analysis},
    publisher = {Springer-Verlag New York},
    year = {2016},
    isbn = {978-3-319-24277-4},
    url = {https://ggplot2.tidyverse.org},
}

@techreport{murrell-definitions-2020,
  title="Catching Up with {R} Graphics",
  author = {Paul Murrell},
  year={2020},
  note={version 1},
  institution={Department of Statistics, The University of Auckland},
  number={2020-04},
  doi={10.17608/k6.auckland.12649751}
}

@techreport{murrell-groups-2021,
  title="Groups, Compositing Operators, and Affine Transformations in {R} Graphics",
  author = {Paul Murrell},
  year={2021},
  note={version 2},
  institution={Department of Statistics, The University of Auckland},
  number={2021-02},
  doi={10.17608/k6.auckland.17009120}
}

@techreport{murrell-paths-2021,
  title="Stroking and Filling Paths in {R} Graphics",
  author = {Paul Murrell},
  year={2021},
  note={version 1},
  institution={Department of Statistics, The University of Auckland},
  number={2021-03},
  doi={10.17608/k6.auckland.17019272}
}

@techreport{murrell-masks-2021,
  title="Luminance Masks in {R} Graphics",
  author = {Paul Murrell},
  year={2021},
  note={version 1},
  institution={Department of Statistics, The University of Auckland},
  number={2021-04},
  doi={10.17608/k6.auckland.17102657}
}

@techreport{murrell-vecpat-2022,
  title="Vectorised Pattern Fills in {R} Graphics",
  author = {Paul Murrell},
  year={2022},
  note={version 1},
  institution={Department of Statistics, The University of Auckland},
  number={2022-01},
  doi={10.17608/k6.auckland.19945787}
}

@Misc{murrell-new-features-2020,
  author	= {Paul Murrell},
  title		= {New Features in the R Graphics Engine},
  year		= {2020},
  note		= {The {R} Blog},
  url		= {https://developer.r-project.org/Blog/public/2020/07/15/new-features-in-the-r-graphics-engine/}
}

@Misc{murrell-groups-paths-masks-2021,
  author	= {Paul Murrell},
  title		= {Groups and Paths and Masks in R Graphics},
  year		= {2021},
  note		= {The {R} Blog},
  url		= {https://developer.r-project.org/Blog/public/2021/12/06/groups-and-paths-and-masks-in-r-graphics/index.html}
}

@Misc{murrell-vector-patterns-2022,
  author	= {Paul Murrell},
  title		= {Vectorised Patterns in R Graphics},
  year		= {2022},
  note		= {The {R} Blog},
  url		= {https://developer.r-project.org/Blog/public/2022/06/09/vectorised-patterns-in-r-graphics/index.html}
}

@article{correll-gleicher-2014,
author = {Correll, Michael and Gleicher, Michael},
year = {2014},
month = {12},
pages = {2142-2151},
title = {Error Bars Considered Harmful: Exploring Alternate Encodings for Mean and Error},
volume = {20},
journal = {Visualization and Computer Graphics, IEEE Transactions on},
doi = {10.1109/TVCG.2014.2346298}
}

@Manual{pkg:ggdist,
    title = {{ggdist}: Visualizations of Distributions and Uncertainty},
    author = {Matthew Kay},
    year = {2023},
    note = {R package version 3.2.1},
    url = {https://mjskay.github.io/ggdist/},
    doi = {10.5281/zenodo.3879620},
}

@Manual{pkg:gggrid,
    title = {{gggrid}: Draw with {'grid'} in {'ggplot2'}},
    author = {Paul Murrell},
    year = {2022},
    note = {R package version 0.2-0},
    url = {https://CRAN.R-project.org/package=gggrid},
}

@Manual{pkg:ragg,
    title = {{ragg}: Graphic Devices Based on {AGG}},
    author = {Thomas Lin Pedersen and Maxim Shemanarev},
    year = {2022},
    note = {R package version 1.2.2},
    url = {https://CRAN.R-project.org/package=ragg},
}

@Manual{pkg:svglite,
    title = {{svglite}: An {SVG} Graphics Device},
    author = {Hadley Wickham and Lionel Henry and Thomas Lin Pedersen and T Jake Luciani and Matthieu Decorde and Vaudor Lise},
    year = {2022},
    note = {R package version 2.1.0},
    url = {https://CRAN.R-project.org/package=svglite},
}

@Manual{pkg:ggpattern,
    title = {{ggpattern}: '{ggplot2}' Pattern Geoms},
    author = {{Mike FC} and Trevor L Davis},
    year = {2022},
    note = {R package version 1.0.1},
    url = {https://CRAN.R-project.org/package=ggpattern},
}


@Manual{pkg:gridpattern,
    title = {{gridpattern}: '{grid}' Pattern Grobs},
    author = {{Mike FC} and Trevor L Davis},
    year = {2022},
    note = {R package version 1.0.2},
    url = {https://CRAN.R-project.org/package=gridpattern},
}


@Manual{pkg:gridSVG,
    title = {{gridSVG}: Export {'grid'} Graphics as {SVG}},
    author = {Paul Murrell and Simon Potter},
    year = {2022},
    note = {R package version 1.7-5},
    url = {https://r-forge.r-project.org/projects/gridsvg/}
}

@Manual{pkg:gridGraphics,
    title = {{gridGraphics}: Redraw Base Graphics Using {'grid'} Graphics},
    author = {Paul Murrell and Zhijian Wen},
    year = {2020},
    note = {R package version 0.5-1},
    url = {https://CRAN.R-project.org/package=gridGraphics},
}

@Manual{pkg:ggfx,
    title = {{ggfx}: Pixel Filters for {'ggplot2'} and {'grid'}},
    author = {Thomas Lin Pedersen},
    year = {2022},
    note = {R package version 1.0.1},
    url = {https://CRAN.R-project.org/package=ggfx},
}

@Manual{pkg:gridGeometry,
    title = {{gridGeometry}: Polygon Geometry in {'grid'}},
    author = {Paul Murrell and Jack Wong},
    year = {2022},
    note = {R package version 0.3-0},
    url = {https://CRAN.R-project.org/package=gridGeometry},
}


@Manual{pkg:magick,
    title = {{magick}: Advanced Graphics and Image-Processing in {R}},
    author = {Jeroen Ooms},
    year = {2021},
    note = {R package version 2.7.3},
    url = {https://CRAN.R-project.org/package=magick},
}

@Manual{pkg:rasterize,
    title = {{rasterize}: Rasterize Graphical Output},
    author = {Paul Murrell},
    year = {2019},
    note = {R package version 0.1},
    url = {https://CRAN.R-project.org/package=rasterize},
}

@Manual{pkg:ggthemes,
    title = {{ggthemes}: Extra Themes, Scales and Geoms for '{ggplot2}'},
    author = {Jeffrey B. Arnold},
    year = {2021},
    note = {R package version 4.2.4},
    url = {https://CRAN.R-project.org/package=ggthemes},
}

 @Manual{pkg:shadowtext,
    title = {{shadowtext}: Shadow Text Grob and Layer},
    author = {Guangchuang Yu},
    year = {2022},
    note = {R package version 0.1.2},
    url = {https://CRAN.R-project.org/package=shadowtext},
  }

 @Book{pkg:lattice,
    title = {Lattice: Multivariate Data Visualization with {R}},
    author = {Deepayan Sarkar},
    year = {2008},
    publisher = {Springer},
    address = {New York},
    isbn = {978-0-387-75968-5},
    url = {http://lmdvr.r-forge.r-project.org},
  }

@article{PorterDuff,
author = {Thomas Porter and Tom Duff},
title = {Compositing Digital Images},
year = {1984},
publisher = {Association for Computing Machinery},
address = {New York, NY, USA},
volume = {18},
number = {3},
issn = {0097-8930},
doi = {10.1145/964965.808606},
journal = {SIGGRAPH Comput. Graph.},
month = {jan},
pages = {253â€“259},
numpages = {7},
}

@manual{PDF,
title={PDF Reference: Adobe Portable Document Format version 1.4},
author={{Adobe Systems Incorporated}},
edition={3rd},
year={2001},
url={https://www.adobe.com/content/dam/acom/en/devnet/pdf/pdfs/pdf_reference_archives/PDFReference.pdf}
}

@techreport{murrell-pedersen-skintzos-compositing-2023,
  title="Porter-Duff Compositing Operators in {R} Graphics",
  author = {Paul Murrell and Thomas Lin Pedersen and Panagiotis Skintzos},
  year={2023},
  note={version 1},
  institution={Department of Statistics, The University of Auckland},
  number={2023-02},
  doi={10.17608/k6.auckland.23034641}
}
