@Book{grid,
  title = {R Graphics},
  author = {Paul Murrell},
  publisher = {Chapman \& Hall / CRC Press},
  year = {2005},
  url = {http://www.e-reading.club/bookreader.php/137370/C486x_APPb.pdf}
}

@article{ihaka:1996,
  Author = {Ihaka, Ross and Gentleman, Robert},
  Journal = {Journal of Computational and Graphical Statistics},
  Number = 3,
  Pages = {299--314},
  Title = {R: A Language for Data Analysis and Graphics},
  Volume = 5,
  Year = 1996
}

@article{mafragh,
  author = {de Bélair, Gérard and Bencheikh-Lehocine, Mahmoud},
  title = {Composition et déterminisme de la végétation d'une plaine côtière marécageuse : La {M}afragh ({A}nnaba, {A}lgérie)},
  journal = {Bulletin d'écologie},
  volume = {18},
  number = {4},
  pages = {393--407},
  year = {1987}
}

@article{mafragh2,
  author = {Pavoine, Sandrine and Vela, Errol and Gachet, Sophie and de Bélair, Gérard and Bonsall, Michael B.},
  title = {Linking patterns in phylogeny, traits, abiotic variables and space: a novel approach to linking environmental filtering and plant community assembly},
  journal = {Journal of Ecology},
  volume = {99},
  number = {1},
  url = {https://doi.org/10.1111/j.1365-2745.2010.01743.x},
  pages = {165--175},
  year = {2011}
}

@article{draydufour2007,
  author = {Dray, S. and Dufour, A.-B.},
  title = {The ade4 {P}ackage: {I}mplementing the {D}uality {D}iagram for {E}cologists},
  journal = {Journal of Statistical Software},
  year = {2007},
  volume = {22},
  Pages = {1--20},
  number = {4},
  url = {https://doi.org/10.18637/jss.v022.i04}
}

@Book{lattice,
  title = {Lattice: Multivariate Data Visualization with {R}},
  author = {Deepayan Sarkar},
  publisher = {Springer},
  address = {New York},
  year = {2008},
  url = {https://doi.org/10.1007/978-0-387-75969-2}
}

@article{sp1,
  author = {Edzer J. Pebesma and Roger S. Bivand},
  title = {Classes and methods for spatial data in {R}},
  journal = {R News},
  year = {2005},
  volume = {5},
  number = {2},
  Pages = {9--13},
  url = {https://www.r-project.org/doc/Rnews/Rnews_2005-2.pdf}
}

@Book{sp2,
 author = {Roger S. Bivand and Edzer J. Pebesma and Virgilio Gomez-Rubio},
 title = {Applied {S}patial {D}ata {A}nalysis with {R}, Second edition},
 year = {2013},
 publisher = {Springer, NY},
 url = {https://doi.org/10.1007/978-1-4614-7618-4}
}
  
@article{spdep1,
  author = {Roger S. Bivand and Gianfranco Piras},
  title = {Comparing {I}mplementations of {Estimation} {M}ethods for {S}patial {E}conometrics},
  journal = {Journal of Statistical Software},
  year = {2015},
  volume = {63},
  number = {18},
  Pages = {1--36},
  url = {https://doi.org/10.18637/jss.v063.i18}
}

@article{spdep2,
  author = {Roger S. Bivand and J. Hauke and T. Kossowski},
  title = {Computing the {J}acobian in {G}aussian {S}patial {A}utoregressive {M}odels: {A}n {I}llustrated {C}omparison of
  {A}vailable {M}ethods},
  journal = {Geographical Analysis},
  year = {2013},
  volume = {45},
  number = {2},
  Pages = {150--179},
  url = {https://doi.org/10.1111/gean.12008}
}

@Book{ggplot2-2017-09,
  author = {Hadley Wickham},
  title = {ggplot2: {E}legant {G}raphics for {D}ata {A}nalysis},
  publisher = {Springer},
  edition = {Second},
  address = {New York},
  year = {2016},
  url = {https://doi.org/10.1007/978-3-319-24277-4}
}

@Manual{vegan,
  title = {vegan: {C}ommunity {E}cology {P}ackage},
  author = {Jari Oksanen and F. Guillaume Blanchet and Michael Friendly and Roeland Kindt and Pierre Legendre and Dan McGlinn and Peter R. Minchin and R. B. O'Hara and Gavin L. Simpson and Peter Solymos and M. Henry H. Stevens and Eduard Szoecs and Helene Wagner},
  year = {2017},
  note = {R package version 2.4-5},
  url = {https://CRAN.R-project.org/package=vegan}
}

@Book{MASS,
  title = {Modern Applied Statistics with S},
  author = {W. N. Venables and B. D. Ripley},
  publisher = {Springer},
  edition = {Fourth},
  address = {New York},
  year = {2002},
  url = {https://doi.org/10.1007/978-0-387-21706-2}
}

@Article{FactoMineR,
  title = {{FactoMineR}: {A}n {R} {P}ackage for {M}ultivariate {A}nalysis},
  author = {Sébastien Lê and Julie Josse and François Husson},
  journal = {Journal of Statistical Software},
  year = {2008},
  volume = {25},
  number = {1},
  pages = {1--18},
  url = {https://doi.org/10.18637/jss.v025.i01}
}

@Manual{RColorBrewer,
  title = {RColorBrewer: ColorBrewer Palettes},
  author = {Erich Neuwirth},
  year = {2014},
  note = {R package version 1.1-2},
  url = {https://CRAN.R-project.org/package=RColorBrewer},
}
