@article{Birkett1994,
  author = {Birkett, Martin A. and Day, Simon J.},
  title = {Internal pilot studies for estimating sample size},
  journal = {Statistics in Medicine},
  volume = {13},
  number = {23‐24},
  pages = {2455-2463},
  url = {https://doi.org/10.1002/sim.4780132309},
  year = {1994}
}

@Manual{covr,
    title = {covr: Test Coverage for Packages},
    author = {Jim Hester},
    year = {2020},
    note = {R package version 3.5.1},
    url = {https://CRAN.R-project.org/package=covr}
}

@article{Denne1999,
  author = {Denne, Jonathan S. and Jennison, Christopher},
  title = {Estimating the sample size for a t-test using an internal pilot},
  journal = {Statistics in Medicine},
  volume = {18},
  number = {13},
  pages = {1575-1585},
  url = {https://doi.org/10.1002/(SICI)1097-0258(19990715)18:13<1575::AID-SIM153>3.0.CO;2-Z},
  year = {1999}
}


@article{FM1990,
  title={Test statistics and sample size formulae for comparative binomial trials with null hypothesis of non-zero risk difference or non-unity relative risk},
  author={Farrington, Conor P and Manning, Godfrey},
  journal={Statistics in Medicine},
  volume={9},
  number={12},
  pages={1447-1454},
  year={1990},
  url = {https://doi.org/10.1002/sim.4780091208}
}

@article{FK2003,
  author = {Friede, T. and Kieser, M.},
  year = {2003},
  title = {Blinded sample size reassessment in non-inferiority and equivalence trials},
  journal = {Statistics in Medicine},
  volume = {22},
  number = {6},
  pages = {995-1007},
  url = {https://doi.org/10.1002/sim.1456}
}

@article{FK2004,
  author = {Friede, Tim and Kieser, Meinhard},
  title = {Sample size recalculation for binary data in internal pilot study designs},
  journal = {Pharmaceutical Statistics},
  volume = {3},
  number = {4},
  pages = {269-279},
  year = {2004},
  url = {https://doi.org/10.1002/pst.140}
}

@article{Friede2007,
  author = {Friede, Tim and Mitchell, Charles and Müller-Velten, Günther},
  title = {Blinded sample size reestimation in non-inferiority trials with binary endpoints},
  journal = {Biometrical Journal},
  volume = {49},
  number = {6},
  pages = {903-916},
  url = {https://doi.org/10.1002/bimj.200610373},
  year = {2007}
}

@article{FK2001,
  author = {Friede, Tim and Kieser, Meinhard},
  title = {A comparison of methods for adaptive sample size adjustment},
  journal = {Statistics in Medicine},
  volume = {20},
  number = {24},
  pages = {3861–3873},
  year = {2001},
  url = {https://doi.org/10.1002/sim.972}
  }


@article{FK2011,
  author = {Friede, Tim and Kieser, Meinhard},
  title = {Sample size reassessment in non-inferiority trials},
  journal = {Methods of Information in Medicine},
  volume = {50},
  number = {3},
  pages = {237-243},
  year = {2011},
  url = {https://doi.org/10.3414/ME09-01-0063}
}

@article{Gould1992,
  title={Interim analyses for monitoring clinical trials that do not materially affect the type {I} error rate},
  author={Gould, A Lawrence},
  journal={Statistics in Medicine},
  volume={11},
  number={1},
  pages={55-66},
  year={1992},
  url = {https://doi.org/10.1002/sim.4780110107}
}

@article{KF2000,
  author = {Kieser, Meinhard and Friede, Tim},
  title = {Re‐calculating the sample size in internal pilot study designs with control of the type {I} error rate},
  journal = {Statistics in Medicine},
  volume = {19},
  number = {7},
  pages = {901-911},
  year = {2000},
  url = {https://doi.org/10.1002/(SICI)1097-0258(20000415)19:7<901::AID-SIM405>3.0.CO;2-L}
}



@article{KF2003,
  author = {Kieser, Meinhard and Friede, Tim},
  year = {2003},
  title = {Simple procedures for blinded sample size adjustment that do not affect the type {I} error rate},
  journal = {Statistics in Medicine},
  volume = {22},
  number = {23},
  pages = {3571-3581},
  url = {https://doi.org/10.1002/sim.1585}
}

@book{Kieser2020,
  title = {Methods and Applications of Sample Size Calculation and Recalculation in Clinical Trials},
  author = {Kieser, Meinhard},
  year = {2020},
  publisher = {Springer Verlag},
  series = {Springer Series in Pharmaceutical Statistics},
  url = {https://doi.org/10.1007/978-3-030-49528-2}
}

@article{Lu2016,
  author = {Lu, Kaifeng},
  title = {Distribution of the two-sample t-test statistic following blinded sample size re‐estimation},
  journal = {Pharmaceutical Statistics},
  volume = {15},
  number = {3},
  pages = {208–215},
  year = {2016},
  url = {https://doi.org/10.1002/pst.1737}
}

@article{Nakata,
  author = {Nakata, Kohei and Shikata, Satoru and Ohtsuka, Takao and Ukai, Tomohiko and Miyasaka, Yoshihiro and Mori, Yasuhisa and Velasquez, Vittoria Vanessa D. M. and Gotoh, Yoshitaka and Ban, Daisuke and Nakamura, Yoshiharu and Nagakawa, Yuichi and Tanabe, Minoru and Sahara, Yatsuka and Takaori, Kyoichi and Honda, Goro and Misawa, Takeyuki and Kawai, Manabu and Yamaue, Hiroki and Morikawa, Takanori and Kuroki, Tamotsu and Mou, Yiping and Lee, Woo-Jung and Shrikhande, Shailesh V. and Tang, Chung Ngai and Conrad, Claudius and Han, Ho-Seong and Chinnusamy, Palanivelu and Asbun, Horacio J. and Kooby, David A. and Wakabayashi, Go and Takada, Tadahiro and Yamamoto, Masakazu and Nakamura, Masafumi},
  title = {Minimally invasive preservation versus splenectomy during distal pancreatectomy: a systematic review and meta-analysis},
  journal = {Journal of Hepato-Biliary-Pancreatic Sciences},
  volume = {25},
  number = {11},
  pages = {476-488},
  year = {2018},
  url = {https://doi.org/10.1002/jhbp.569}
}

@article{Rcpp,
  title = {{Rcpp}: Seamless {R} and {C++} Integration},
  author = {Dirk Eddelbuettel and Romain Fran\c{c}ois},
  journal = {Journal of Statistical Software},
  year = {2011},
  volume = {40},
  number = {8},
  pages = {1-18},
  url = {https://doi.org/10.18637/jss.v040.i08}
}

@article{Stein,
 author = {Stein, Charles},
  title = {A two-sample test for a linear hypothesis whose power is independent of the variance},
  journal = {Annals of Mathematical Statistics},
  year = {1945},
  volume = {16},
  number = {3},
  pages = {243–258},
  url = {https://doi.org/10.1214/aoms/1177731088}
}

@article{Wittes1990,
  title={The role of internal pilot studies in increasing the efficiency of clinical trials},
  author={Wittes, Janet and Brittain, Erica},
  journal={Statistics in Medicine},
  volume={9},
  number={1-2},
  pages={65-72},
  year={1990},
  url = {https://doi.org/10.1002/sim.4780090113}
}

@article{Zucker1999,
  author = {Zucker, D. M. and Wittes, J. T. and Schabenberger, O. and Brittain, E.},
  year = {1999},
  title = {Internal pilot studies {II}: comparison of various procedures},
  journal = {Statistics in Medicine},
  volume = {18},
  number = {24},
  pages = {3493-3509},
  url = {https://doi.org/10.1002/(SICI)1097-0258(19991230)18:24<3493::AID-SIM302>3.0.CO;2-2}
}


@misc{CHMP,
  title = {Reflection paper on methodological issues in confirmatory clinical trials planned with an adaptive design},
  year = {2006},
  author = {{Committee for Medical Products for Human Use (CHMP)}},
  howpublished = {\url{https://www.ema.europa.eu/en/documents/scientific-guideline/reflection-paper-methodological-issues-confirmatory-clinical-trials-planned-adaptive-design_en.pdf}},
  note = {Accessed: March 10, 2022}
}


@article{Friede2010,
author = {Friede, Tim and Schmidli, Heinz},
title = {Blinded sample size reestimation with count data: methods and applications in multiple sclerosis},
journal = {Statistics in Medicine},
volume = {29},
number = {10},
pages = {1145-1156},
url = {https://doi.org/10.1002/sim.3861},
year = {2010}
}


@article{Golkowski2014,
author = {Golkowski, Daniel and Friede, Tim and Kieser, Meinhard},
title = {Blinded sample size re-estimation in crossover bioequivalence trials},
journal = {Pharmaceutical Statistics},
volume = {13},
number = {3},
pages = {157-162},
url = {https://doi.org/10.1002/pst.1617},
year = {2014}
}



