@Manual{R,
  title = {R: A Language and Environment for Statistical Computing},
  author = {{R Core Team}},
  organization = {R Foundation for Statistical Computing},
  address = {Vienna, Austria},
  year = {2016},
  note = {{ISBN} 3-900051-07-0},
  url = {https://www.R-project.org/},
}

@article{copeland1915,
	author = {Melvin T. Copeland},
	journal = {The Quarterly Journal of Economics},
	number = {3},
	pages = {522--562},
	publisher = {Oxford University Press},
	title = {Statistical Indices of Business Conditions},
	volume = {29},
	year = {1915}
}

@book{persons1919,
	title={Indices of Business Conditions: An Index of General Business Conditions},
	author={Warren Milton Persons},
	volume={1},
	year={1919},
	publisher={Harvard University Press}
}

@inbook{NBERc9369,
	Crossref = {NBERmaca31-1},
	title = {Appendix I - The Measurement of Probable Seasonal Fluctuations By Means of Operations on the Deviations of the Data},
	author = {Frederick R. Macaulay},
	BookTitle = {The Smoothing of Time Series},
	Publisher = {NBER},
	pages = {121--136},
	year = {1931},
	URL = {http://www.nber.org/chapters/c9369}
}

@book{NBERmaca31-1,
	title = {The Smoothing of Time Series},
	author = {Frederick R. Macaulay},
	institution = {National Bureau of Economic Research},
	type = {Book},
	publisher = {NBER},
	year = {1931},
	URL = {http://www.nber.org/books/maca31-1}
}

@book{bailey1935generalized,
	title={Generalized hypergeometric series},
	author={Wilfrid Norman Bailey},
	year={1935},
	publisher={University Press Cambridge}
}

@article{holt1957forecasting,
	title={Forecasting trends and seasonal by exponentially weighted averages},
	author={C. Holt},
	journal={International Journal of Forecasting},
	volume={20},
	number={1},
	pages={5--10},
	year={1957}
}

@inbook{NBERc2726,
	Crossref = {NBERjuli57-1},
	title = {Types of Economic Fluctuations},
	author = {Julius Shiskin},
	BookTitle = {Electronic Computers and Business Indicators},
	Publisher = {NBER},
	pages = {5-6},
	year = {1957},
	URL = {http://www.nber.org/chapters/c2726}
}

@book{NBERjuli57-1,
	title = {Electronic Computers and Business Indicators},
	author = {Julius Shiskin},
	institution = {National Bureau of Economic Research},
	type = {Book},
	publisher = {NBER},
	year = {1957},
	URL = {http://www.nber.org/books/juli57-1}
}

@article{tukey1957,
	title= {On the Comparative Anatomy of Transformations},
	author= {John W. Tukey},
	journal= {The Annals of Mathematical Statistics},
	volume= {28},
	number= {3},
	pages= {602--632},
	year= {1957},
	publisher= {Institute of Mathematical Statistics}
}

@book{brown1959statistical,
	title={Statistical forecasting for inventory control},
	author={Robert Goodell Brown},
	year={1959},
	publisher={McGraw/Hill}
}

@article{winters1960forecasting,
	title={Forecasting sales by exponentially weighted moving averages},
	author={Peter R. Winters},
	journal={Management Science},
	volume={6},
	number={3},
	pages={324--342},
	year={1960},
	publisher={INFORMS}
}

@book{brown1962smoothing,
	title={Smoothing, forecasting and prediction of discrete time series},
	author={Robert Goodell Brown},
	year={1962},
	publisher={Prentice-Hall}
}

@article{boxcox1964,
	title = {An Analysis of Transformations},
	author = {G. E. P. Box and D. R. Cox},
	journal = {Journal of the Royal Statistical Society. Series B (Methodological)},
	volume = {26},
	number = {2},
	pages = {211--252},
	year = {1964},
	publisher = {Wiley}
}

@techreport{shishkin1967,
	title = {The X-11 Variant of the Census-II Method Seasonal Adjustment Program},
	author = {Julius Shiskin and Allan H. Young and John C. Musgrave},
	year = {1967},
	institution = {Bureau of the U.S. Census},
	month = {02},
	number = {15},
	URL = {https://www.census.gov/ts/papers/ShiskinYoungMusgrave1967.pdf}
}

@article{mccormick1969communications,
	title={Communications to the Editor-Exponential Forecasting: Some New Variations},
	author={Garth P. McCormick},
	journal={Management Science},
	volume={15},
	number={5},
	pages={311--320},
	year={1969},
	publisher={INFORMS}
}

@article{bates1969combination,
	title={The combination of forecasts},
	author={John M. Bates and Clive W.J. Granger},
	journal={Journal of the Operational Research Society},
	volume={20},
	number={4},
	pages={451--468},
	year={1969},
	publisher={Springer}
}

@article{pegels1969startup,
	title={On startup or learning curves: An expanded view},
	author={C. Carl Pegels},
	journal={AIIE Transactions},
	volume={1},
	number={3},
	pages={216--222},
	year={1969},
	publisher={Taylor \& Francis}
}

@article{reid1969,
	title={A comparative study of time series prediction techniques on economic data},
	author={David J. Reid},
	journal={International Journal of Forecasting},
	volume={19},
	number={2},
	pages={303--308},
	year={1969},
	publisher={Elsevier}
}

@article{boxpierce1970,
	author = {G. E. P. Box and David A. Pierce},
	journal = {Journal of the American Statistical Association},
	number = {332},
	pages = {1509--1526},
	publisher = {[American Statistical Association, Taylor & Francis, Ltd.]},
	title = {Distribution of Residual Autocorrelations in Autoregressive-Integrated Moving Average Time Series Models},
	volume = {65},
	year = {1970}
}

@article{box1970forecasting,
	title={Forecasting and control},
	author={George E.P. Box and Gwilym M. Jenkins and G. Reinsel},
	journal={Time Series Analysis},
	volume={3},
	pages={75},
	year={1970}
}

@article{newboldgranger1974,
	title={Experience with forecasting univariate time series and the combination of forecast},
	author={P. Newbold and C. W. Granger},
	journal={Journal of Royal Statistical Society},
	volume={137},
	number={2},
	pages={131--165},
	year={1974},
	publisher={Wiley}
}

@article{manly1976,
	title={Exponential data transformations},
	author={B. F. J. Manly},
	journal={Journal of the Royal Statistical Society Series D},
	volume={25},
	number={1},
	pages={37--42},
	year={1976},
	publisher={Wiley}
}

@book{montgomery1976forecasting,
	title={Forecasting and time series analysis},
	author={Douglas C. Montgomery and Lynwood A. Johnson},
	year={1976},
	publisher={McGraw-Hill}
}

@book{johnson1977urn,
	title={Urn models and their application: an approach to modern discrete probability theory},
	author={Norman Lloyd Johnson and Samuel Kotz},
	volume={77},
	year={1977},
	publisher={New York: Wiley}
}

@book{tukey1977,
	title={Exploratory Data Analysis},
	author={John W. Tukey},
	year={1977},
	publisher={Pearson}
}

@incollection{cleveland1978sabl,
	title={SABL: A resistant seasonal adjustment procedure with graphical methods for interpretation and diagnosis},
	author={William S. Cleveland and Douglas M. Dunn and Irma J. Terpenning},
	booktitle={Seasonal analysis of economic time series},
	pages={201--241},
	year={1978},
	publisher={NBER}
}

@book{spyros1978forecasting,
	title={Forecasting: Methods and Applications},
	author={Spyros G. Makridakis and Steven C. Wheelwright},
	year={1978},
	publisher={New Jersey: Wiley}
}

@article{ljungbox1978,
	author = {G. M. Ljung and G. E. P. Box},
	journal = {Biometrika},
	number = {2},
	pages = {297--303},
	publisher = {[Oxford University Press, Biometrika Trust]},
	title = {On a Measure of Lack of Fit in Time Series Models},
	volume = {65},
	year = {1978}
}

@article{dickey1979,
	title = {Distribution of the Estimators for Autoregressive Time Series With a Unit Root},
	author = {David A. Dickey and Wayne A. Fuller},
	journal = {Journal of the American Statistical Association},
	volume = {74},
	number = {366},
	pages = {427--431},
	year = {1979},
	publisher = {[American Statistical Association, Taylor & Francis, Ltd.]}
}

@book{bowerman1979,
	title={Time series and forecasting},
	author={Bruce L. Bowerman and Richard T. O'Connell},
	year={1979},
	publisher={Duxbury Press}
}

@article{cleveland1979,
	author = { William S. Cleveland },
	title = {Robust Locally Weighted Regression and Smoothing Scatterplots},
	journal = {Journal of the American Statistical Association},
	volume = {74},
	number = {368},
	pages = {829-836},
	year  = {1979},
	publisher = {Taylor & Francis}	
}

@article{makridakisandhibon1979,
	title={Accuracy of forecasting:  an empirical investigation},
	author={Spyros G. Makridaki and Michele Hibon},
	journal={Journal of Royal Statistical Society},
	volume={142},
	number={2},
	pages={97--145},
	year={1979},
	publisher={Wiley}
}

@article{burman1980,
	author = {J. P. Burman},
	journal = {Journal of the Royal Statistical Society. Series A (General)},
	number = {3},
	pages = {321--337},
	publisher = {[Royal Statistical Society, Wiley]},
	title = {Seasonal Adjustment by Signal Extraction},
	volume = {143},
	year = {1980}
}

@article{carroll1980,
	author = {Raymond J. Carroll},
	journal = {Journal of the Royal Statistical Society. Series B (Methodological)},
	number = {1},
	pages = {71--78},
	publisher = {[Royal Statistical Society, Wiley]},
	title = {A Robust Method for Testing Transformations to Achieve Approximate Normality},
	volume = {42},
	year = {1980}
}

@article{hernandez1980,
	author = {Fabian Hernandez and Richard A. Johnson},
	journal = {Journal of the American Statistical Association},
	number = {372},
	pages = {855--861},
	publisher = {[American Statistical Association, Taylor & Francis, Ltd.]},
	title = {The Large-Sample Behavior of Transformations to Normality},
	volume = {75},
	year = {1980}
}

@article{johndraper1980,
	title = {An alternative family of transformations},
	author = {J. A. John and N. R. Draper},
	journal = {Journal of the Royal Statistical Society Series C},
	volume = {29},
	number = {2},
	pages = {190--197},
	year = {1980},
	publisher = {Wiley}
}

@article{makridakis1982accuracy,
	title={The accuracy of extrapolation (time series) methods: Results of a forecasting competition},
	author={Spyros G. Makridakis and A. Andersen and Robert Carbone and Robert Fildes and Michele Hibon and Rudolf Lewandowski and Joseph Newton and Emanuel Parzen and Robert Winkler},
	journal={Journal of Forecasting},
	volume={1},
	number={2},
	pages={111--153},
	year={1982},
	publisher={Wiley Online Library}
}

@article{bickeldoksum1982,
	title={An analysis of transformations revisited},
	author={Peter J. Bickel and Kjell A. Doksum},
	journal={Journal of the American Statistical Association},
	volume={76},
	number={374},
	pages={296--311},
	year={1982},
	publisher={Taylor & Francis}
}

@article{makridakis1983averages,
	title={Averages of forecasts: Some empirical results},
	author={Makridakis, Spyros and Winkler, Robert L},
	journal={Management Science},
	volume={29},
	number={9},
	pages={987--996},
	year={1983},
	publisher={Informs}
}

@book{makri1984,
	title={The forecasting accuracy of major time series methods},
	author={Spyros G. Makridakis and A. Andersen and Robert Carbone and Robert Fildes and Michele Hibon and Rudolf Lewandowski and Joseph Newton and Emmanuel Parzen and Robert Winkler},
	year={1984},
	publisher={Wiley}
}

@article{said1984,
	author = {Said E. Said and David A. Dickey},
	journal = {Biometrika},
	number = {3},
	pages = {599--607},
	publisher = {[Oxford University Press, Biometrika Trust]},
	title = {Testing for Unit Roots in Autoregressive-Moving Average Models of Unknown Order},
	volume = {71},
	year = {1984}
}

@article{dhf1984,
	title= {Testing for Unit Roots in Seasonal Time Series},
	author= {D. A. Dickey and D. P. Hasza and W. A. Fuller},
	journal= {Journal of the American Statistical Association},
	volume= {79},
	number= {386},
	pages= {355--367},
	year= {1984},
	publisher={Taylor & Francis}
}

@article{gardner1985exponential,
	title={Exponential Smoothing: The State of The Art},
	author={Everette S. Gardner Jr.},
	journal={Journal of Forecasting},
	volume={4},
	number={1},
	pages={1--28},
	year={1985},
	publisher={Wiley Online Library}
}

@article{gardner1985forecasting,
	title={Forecasting Trends in Time Series},
	author={Everette S. Gardner and Ed. McKenzie},
	journal={Management Science},
	volume={31},
	number={10},
	pages={1237--1246},
	year={1985},
	publisher={INFORMS}
}

@article{han1987,
	author = {Aaron K. Han},
	year = {1987},
	pages = {191--209},
	title = {A non-parametric analysis of transformations},
	volume = {35},
	number = {2--3},
	journal = {Journal of Econometrics}
}

@article{chatfield1988holt,
	title={Holt-Winters forecasting: some practical issues},
	author={Chris Chatfield and Mohammad Yar},
	journal={The Statistician},
	pages={129--140},
	year={1988},
	publisher={JSTOR}
}

@book{dagum1988,
	title = {X-11-ARIMA/88 Seasonal Adjustment Method - Foundations and Users' Manual},
	author = {Estela Bee Dagum},
	year = {1988},
	publisher = {Statistics Canada},
	url = {https://www.census.gov/ts/papers/Emanual.pdf}
}

@article{findley1988,
	author = {David F. Findley and Brian C. Monsell and William R. Bell and Mark C. Otto and Bor-Chung Chen},
	title = {New Capabilities and Methods of the X-12-ARIMA Seasonal-Adjustment Program},
	journal = {Journal of Business \& Economic Statistics},
	volume = {16},
	number = {2},
	pages = {127--152},
	year  = {1998},
	publisher = {Taylor & Francis}
}

@article{ocsb1988,
	title= {Seasonality and the order of integration for consumption},
	author= {D. R. Osborn and A. P. L. Chui and J. Smith and C. R. Birchenhall},
	journal= {Oxford Bulletin of Economics and Statistics},
	volume= {50},
	number= {4},
	pages= {361--377},
	year= {1988}
}

@article{phillips1988,
	author = {Peter C. B. Phillips and Pierre Perron},
	journal = {Biometrika},
	number = {2},
	pages = {335--346},
	publisher = {[Oxford University Press, Biometrika Trust]},
	title = {Testing for a Unit Root in Time Series Regression},
	volume = {75},
	year = {1988}
}

@article{clemen1989combining,
	title={Combining forecasts: A review and annotated bibliography},
	author={Clemen, Robert T},
	journal={International Journal of Forecasting},
	volume={5},
	number={4},
	pages={559--583},
	year={1989},
	publisher={Elsevier}
}

@article{armstrong1989combining,
	title={Combining forecasts: The end of the beginning or the beginning of the end?},
	author={Jon Scott Armstrong},
	journal={International Journal of Forecasting},
	volume={5},
	number={4},
	pages={585--588},
	year={1989},
	publisher={Elsevier}
}

@book{harvey1990,
	title = {Forecasting, Structural Time Series Models and the Kalman Filter},
	author = {Andrew C. Harvey},
	year = {1990},
	publisher = {Cambridge University Press}
}

@article{cleveland1990stl,
	title={STL: A seasonal-trend decomposition procedure based on loess},
	author={Cleveland, Robert B and Cleveland, William S and McRae, Jean E and Terpenning, Irma},
	journal={Journal of Official Statistics},
	volume={6},
	number={1},
	pages={3--73},
	year={1990},
	publisher={Statistics Sweden (SCB)}
}

@article{hegy1990,
	title= {Seasonal integration and cointegration},
	author= {S. Hylleberg and R. F. Engle and C. W. J. Granger and B. S. Yoo},
	journal= {Journal of Econometrics},
	volume= {1344},
	number= {1},
	pages= {215--238},
	year= {1990},
	publisher={Elsevier}
}

@article{makridakis1991exponential,
	title={Exponential smoothing: The effect of initial values and loss functions on post-sample forecasting accuracy},
	author={Spyros G. Makridakis and Michele Hibon},
	journal={International Journal of Forecasting},
	volume={7},
	number={3},
	pages={317--330},
	year={1991},
	publisher={Elsevier}
}

@article{makridakis1991exponential,
	title={Exponential smoothing: The effect of initial values and loss functions on post-sample forecasting accuracy},
	author={Spyros G. Makridakis and Michèle Hibon},
	journal={International Journal of Forecasting},
	volume={7},
	number={3},
	pages={317--330},
	year={1991},
	publisher={Elsevier}
}

@article{kpss1992,
	title = {Testing the null hypothesis of stationarity against the alternative of a unit root: How sure are we that economic time series have a unit root?},
	author = {Denis Kwiatkowski and Peter Phillips and Peter Schmidt and Yongcheol Shin},
	year = {1992},
	journal = {Journal of Econometrics},
	volume = {54},
	number = {1--3},
	pages = {159--178}
}

@article{armstrongandcollopy1992,
	title={Error measures for generalizing about forecasting methods: empirical comparisons (with discussion)},
	author={J. Scott Armstrong and Fred Collopy},
	journal={International Journal of Forecasting},
	volume={8},
	number={1},
	pages={69--80},
	year={1992},
	publisher={Elsevier}
}

@article{sakia1992,
	title= {The Box-Cox Transformation Technique: A Review},
	author= {R. M. Sakia},
	journal= {Journal of the Royal Statistical Society Series D},
	volume= {41},
	number= {2},
	pages= {169--178},
	year= {1992},
	publisher= {Wiley}
}

@article{makridakisetal1993,
	title={The M-2  Competition: a real time judgementally based forecasting study},
	author={Spyros G. Makridakis and Michele Hibon and S. Chatfield and M. Lawrence and T. Mills and K. Ord and L. F. Simmons},
	journal={International Journal of Forecasting},
	volume={9},
	number={2},
	pages={5--23},
	year={1993},
	publisher={Elsevier}
}

@article{beaulieu1993,
	title = {Seasonal unit roots in aggregate U.S. data},
	journal = {Journal of Econometrics},
	volume = {55},
	number = {1},
	pages = {305--328},
	year = {1993},
	author = {J. Joseph Beaulieu and Jeffrey A. Miron}
}

@article{staniswalis1993,
	author = {Joan G. Staniswalis and Thomas A. Severini and Panagis G. Moschopoulos},
	title = {On a data based power transformation for reducing skewness},
	journal = {Journal of Statistical Computation and Simulation},
	volume = {46},
	number = {1-2},
	pages = {91--100},
	year  = {1993},
	publisher = {Taylor & Francis}
}

@book{russell1993,
	title = {Estimation and Inference in Econometrics},
	author = {Russell Davidson and James MacKinnon},
	year = {1993},
	publisher = {Oxford University Press}
}

@article{guerrero1993,
	author = {Guerrero, Victor M.},
	title = {Time-series analysis supported by power transformations},
	journal = {Journal of Forecasting},
	volume = {12},
	number = {1},
	pages = {37--48},
	year = {1993}
}

@article{franses1994,
	title = {A multivariate approach to modeling univariate seasonal time series},
	journal = {Journal of Econometrics},
	volume = {63},
	number = {1},
	pages = {133--151},
	year = {1994},
	author = {Philip Hans Franses}
}

@book{hamilton1994,
	title = {Time Series Analysis},
	author = {James Douglas Hamilton},
	year = {1994},
	publisher = {Princeton University Press}
}

@article{ch1995,
	title= {Are Seasonal Patterns Constant over Time? A Test for Seasonal Stability},
	author= {F. Canova and B. E. Hansen},
	journal= {Journal of Business and Economic Statistics},
	volume= {13},
	number= {3},
	pages= {237--252},
	year= {1995},
	publisher={Taylor & Francis}
}

@article{breiman1996,
	author={Leo Breiman},
	title={Bagging Predictors},
	journal={Machine Learning},
	year={1996},
	volume={24},
	number={2},
	pages={123--140},
	publisher={Springer}
}

@article{ihaka:1996,
  Author = {Ihaka, Ross and Gentleman, Robert},
	Journal = {Journal of Computational and Graphical Statistics},
	Number = {3},
	Pages = {299--314},
	Title = {R: A Language for Data Analysis and Graphics},
	Volume = {5},
	Year = {1996},
    URL = {https://doi.org/10.1080/10618600.1996.10474713}
}

@article{quiroz1996,
	author = {Adolfo J. Quiroz and Miguel Nakamura and Francisco J. Pérez},
	title = {Estimation of a multivariate Box-Cox transformation to elliptical symmetry via the empirical characteristic function},
	journal = {Annals of the Institute of Statistical Mathematics},
	volume = {48},
	number = {4},
	pages = {687--709},
	year  = {1996},
	publisher = {Springer}
}

@book{makridakis1998book,
	title={Forecasting: Methods and Application},
	author={Spyros G. Makridakis, Steven C. Wheelwright, Rob J. Hyndman},
	volume={3},
	year={1998},
	publisher={New Jersey;Willey }
}

@article{yeojohn2000,
	title = {A New Family of Power Transformations to Improve Normality or Symmetry},
	author = {In-Kwon Yeo and Richard A. Johnson},
	journal = {Biometrika},
	volume = {87},
	number = {4},
	pages = {954--959},
	year = {2000},
	publisher = {Oxford University Press}
}


@book{hayashi2000,
	title = {Econometrics},
	author = {Fumio Hayashi},
	year = {2000},
	publisher = {Princeton University Press}
}

@article{makridakis2000m3,
	title={The M3-Competition: Results, Conclusions and Implications},
	author={Spyros G. Makridakis and Michèle Hibon},
	journal={International Journal of Forecasting},
	volume={16},
	number={4},
	pages={451--476},
	year={2000},
	publisher={Elsevier}
}

@article{assimakopoulos2000theta,
	title={The theta model: a decomposition approach to forecasting},
	author={Vassilis Assimakopoulos and Konstantinos Nikolopoulos},
	journal={International Journal of Forecasting},
	volume={16},
	number={4},
	pages={521--530},
	year={2000},
	publisher={Elsevier}
}

@article{adya2000,
	title = {An application of rule-based forecasting to a situation lacking domain knowledge},
	author = {Monica Adya and J. Scott Armstrong and Fred Collopy and Miles Kennedy},
	journal = {International Journal of Forecasting},
	volume = {16},
	number = {4},
	pages = {477--484},
	year = {2000},
	publisher={Elsevier}
}

@book{baltagi2001,
	author = {Badi H. Baltagi},
	year = {2001},
	title = {A Companion to Theoretical Econometrics},
	publisher = {Blackwell Publishing}
}

@article{adya2000application,
	title={An application of rule-based forecasting to a situation lacking domain knowledge},
	author={Monica Adya and J. Scott Armstrong and Fred Collopy and Miles Kennedy},
	journal={International Journal of Forecasting},
	volume={16},
	number={4},
	pages={477--484},
	year={2000},
	publisher={Elsevier}
}

@book{armstrong2001principles,
	title={Principles of forecasting: a handbook for researchers and practitioners},
	author={Jon Scott Armstrong},
	volume={30},
	year={2001},
	publisher={Springer Science \& Business Media}
}

@article{chen2002,
	title={Box‐Cox transformations in linear models: Large sample theory and tests of normality},
	author={Gemai Chen and Richard A. Lockhart and Michael A. Stephens},
	journal={Canadian Journal of Statistics},
	volume={30},
	number={2},
	year={2002},
	pages={177--209},
	publisher={Wiley}
}

@article{Campbell02,
	Author = {Jamie I.D. Campbell and Shauna Austin},
	Date-Added = {2014-08-21 21:12:16 +0000},
	Date-Modified = {2014-08-21 21:13:22 +0000},
	Journal = {Memory \& Cognition},
	Keywords = {strategies, addition, response time},
	Number = {6},
	Pages = {988-994},
	Title = {Effects of response time deadlines on adults' strategy choices for simple addition},
	Volume = {30},
	Year = {2002}
}

@article{hyndman2002state,
	title={A state space framework for automatic forecasting using exponential smoothing methods},
	author={Rob J. Hyndman and Anne B. Koehler and Ralph D. Snyder and Simone Grose},
	journal={International Journal of Forecasting},
	volume={18},
	number={3},
	pages={439--454},
	year={2002},
	publisher={Elsevier}
}

@article{glog2002,
	title = {A variance-stabilizing transformation for gene-expression microarray data},
	author = {B. P. Durbin and J. S. Hardin and D. M. Hawkins and D. M. Rocke},
	journal = {Bioinformatics},
	volume = {18},
	number = {1},
	pages = {105--110},
	year = {2002},
	publisher = {Oxford Academic}
}

@article{hyndman2003unmasking,
	title={Unmasking the Theta method},
	author={Hyndman, Rob J and Billah, Baki},
	journal={International Journal of Forecasting},
	volume={19},
	number={2},
	pages={287--290},
	year={2003},
	publisher={Elsevier}
}

@article{taylor2003exponential,
	title={Exponential smoothing with a damped multiplicative trend},
	author={James W. Taylor},
	journal={International Journal of Forecasting},
	volume={19},
	number={4},
	pages={715--725},
	year={2003},
	publisher={Elsevier}
}

@techreport{monsell2003toward,
	title={Toward X-13?},
	author={Brian C. Monsell and John A. D. Aston and Siem Jan Koopman},
	year={2003},
	institution={United States Census Bureau},
	URL={https://www.census.gov/content/dam/Census/library/working-papers/2003/adrm/jsm2003bcm.pdf}
}

@article{findley2005,
	title = {Some recent developments and directions in seasonal adjustment},
	author = {David F. Findley},
	journal = {Journal of official statistics},
	volume = {21},
	number = {2},
	pages = {343},
	year = {2005},
	publisher = {Statistics Sweden (SCB)}
}

@article{degooijer2005,
	title={25 Years of IIF Time Series Forecasting: A Selective Review},
	author={Jan G. De Gooijer and Rob J. Hyndman},
	journal={Tinbergen Institute Discussion Papers No. TI},
	pages={05--068},
	year={2005}
}


@article{koning2005m3,
	title={The M3 competition: Statistical tests of the results},
	author={Koning, Alex J and Franses, Philip Hans and Hibon, Michele and Stekler, Herman O},
	journal={International Journal of Forecasting},
	volume={21},
	number={3},
	pages={397--409},
	year={2005},
	publisher={Elsevier}
}

@article{neglog2005,
	title= {The neglog transformation and quantile regression for the analysis of a large credit scoring database},
	author= {J. Whittaker and C. Whitehead and M. Somers},
	journal= {Journal of the Royal Statistical Society Series C},
	volume= {54},
	number= {4},
	pages= {863--878},
	year= {2005},
	publisher= {Wiley}
}

@article{yang2006,
	title={A modified family of power transformations},
	author={Zhenlin Yang},
	journal={Economics Letters},
	volume={92},
	number={1},
	pages={14--19},
	year={2005},
	publisher={Elsevier}
}

@article{seas2006,
	title= {Characteristic-based clustering for time series data},
	author= {X. Wang and K. A. Smith and R. J. Hyndman},
	journal= {Data Mining and Knowledge Discovery},
	volume= {13},
	number= {3},
	pages= {335--364},
	year= {2006},
	publisher={Springer}
}

@article{gardner2006exponential,
	title={Exponential Smoothing: The State of The Art — Part II},
	author={Everette S. Gardner Jr.},
	journal={International Journal of Forecasting},
	volume={22},
	number={4},
	pages={637--666},
	year={2006},
	publisher={Elsevier}
}

@article{hyndmanandkoehler2006,
	title={Another look at measures of forecast accuracy},
	author={Rob J. Hyndman and Anna B. Koehler},
	journal={International Journal of Forecasting},
	volume={22},
	number={4},
	pages={679--688},
	year={2006},
	publisher={Elsevier}
}

@article{hyndman2006foresight,
	title={Unmasking the Theta method},
	author={Rob J. Hyndman and Baki Billah},
	journal={International Journal of Forecasting},
	volume={19},
	number={2},
	pages={287--290},
	year={2003},
	publisher={Elsevier}
}

@inproceedings{monsell2007x,
	title={The X-13A-S seasonal adjustment program},
	author={Brian C. Monsell},
	booktitle={Proceedings of the 2007 Federal Committee On Statistical Methodology Research Conference. URL http://www. fcsm. gov/07papers/Monsell. II-B. pdf},
	year={2007}
}

@article{muhe2007,
	author = {Yunming Mu and Xuming He},
	journal = {Journal of the American Statistical Association},
	number = {477},
	pages = {269--279},
	publisher = {[American Statistical Association, Taylor & Francis, Ltd.]},
	title = {Power Transformation toward a Linear Regression Quantile},
	volume = {102},
	year = {2007}
}

@article{hyndmankhandakar2008,
	title = {Automatic time series forecasting: the forecast package for {R}},
	author = {Rob J. Hyndman and Yeasmin Khandakar},
	journal = {Journal of Statistical Software},
	volume = {26},
	number = {3},
	pages = {1--22},
	year = {2008},
	url = {http://www.jstatsoft.org/article/view/v027i03}
}

@book{bookurca2008,
	title = {Analysis of Integrated and Cointegrated Time Series with R},
	author = {B. Pfaff},
	publisher = {Springer},
	edition = {Second},
	address = {New York},
	year = {2008}
}

@book{hyndman2008forecasting,
	title={Forecasting with exponential smoothing: the state space approach},
	author={Rob J. Hyndman and Anne B. Koehler and J. Keith Ord and Ralph D. Snyder},
	year={2008},
	publisher={Springer-Verlag}
}

@article{yager2008time,
	title={Time series smoothing and OWA aggregation},
	author={Ronald R. Yager},
	journal={IEEE Transactions on Fuzzy Systems},
	volume={16},
	number={4},
	pages={994--1007},
	year={2008},
	publisher={IEEE}
}

@book{horowitz2009,
	author = {Joel Horowitz},
	year = {2009},
	title = {Semiparametric and Nonparametric Methods in Econometrics},
	publisher = {Springer}
}

@book{hastie2009,
	title={The Elements of Statistical Learning: Data Mining, Inference, and Prediction},
	author={Trevor Hastie and Robert Tibshirani and Jerome Friedman},
	year={2009},
	publisher={Springer}
}

@article{goodwin2010holt,
	title = {The Holt-Winters Approach to Exponential Smoothing: 50 Years Old and Going Strong},
	author = {Paul Goodwin},
	year = {2010},
	journal = {Foresight: The International Journal of Applied Forecasting},
	volume = {19},
	pages = {30--33}
}

@phdthesis{hafen2010local,
	author = {Ryan P. Hafen},
	date-added = {2019-01-16 13:18:09 -0800},
	date-modified = {2019-01-16 13:18:09 -0800},
	school = {Purdue University},
	title = {Local regression models: Advancements, applications, and new methods},
	year = {2010}
}

@TECHREPORT{delivera2010,
	title = {Automatic forecasting with a modified exponential smoothing state space framework},
	author = {De Livera, Alysha M},
	year = {2010},
	institution = {Monash University, Department of Econometrics and Business Statistics},
	type = {Monash Econometrics and Business Statistics Working Papers},
	number = {10/10},
	url = {https://www.monash.edu/business/econometrics-and-business-statistics/research/publications/ebs/wp10-10.pdf}
}

@article{delivera2011,
	author = {Alysha M. De Livera and Rob J. Hyndman and Ralph D. Snyder},
	title = {Forecasting Time Series With Complex Seasonal Patterns Using Exponential Smoothing},
	journal = {Journal of the American Statistical Association},
	volume = {106},
	number = {496},
	pages = {1513--1527},
	year  = {2011},
	publisher = {Taylor & Francis}
}

@article{artrcpp2011,
	title = {{Rcpp}: Seamless {R} and {C++} Integration},
	author = {Dirk Eddelbuettel and Romain Fran\c{c}ois},
	journal = {Journal of Statistical Software},
	year = {2011},
	volume = {40},
	number = {8},
	pages = {1--18},
	url = {http://www.jstatsoft.org/v40/i08/}
}

@article{commandeur2011,
	title={Statistical software for state space methods},
	author={Jacques J.F. Commandeur and Siem Jan Koopman and Marius Ooms},
	year={2011},
	journal={Journal of Statistical Software},
	volume={41},
	number={1},
	publisher={the Foundation for Open Access Statistics},
	url	={https://www.jstatsoft.org}
}

@phdthesis{Galyardt12dis,
	author       = {April Galyardt}, 
	title        = {Mixed Membership Distributions with Applications to Modeling Multiple Strategy Usage},
	school       = {Carnegie Mellon University},
	year         = {2012},
	url          = {https://search.proquest.com/docview/1345948949},
	publisher	 = {ProQuest, UMI Dissertations Publishing}
}

@conference{Galyardt13smmc,
	author       = {April Galyardt and Ilya Goldin}, 
	title        = {Modeling Student Metacognitive Strategies in a Intelligent Tutoring System},
	booktitle    = {International Meeting of the Psychometric Society},
	year         = {2013},
	address      = {Arnhem, Netherlands},
	organization = {The organization}
}

@article{gpower2013,
	title= {A new variance stabilizing transformation for gene expression data analysis},
	author= {D. M. Kelmansky and E. J. Martinez and V. Leiva},
	journal= {Statistical Applications in Genetics and Molecular Biology},
	volume= {12},
	number= {6},
	pages= {653--666},
	year= {2013}
}

@book{bookrcpp2013,
	title = {Seamless {R} and {C++} Integration with {Rcpp}},
	author = {Dirk Eddelbuettel},
	publisher = {Springer},
	address = {New York},
	year = {2013}
}

@article{artrcpparmadillo2014,
	title = {RcppArmadillo: Accelerating R with high-performance C++ linear algebra},
	author = {Dirk Eddelbuettel and Conrad Sanderson},
	journal = {Computational Statistics and Data Analysis},
	year = {2014},
	volume = {71},
	month = {March},
	pages = {1054--1063}
}

@article{meintanis2015,
	author = {Simos Meintanis and Gilles Stupfler},
	year = {2015},
	pages = {571--587},
	title = {Transformations to symmetry based on the probability weighted characteristic function},
	volume = {51},
	number = {4},
	journal = {KYBERNETIKA}
}

@TECHREPORT{dokumentov2015,
	title = {STR: A Seasonal-Trend Decomposition Procedure Based on Regression},
	author = {Alexander Dokumentov and Rob J. Hyndman},
	year = {2015},
	institution = {Monash University, Department of Econometrics and Business Statistics},
	type = {Monash Econometrics and Business Statistics Working Papers},
	number = {13/15},
	url = {https://EconPapers.repec.org/RePEc:msh:ebswps:2015-13}
}

@book{dagumbianco2016,
	title={Seasonal Adjustment Methods and Real Time Trend-Cycle Estimation},
	author={E. B. Dagum and S. Bianconcini},
	year={2016},
	publisher={Springer}
}

@article{bergmeir2016bagging,
	title={Bagging exponential smoothing methods using STL decomposition and Box–Cox transformation},
	author={Christoph Bergmeir and Rob J. Hyndman  and José M. Benítez},
	journal={International Journal of Forecasting},
	volume={32},
	number={2},
	year={2016},
	pages={303--312},
	publisher={Elsevier}
}

@article{Dantas2016,
	title = {Air transportation demand forecast through Bagging Holt Winters methods"},
	author = {Tiago Mendes Dantas and Fernando Luiz Cyrino Oliveira and Hugo Miguel Varela Repolho},
	journal = {Journal of Air Transport Management},
	volume = {59},
	pages = {116--123},
	year = {2017}
}

@book{bookggplot2016,
	author = {Hadley Wickham},
	title = {ggplot2: Elegant Graphics for Data Analysis},
	publisher = {Springer-Verlag New York},
	year = {2016},
	url = {http://ggplot2.org}
}

@Manual{pkgstlplus2016,
	title = {{stlplus}: Enhanced Seasonal Decomposition of Time Series by Loess},
	author = {Ryan Hafen},
	year = {2016},
	note = {R package version 0.5.1},
	url = {https://cran.r-project.org/package=stlplus}
}

@Manual{pkgurca2016,
	title = {{urca}: Unit Root and Cointegration Tests for Time Series Data},
	author = {Bernhard Pfaff and Eric Zivot and Matthieu Stigler},
	year = {2016},
	note = {R package version 1.3-0},
	url = {https://cran.r-project.org/package=urca}
}

@article{yapar2017mses,
	title={Why and How Does Exponential Smoothing Fail? An In Depth Comparison of {Ata}-Simple and Simple Exponential Smoothing},
	author={Guckan Yapar and Idil Yavuz and Hanife Taylan Selamlar},
	journal={Turkish Journal of Forecasting},
	volume={1},
	number={1},
	year={2017},
	pages={30--39}
}

@article{artrcpp2017,
	title = {{Extending extit{R} with extit{C++}: A Brief Introduction to extit{Rcpp}}},
	author = {Dirk Eddelbuettel and James Joseph Balamuta},
	journal = {PeerJ Preprints},
	year = {2017},
	month = {aug},
	volume = {5},
	pages = {e3188v1}
}

@Manual{pkgmcomp2018,
	title = {{Mcomp}: Data from the M-Competitions},
	author = {Rob J. Hyndman and Muhammad Akram and Christoph Bergmeir and Mitchell O'Hara-Wild},
	year = {2018},
	note = {R package version 2.8},
	url = {https://cran.r-project.org/package=Mcomp}
}

@Manual{pkgm4comp2018,
	title = {{M4comp}: Data from the M4 Time Series Forecasting Competition},
	author = {Souhaib BenTaieb},
	year = {2018},
	note = {R package version 0.0.1},
	url = {https://github.com/cran/M4comp}
}

@article{makridakis2018m4,
	title={The M4 Competition: Results, findings, conclusion and way forward},
	author={Spyros G. Makridakis and Evangelos Spiliotis and Vassilios Assimakopoulos},
	journal={International Journal of Forecasting},
	volume={34},
	number={4},
	pages={802--808},
	year={2018},
	publisher={Elsevier}
}

@Manual{pkgstr2018,
	title = {{stR}: STR Decomposition},
	author = {Alexander Dokumentov and Rob J. Hyndman},
	year = {2018},
	note = {R package version 0.4},
	url = {https://cran.r-project.org/package=stR}
}

@article{artseasonal2018,
	title = {Seasonal Adjustment by {X-13ARIMA-SEATS} in {R}},
	author = {Christoph Sax and Dirk Eddelbuettel},
	journal = {Journal of Statistical Software},
	year = {2018},
	volume = {87},
	number = {11},
	pages = {1--17}
}

@book{eurostat2018,
	editor      = {Gian Luigi Mazzi},
	title   = {Handbook on Seasonal Adjustment},
	publisher   = {Eurostat},
	URL 		= {https://ec.europa.eu/eurostat/documents/3859598/8939616/KS-GQ-18-001-EN-N.pdf/7c4d120a-4b8a-441b-aefd-6afe81a7cf59},
	year        = {2018}
}

@article{yapar2018mhes,
	title={Modified Holt's Linear Trend Method},
	author={Guckan Yapar and Sedat Capar and Hanife Taylan Selamlar and Idil Yavuz},
	journal={Hacettepe University Journal of Mathematics and Statistics},
	volume={47},
	number={5},
	pages={1394--1403},
	year={2018}
}

@article{yapar2018mses,
	title={Modified simple exponential smoothing},
	author={Guckan Yapar},
	journal={Hacettepe University Journal of Mathematics and Statistics},
	volume={47},
	number={3},
	year={2018},
	pages={741--754},
}

@article{yapar2019ata,
	title={{ATA} method},
	author={Guckan Yapar and Hanife Taylan Selamlar and Sedat Capar and Idil Yavuz},
	journal={Hacettepe Journal of Mathematics and Statistics},
	volume={48},
	number={6},
	pages={1838-1844},
	year={2019}
}

@article{yilmaz2019croston,
	title={Comparison Of {Ata} Method And Croston Based Methods On Forecasting Of Intermittent Demand},
	author={Tugce E. Yilmaz and Guckan Yapar and Idil Yavuz},
	journal={Mugla Journal of Science and Technology},
	volume={5},
	number={2},
	year={2019},
	pages={49--55},
}

@book{hyndman2019forecasting,
	title={Forecasting: principles and practice},
	author={Rob J. Hyndman and George Athanasopoulos},
	year={2019},
	publisher={OTexts},
	url = {https://otexts.com/fpp3/}
}

@article{yavuz2020mses,
	author = {Beyza Cetin and Idil Yavuz},
	title = {Comparison of forecast accuracy of {Ata} and exponential smoothing},
	journal = {Journal of Applied Statistics},
	volume = {0},
	number = {0},
	pages = {1-11},
	year  = {2020},
	publisher = {Taylor & Francis},
	doi = {10.1080/02664763.2020.1803813},
}

@article{makridakis2020m4,
	title={The M4 Competition: 100,000 time series and 61 forecasting methods},
	author={Spyros G. Makridakis and Evangelos Spiliotis and Vassilios Assimakopoulos},
	journal={International Journal of Forecasting},
	volume={36},
	number={1},
	pages={54--74},
	year={2020},
	publisher={Elsevier}
}

@article{hyndman2020brief,
	title={A brief history of forecasting competitions},
	author={Rob J. Hyndman},
	journal={International Journal of Forecasting},
	volume={36},
	number={1},
	pages={7--14},
	year={2020},
	publisher={Elsevier}
}

@misc{dokumentov2020str,
	title={STR: A Seasonal-Trend Decomposition Procedure Based on Regression}, 
	author={Alexander Dokumentov and Rob J. Hyndman},
	year={2020},
	eprint={2009.05894},
	archivePrefix={arXiv},
	primaryClass={stat.ME}
}

@Manual{pkguroot2020,
	title = {{uroot}: Unit Root Tests for Seasonal Time Series},
	author = {Javier López-de-Lacalle},
	year = {2020},
	note = {R package version 2.1-2},
	url = {https://cran.r-project.org/package=uroot}
}

@Manual{pkgforecast2020,
	title = {{forecast}: Forecasting functions for time series and linear models},
	author = {Rob J. Hyndman and George Athanasopoulos and Christoph Bergmeir and Gabriel Caceres and Leanne Chhay and Mitchell O'Hara-Wild and Fotios Petropoulos and Slava Razbash and Earo Wang and Farah Yasmeen},
	year = {2020},
	note = {R package version 8.13},
	url = {https://cran.r-project.org/package=forecast}
}

@Manual{pkgseasonal2020,
	title = {{seasonal}: R Interface to X-13-ARIMA-SEATS},
	author = {Christoph Sax and Dirk Eddelbuettel},
	year = {2020},
	note = {R package version 1.7.1},
	url = {https://cran.r-project.org/package=seasonal}
}

@Manual{pkgtseries2020,
	title = {tseries: Time Series Analysis and Computational Finance},
	author = {Adrian Trapletti and Kurt Hornik},
	year = {2020},
	note = {R package version 0.10-48},
	url = {https://CRAN.R-project.org/package=tseries}
}

@Manual{pkgggplot2020,
	title = {{ggplot2}: Create Elegant Data Visualisations Using the Grammar of Graphics},
	author = {Hadley Wickham and Winston Chang and Lionel Henry and Thomas Lin Pedersen and Kohske Takahashi and Claus Wilke and Kara Woo and RStudio},
	year = {2020},
	note = {R package version 3.3.2},
	url = {http://ggplot2.tidyverse.org/}
}

@Manual{pkgTSA2020,
	title = {{TSA}: Time Series Analysis},
	author = {Kung-Sik Chan and Brian Ripley},
	year = {2020},
	note = {R package version 1.3},
	url = {https://cran.r-project.org/package=TSA}
}

@Manual{pkgxts2020,
	title = {{xts}: eXtensible Time Series},
	author = {Jeffrey A. Ryan and Joshua M. Ulrich and Ross Bennett and Corwin Joy},
	year = {2020},
	note = {R package version 0.12.1},
	url = {https://cran.r-project.org/package=xts}
}

@Manual{pkgrcpp2020,
	title = {{Rcpp}: Seamless R and C++ Integration},
	author = {Dirk Eddelbuettel and Romain Francois and J. J. Allaire and Kevin Ushey and Qiang Kou and Nathan Russell and Douglas Bates and John Chambers},
	year = {2020},
	note = {R package version 1.0.5},
	url = {https://cran.r-project.org/package=Rcpp}
}

@Manual{pkgrcpparmadillo2020,
	title = {{RcppArmadillo}: 'Rcpp' Integration for the 'Armadillo' Templated Linear Algebra Library},
	author = {Dirk Eddelbuettel and Romain Francois and Doug Bates and Binxiang Ni},
	year = {2020},
	note = {R package version 0.10.1.2.0},
	url = {https://cran.r-project.org/package=RcppArmadillo}
}

@Manual{pkgtimeseries2020,
	title = {{timeSeries}: Rmetrics - Financial Time Series Objects},
	author = {Diethelm Wuertz and Tobias Setz and Yohan Chalabi},
	year = {2020},
	note = {R package version 3062.100},
	url = {https://cran.r-project.org/package=timeSeries}
}

@Manual{ATAforecasting2021,
	title = {{ATAforecasting}: Automatic Time Series Analysis and Forecasting Using the Ata Method},
	author = {Ali Sabri Taylan and Hanife Taylan Selamlar and Güçkan Yapar},
	year = {2021},
	note = {R package version 0.0.55},
	url = {https://cran.r-project.org/package=ATAforecasting}
}

@Manual{fable2021,
	title = {{fable}: Forecasting Models for Tidy Time Series},
	author = {Mitchell O'Hara-Wild and Rob Hyndman and Earo Wang and Gabriel Caceres and Tim-Gunnar Hensel and Timothy Hyndman},
	year = {2021},
	note = {R package version 0.3.1},
	url = {https://cran.r-project.org/package=fable}
}

@Manual{fabletools2021,
	title = {{fabletools}: Core Tools for Packages in the 'fable' Framework},
	author = {Mitchell O'Hara-Wild and Rob Hyndman and Earo Wang and Di Cook and George Athanasopoulos and David Holt},
	year = {2021},
	note = {R package version 0.3.1},
	url = {https://cran.r-project.org/package=fabletools}
}

@Manual{fableATA2021,
	title = {{fable.ata}: 'ATAforecasting' Modelling Interface for 'fable'},
	author = {Ali Sabri Taylan and Hanife Taylan Selamlar and Güçkan Yapar},
	year = {2021},
	note = {R package version 0.0.2},
	url = {https://cran.r-project.org/package=fable.ata}
}