@misc{Ace2020,
author = "{Ace Project}",
year = 2020,
title = "The Systems and Their Consequences",
url = {https://aceproject.org/ace-en/topics/es/esd/default}
}

@misc{WikipediaDublinWest2020,
author = "Wikipedia",
year = 2020,
title = "{D}ublin {W}est {D}{\'a}il constituency",
url = {https://en.wikipedia.org/wiki/Dublin\_West\#2002\_general_election}
}

@misc{WikipediaCondorcet2020,
author = "Wikipedia",
year = 2020,
title = "Condorcet method",
url = {https://en.wikipedia.org/wiki/Condorcet_method}
}

@misc{FairVote2020,
author = "{Fair Vote}",
year = 2020,
title = "Multi-Winner Ranked Choice Voting",
url = {https://www.fairvote.org/multi\_winner\_rcv\_example}
}


@misc{LondonElects2020,
author = "{London Elects}",
year = 2020,
title = "{M}ayor of {L}ondon \& {L}ondon {A}ssembly Elections: Counting the votes",
url = {https://www.londonelects.org.uk/im-voter/counting-votes}
}


@article{Hill&1987,
author = "I. D. Hill and B. A. Wichmann and D. R. Woodall",
year = 1987,
title = "Single transferable vote by {M}eek's method",
journal = "Computer Journal",
volume = 30,
pages = "277--281"
}

@article{Hill1988,
author = "I. D. Hill",
year = 1988,
title = "Some Aspects of Elections -- {T}o Fill One Seat or Many (with Discussion)",
journal = "Journal of the Royal Statistics Society, Series A (Statistics
in Society)",
volume = 151,
pages = "243--275"
}

@misc{Silverman2002,
author = "B. W. Silverman",
year = 2002,
title = "Single Transferable Voting System:
Counting {IMS} elections by single transferable vote",
url = {https://imstat.org/elections/single-transferable-voting-system},
publisher = "Institute of Mathematical Statistics",
address = "Hayward, Calif."
}

@article{Silverman2003,
author = "B. W. Silverman",
year = 2003,
title = "Counting {IMS} elections: new procedure",
journal = "IMS Bulletin",
volume = 32,
pages = 3
}

@book{Arrow1963,
author = "K. Arrow",
year = 1963,
title = "Social Choice and Individual Values",
edition = "2nd",
publisher = "Yale University Press",
address = "New Haven, Conn."
}

@article{Gibbard1973,
author = "A. Gibbard",
year = 1973,
title = "Manipulation of Voting Schemes: A General Result",
journal = "Econometrika",
volume = 41,
pages = "587--601"
}

@article{Satterthwaite1975,
author = "M. Satterthwaite",
year = 1975,
title = "Strategy-proofness and {A}rrow's conditions: Existence and 
Correspondence Theorems for Voting Procedures and Social Welfare Functions",
journal = "Journal of Economic Theory",
volume = 10,
pages = "187--217"
}

@article{BramsFishburn1978,
author = "S. J. Brams and P. C. Fishburn",
year = 1978,
title = "Approval Voting",
journal = "American Political Science Review",
volume = 72,
pages = "831--847"
}

@book{BramsFishburn1983,
author = "S. J. Brams and P. C. Fishburn",
year = 1983,
title = "Approval Voting",
publisher = "Birkhauser",
address = "Boston, Mass."
}

@book{BramsFishburn2007,
author = "S. J. Brams and P. C. Fishburn",
year = 2007,
title = "Approval Voting",
edition = "2nd",
publisher = "Springer Science \& Business Media"
}

@book{Newland&1997,
author = "R. A. Newland and F. S. Britton and C. Rosenstiel and 
J. {Woodward-Nutt}",
year = 1997,
title = "How to Conduct an Election by the Single Transferable Vote",
publisher = "Electoral Reform Society",
address = "London, U.K.",
url = {https://www.electoral-reform.org.uk/latest-news-and-research/publications/how-to-conduct-an-election-by-the-single-transferable-vote-3rd-edition}
}

@article{Tideman1995,
author = "N. Tideman",
year = 1995,
title = "The Single Transferable Vote",
journal = "Journal of Economic Perspectives",
volume = 9, 
pages = "27--38"
}

@article{Meek1969,
author = "B. L. Meek",
year = 1969,
title = "Une nouvelle approche du scrutin transf\'{e}rable",
journal = "Math\'{e}matiques et Sciences Humaines",
volume = 25,
pages = "13--23"
}

@article{Meek1970,
author = "B. L. Meek",
year = 1970,
title = "Une nouvelle approche du scrutin transf\'{e}rable (fin)",
journal = "Math\'{e}matiques et Sciences Humaines",
volume = 29,
pages = "33--39"
}

@article{ONeill2004,
author = "J. C. {O'Neill}",
year = 2004,
title = "Tie-Breaking with the Single Transferable Vote",
journal = "Voting Matters",
volume = 18,
pages = "14--17",
url = {http://www.votingmatters.org.uk/ISSUE18/I18P6.PDF}
}

@article{Kitchener2005,
author = "Earl Kitchener",
year = 2005,
title = "A new way to break {STV} ties in a special case",
journal = "Voting Matters",
volume = 20,
pages = "9--11",
url = {http://www.votingmatters.org.uk/ISSUE20/I20P3.PDF}
}

@article{Lundell2006,
author = "Jonathan Lundell",
year = 2006,
title = "Random tie-breaking in {STV}",
journal = "Voting Matters",
volume = 22,
pages = "1--6",
url = {http://www.votingmatters.org.uk/ISSUE22/I22P1.pdf}
}




@manual{votesys,
title = "votesys: Voting Systems, Instant-Runoff Voting, Borda Method, Various Condorcet Methods",
author = "J. Wu",
year = 2018,
note = {R package version 0.1.1},
url = {https://CRAN.R-project.org/package=votesys}
}

@manual{STV,
title = "{STV}: Single Transferable Vote Counting",
author = "J. Emerson and S. Chandra and L. Orr",
year = 2019,
note = {R package version 1.0.1},
url = {https://CRAN.R-project.org/package=STV}
}

@manual{rcv,
title = "rcv: Ranked Choice Voting",
author = "J. Lee and M. Yancheff",
year = 2019,
note = {R package version 0.2.1},
url = {https://cran.r-project.org/src/contrib/Archive/rcv/}
}

@manual{HighestMedianRules,
title = "{HighestMedianRules}: Implementation of Voting Rules Electing the Candidate with Highest Median Grade",
author = "A. Fabre",
year = 2020,
note = {R package version 1.0},
url = {https://CRAN.R-project.org/package=HighestMedianRules},
}

@article{Fabre2020,
author = "A. Fabre",
year = 2020,
title = "Tie-breaking the highest median: alternatives to the majority judgment",
journal = "Social Choice and Welfare",
doi = "https://doi.org/10.1007/s00355-020-01269-9"
}

@manual{electoral,
title = "electoral: Allocating Seats Methods and Party System Scores",
author = "J. Albuja",
year = 2020,
note = {R package version 0.1.2},
url = {https://CRAN.R-project.org/package=electoral}
}

@manual{esaps,
title = "esaps: Indicators of Electoral Systems and Party Systems",
year = 2018,
author = "N. Schmidt",
note = {R package version 0.1.0},
url = {https://CRAN.R-project.org/package=esaps}
}

@manual{vote,
title = "vote: Election Vote Counting",
author = "H. {\v{S}ev\v{c}\'{\i}kov\'{a}} and A. E. Raftery and B. W. Silverman",
year = 2021,
note = {R package version 2.3-0},
url = {https://CRAN.R-project.org/package=vote}
}

@article{Syddique1988,
author = "E. Syddique",
year = 1988,
title = "Discussion of `{S}ome Aspects of Elections -- {T}o Fill One Seat or Many'",
journal = "Journal of the Royal Statistical Society, Series A (Statistics in Society)",
volume = 151,
pages = 265
}

@book{Condorcet1785,
author = "Marquis de Condorcet",
title = "Essai sur l'Application de l'Analyse \`{a} la Probabilit\'{e} des Decisions Rendues \`{a} la Pluralit\'{e} des Voix",
year = 1785,
publisher = "Imprimerie Royale",
address = "Paris, France"
}

@misc{ERS2020,
author = "{Electoral Reform Society}",
year = 2020,
title = "Party List Proportional Representation",
url = {https://www.electoral-reform.org.uk/voting-systems/types-of-voting-system/party-list-pr}
}

@misc{WikipediaSTV2020,
author = "Wikipedia",
year = 2020,
title = "Single transferable vote",
url = {https://en.wikipedia.org/wiki/Single\_transferable\_vote}
}

