
@article{macnab2018,
  title={{Some recent work on multivariate Gaussian Markov random fields}},
  author={MacNab, Ying C},
  journal={Test},
  volume={27},
  url={https://doi.org/10.1007/s11749-018-0605-3},
  number={3},
  pages={497--541},
  year={2018},
  publisher={Springer}
}

  @Manual{r:2022,
    title = {R: A Language and Environment for Statistical Computing},
    author = {{R Core Team}},
    organization = {R Foundation for Statistical Computing},
    address = {Vienna, Austria},
    year = {2022},
    url = {https://www.R-project.org/},
  }


@article{martinez2017,
  title={Towards a multidimensional approach to {Bayesian} disease mapping},
  author={Mart\'inez-Beneito, Miguel A and Botella-Rocamora, Paloma and Banerjee, Sudipto},
  journal={Bayesian analysis},
  url={https://doi.org/10.1214/16-BA995},
  volume={12},
  number={1},
  pages={239},
  year={2017},
  publisher={NIH Public Access}
}

@book{LibroMigue,
  title={{Disease Mapping: From Foundations to Multidimensional Modeling}},
  author={Mart{\'\i}nez-Beneito, Miguel A and Botella-Rocamora, Paloma},
  year={2019},
  publisher={CRC Press}
}


@article{INLA,
  title={{Approximate Bayesian inference for latent Gaussian models by using integrated nested Laplace approximations}},
  author={Rue, H{\aa}vard and Martino, Sara and Chopin, Nicolas},
  journal={Journal of the royal statistical society: Series b (statistical methodology)},
  url={ https://doi.org/10.1111/j.1467-9868.2008.00700.x},
  volume={71},
  number={2},
  pages={319--392},
  year={2009},
  publisher={Wiley Online Library}
}


@book{MCMC,
 title={Markov Chain Monte Carlo in practice},
  author={Gilks, Walter R and Richardson, Sylvia and Spiegelhalter, David J},
  year={1995},
  publisher={Chapman \& Hall}
}



@article{SPDE,
author = {Lindgren, Finn and Rue, H{\aa}vard and Lindström, Johan},
title = {{An explicit link between Gaussian fields and Gaussian Markov random fields: the stochastic partial differential equation approach}},
journal = {Journal of the Royal Statistical Society: Series B (Statistical Methodology)},
volume = {73},
number = {4},
pages = {423-498},
keywords = {Approximate Bayesian inference, Covariance functions, Gaussian fields, Gaussian Markov random fields, Latent Gaussian models, Sparse matrices, Stochastic partial differential equations},
url = {https://doi.org/10.1111/j.1467-9868.2011.00777.x},
year = {2011}
}


@article{LindgrenRue2015,
  title={Bayesian spatial modelling with {R-INLA}},
  author={Lindgren, Finn and Rue, H{\aa}vard and others},
  journal={Journal of Statistical Software},
  url={https://doi.org/10.18637/jss.v063.i19},
  volume={63},
  number={19},
  pages={1--25},
  year={2015}
}

@book{BlangiardoCameletti,
  title={{Spatial and spatio-temporal Bayesian models with R-INLA}},
  author={Blangiardo, Marta and Cameletti, Michela},
  year={2015},
  publisher={John Wiley \& Sons}
}


@ARTICLE{Bakkaetal:2018,
   author = {{Bakka}, H. and {Rue}, H. and {Fuglstad}, G.-A. and {Riebler}, A. and
        {Bolin}, D. and {Krainski}, E. and {Simpson}, D. and {Lindgren}, F.
        },
    title = {Spatial modelling with {R-INLA}: {A} review},
  journal = {WIREs Comput Stat},
     year = 2018,
  volume = {10},
  number = {6},
  pages = {1--24},
  url = {https://doi.org/10.1002/wics.1443}
}



@book{gomez2020bayesian,
  title={Bayesian inference with {INLA}},
  author={G{\'o}mez-Rubio, Virgilio},
  year={2020},
  publisher={CRC Press}
}



@book{Krainskietal:2019,
  author = {Elias T. Krainski and Virgilio G\'omez-Rubio and Haakon Bakka and Amanda Lenzi and Daniela Castro-Camilo and Daniel Simpson and Finn Lindgren and H{\aa}vard Rue},
  title = {Advanced Spatial Modeling with Stochastic Partial Differential Equations Using {R} and {INLA}},
  year = {2019},
  publisher = {Chapman \& Hall/CRC},
  address = {Boca Raton, FL}
}


@article{INLAMSM,
 title={{Bayesian Multivariate Spatial Models for Lattice Data with INLA}},
 volume={98},
 url={https://www.jstatsoft.org/index.php/jss/article/view/v098i02},
 number={2},
 journal={Journal of Statistical Software},
 author={Palm\'i-Perales, Francisco and G\'omez-Rubio, Virgilio and Mart\'inez-Beneito, Miguel A.},
 year={2021},
 pages={1–29}
}


@Book{rueheld:2005,
  author	= {H{\aa}vard Rue and Leonhard Held},
  title		= {Gaussian Markov Random Fields. Theory and Applications},
  publisher	= {Chapman \& Hall},
  year		= {2005},
  address       = {New York}
}

@article{MartinezBeneito:2013,
  author = {MA Mart\'inez-Beneito},
  title = {A general modelling framework for multivarite disease mapping},
  url ={https://doi.org/10.1093/biomet/ast023},
  journal = {Biometrika},
  year = {2013},
  volume = {100},
  number = {3},
  pages = {539--553}
}


@article{GomezRubioetal:2019,
  author = {Virgilio G\'omez-Rubio and Francisco Palm\'i-Perales and Gonzalo L\'opez-Abente and Rebeca Ramis-Prieto and Pablo Fern\'andez-Navarro},
  title = {Bayesian joint spatio-temporal analysis of multiple diseases},
  journal = {{SORT}},
  url={https://doi.org/10.2436/20.8080.02.79},
  year = {2019},
  pages={51-74},
  volume = {1}
}

@article{PCpriors,
 ISSN = {08834237, 21688745},
 URL = {http://www.jstor.org/stable/26408114},
 author = {Daniel Simpson and H{\aa}vard Rue and Andrea Riebler and Thiago G. Martins and Sigrunn H. Sørbye},
 journal = {Statistical Science},
 number = {1},
 pages = {1--28},
 publisher = {Institute of Mathematical Statistics},
 title = {Penalising Model Component Complexity: A Principled, Practical Approach to Constructing Priors},
 volume = {32},
 year = {2017}
}


@article{Moller,
author = {Møller, Jesper and Syversveen, Anne Randi and Waagepetersen, Rasmus Plenge},
title = {{Log Gaussian Cox Processes}},
journal = {Scandinavian Journal of Statistics},
volume = {25},
number = {3},
pages = {451-482},
keywords = {empirical Bayesian inference, ergodicity, Markov chain Monte Carlo, Metropolis-adjusted Langevin algorithm, multivariate Cox processes, Neyman–Scott processes, pair correlation function, parameter estimation, spatial point processes, third-order properties},
url = {https://doi.org/10.1111/1467-9469.00115},
year = {1998}
}


@article{DiggleMoraga,
author = {Peter J. Diggle and Paula Moraga and Barry Rowlingson and Benjamin M. Taylor},
title = {{Spatial and spatio-temporal log-Gaussian Cox processes: Extending the geostatistical Paradigm}},
volume = {28},
journal = {Statistical Science},
number = {4},
publisher = {Institute of Mathematical Statistics},
pages = {542 -- 563},
keywords = {Cox process, epidemiology, Gaussian process, Geostatistics, spatial point process},
year = {2013},
url = {https://doi.org/10.1214/13-STS441}
}




@article{GomezRubioPalmiPerales:2018,
  author = {V. G\'omez-Rubio and F. Palm\'i-Perales},
  title = {{Multivariate posterior inference for spatial models with the integrated nested {Laplace} approximation}},
  journal = {Journal of the Royal Statistical Society, Series C},
  url= {https://doi.org/10.1111/rssc.12292},
  volume={68},
  number={1},
  pages={199--215},
  year={2019}
}

@article{GelmanHCpriors,
author = {Andrew Gelman},
title = {{Prior distributions for variance parameters in hierarchical models (comment on article by Browne and Draper)}},
volume = {1},
journal = {Bayesian Analysis},
number = {3},
publisher = {International Society for Bayesian Analysis},
pages = {515 -- 534},
year = {2006},
url = {https://doi.org/10.1214/06-BA117A}
}



@Book{spatstat:2015,
    title = {Spatial Point Patterns: Methodology and Applications with {R}},
    author = {Adrian Baddeley and Ege Rubak and Rolf Turner},
    year = {2015},
    publisher = {Chapman \& Hall/CRC Press},
    address = {London},
    url = {http://www.crcpress.com/Spatial-Point-Patterns-Methodology-and-Applications-with-R/Baddeley-Rubak-Turner/9781482210200/},
  }

@inproceedings{JAGS,
  title={{JAGS: A program for analysis of Bayesian graphical models using Gibbs sampling}},
  author={Plummer, Martyn and others},
  booktitle={Proceedings of the 3rd international workshop on distributed statistical computing},
  volume={124},
  number={125.10},
  pages={1--10},
  year={2003},
  organization={Vienna, Austria.}
}


@article{Stan,
  title={Stan: a probabilistic programming language.},
  author={Carpenter, Bob and Gelman, Andrew and Hoffman, Matthew D and Lee, Daniel and Goodrich, Ben and Betancourt, Michael and Brubaker, Marcus A and Guo, Jiqiang and Li, Peter and Riddell, Allen},
  journal={Grantee Submission},
  volume={76},
  number={1},
  pages={1--32},
  year={2017},
  publisher={ERIC}
}

@Manual{RINLA,
  title = {INLA: Full Bayesian Analysis of Latent Gaussian Models using Integrated Nested Laplace Approximations},
  author = {H{\aa}vard Rue and Finn Lindgren and Daniel Simpson and Sara Martino and Elias {Teixeira Krainski} and Haakon Bakka and Andrea Riebler and Geir-Arne Fuglstad},
  year = {2020},
  note = {R package version 20.03.17},
}

@Manual{INLAMSMpack,
  title = {INLAMSM: Multivariate Spatial Models with 'INLA'},
  author = {Francisco Palm\'i-Perales and Virgilio G\'omez-Rubio and Miguel A. Mart\'inez-Beneito},
  year = {2021},
  note = {R package version 0.2-2},
  url = {https://CRAN.R-project.org/package=INLAMSM},
}

@Manual{spatstatpack,
  title = {spatstat: Spatial Point Pattern Analysis, Model-Fitting, Simulation, Tests},
  author = {Adrian Baddeley and Rolf Turner and Ege Rubak and with substantial contributions of code by Kasper Klitgaard Berthelsen; Ottmar Cronie; Tilman Davies; Yongtao Guan; Ute Hahn; Abdollah Jalilian; Marie-Colette van Lieshout; Greg McSwiggan; Tuomas Rajala; Suman Rakshit; Dominic Schuhmacher; Rasmus Waagepetersen; and Hangsheng Wang.},
  year = {2020},
  note = {R package version 1.64-1},
  url = {https://CRAN.R-project.org/package=spatstat},
}

@article{PalmiPerales2019Biometrical,
author = {Palmí-Perales, Francisco and Gómez-Rubio, Virgilio and López-Abente, Gonzalo and Ramis, Rebeca and Sanz-Anquela, José Miguel and Fernández-Navarro, Pablo},
title = {Approximate {Bayesian} inference for multivariate point pattern analysis in disease mapping},
journal = {Biometrical Journal},
year={2021},
volume = {63},
number = {3},
pages = {632-649},
keywords = {case-control study, disease mapping, INLA-SPDE, point patterns, spatial risk variation},
url = {https://doi.org/10.1002/bimj.201900396}
}

@Article{CARBayes,
    title = {{CARBayes}: An {R} Package for {B}ayesian Spatial Modeling with Conditional Autoregressive Priors},
    author = {Duncan Lee},
    journal = {Journal of Statistical Software},
    year = {2013},
    volume = {55},
    number = {13},
    pages = {1--24},
    url = {https://www.jstatsoft.org/v55/i13/},
}



@article{VanLieshout1999,
author = {Van Lieshout, M. N. M. and Baddeley, A. J.},
title = {Indices of Dependence Between Types in Multivariate Point Patterns},
journal = {Scandinavian Journal of Statistics},
volume = {26},
number = {4},
pages = {511-532},
keywords = {beta cells, bramble canes, empty space function, J-function, multi-type point patterns, myrtle disease, nearest-neighbour distance distribution function, random labelling, spatial interaction, spatial statistics},
url = {https://doi.org/10.1111/1467-9469.00165},
year = {1999}
}



@article{WaagerMultLogGau,
 ISSN = {00359254, 14679876},
 URL = {http://www.jstor.org/stable/24773017},
 author = {Rasmus Waagepetersen and Yongtao Guan and Abdollah Jalilian and Jorge Mateu},
 journal = {Journal of the Royal Statistical Society. Series C (Applied Statistics)},
 number = {1},
 pages = {77--96},
 publisher = {[Wiley, Royal Statistical Society]},
 title = {{Analysis of multispecies point patterns by using multivariate log-Gaussian Cox processes}},
 volume = {65},
 year = {2016}
}

@article{gomez2015analysis,
  title={Analysis of massive marked point patterns with stochastic partial differential equations},
  author={G\'omez-Rubio, Virgilio and Cameletti, Michela and Finazzi, Francesco},
  journal={Spatial Statistics},
  url={https://doi.org/10.1016/j.spasta.2015.06.003},
  volume={14},
  pages={179--196},
  year={2015},
  publisher={Elsevier}
}

@Manual{spatialkernel,
    title = {{spatialkernel}: Non-Parametric Estimation of Spatial Segregation in a
Multivariate Point Process},
    author = {Virgilio G\'omez-Rubio and Pingping Zheng and Peter Diggle and David C. Sterratt and Roger D. Peng and Duncan Murdoch and Barry Rowlingson},
    year = {2017},
    note = {R package version 0.4-23},
    url = {https://CRAN.R-project.org/package=spatialkernel},
  }



@article{gstat,
  title={{Gstat: A Program for Geostatistical Modelling, Prediction and Simulation}},
  author={Pebesma, Edzer J and Wesseling, Cees G},
  journal={Computers \& Geosciences},
  volume={24},
  number={1},
  pages={17--31},
  year={1998},
  publisher={Elsevier}
}

@article{gstatRpackage,
  title={Multivariable Geostatistics in {S}: the {gstat} Package},
  author={Pebesma, Edzer J},
  journal={Computers \& Geosciences},
  volume={30},
  number={7},
  pages={683--691},
  year={2004},
  publisher={Elsevier}
}

@article{spBayes,
  title={{spBayes}: An {R} Package for Univariate and Multivariate Hierarchical Point-Referenced Spatial Models},
  author={Finley, Andrew O and Banerjee, Sudipto and Carlin, Bradley P},
  journal={Journal of Statistical Software},
  volume={19},
  number={4},
  url={https://www.jstatsoft.org/index.php/jss/article/view/v019i04},
  pages={1},
  year={2007},
  publisher={NIH Public Access}
}

@Article{spBayes2,
    title = {{spBayes} for Large Univariate and Multivariate Point-Referenced Spatio-Temporal Data Models},
    author = {Andrew O. Finley and Sudipto Banerjee and Alan E.Gelfand},
    journal = {Journal of Statistical Software},
    year = {2015},
    volume = {63},
    number = {13},
    pages = {1--28},
    url = {http://www.jstatsoft.org/v63/i13/},
  }

@book{banerjee2014hierarchical,
  title={Hierarchical modeling and analysis for spatial data},
  author={Banerjee, Sudipto and Carlin, Bradley P and Gelfand, Alan E},
  year={2014},
  publisher={CRC press}
}

@article{Simpson2019Careful,
author = {Sørbye, Sigrunn H. and Illian, Janine B. and Simpson, Daniel P. and Burslem, David and Rue, H{\aa}vard},
title = {{Careful prior specification avoids incautious inference for log-Gaussian Cox point processes}},
journal = {Journal of the Royal Statistical Society: Series C (Applied Statistics)},
volume = {68},
number = {3},
pages = {543-564},
keywords = {Bayesian analysis, Penalized complexity prior, R-INLA, Spatial modelling, Spatial point process},
url = {https://doi.org/10.1111/rssc.12321},
year = {2019}
}

@article{Simpsonetal:2016,
   author={Daniel Simpson and Janine Illian and Finn Lindgren and Sigrunn H.
S\o{}rbye and H{\aa}vard Rue},
   title={{Going off grid: Computationally efficient inference for log-Gaussian Cox processes}},
   year={2016},
  journal = {Biometrika},
  volume = {103},
  url ={https://doi.org/10.1093/biomet/asv064},
  number = {1},
  pages = {49--70}
}  

