@article{AAIndex2008,
  title =	 {{AAindex}: Amino Acid Index Database, Progress Report
                  2008},
  author =	 {Kawashima, Shuichi and Pokarowski, Piotr and
                  Pokarowska, Maria and Kolinski, Andrzej and
                  Katayama, Toshiaki and Kanehisa, Minoru},
  journal =	 {Nucleic Acids Research},
  volume =	 36,
  number =	 {suppl 1},
  pages =	 {D202--D205},
  year =	 2008,
  publisher =	 {Oxford Univ Press}
}

@Manual{caret,
  Title =	 {caret: Classification and Regression Training},
  Author =	 {Max Kuhn},
  Year =	 2014,
  Note =	 {R package version 6.0-35},
  url =		 {http://CRAN.R-project.org/package=caret},
}

@article{Moore1985,
  Author =	 {Moore, Dexter S},
  Journal =	 {Biochemical Education},
  number =	 1,
  Pages =	 {10--11},
  Title =	 {Amino acid and peptide net charges: A simple
                  calculational procedure},
  Volume =	 13,
  Year =	 1985
}

@article{Piotto2012,
  Author =	 {Piotto, Stefano P and Sessa, Lucia and Concilio,
                  Simona and Iannelli, Pio},
  Journal =	 {International Journal of Antimicrobial Agents},
  number =	 4,
  Pages =	 {346--351},
  Title =	 {{YADAMP}: Yet another database of antimicrobial
                  peptides},
  Volume =	 39,
  Year =	 2012
}

@article{Bernstein1978,
  Author =	 {Bernstein, Frances C. and Koetzle, Thomas F. and
                  Williams, Graheme J.B. and Meyer, Edgar F. and
                  Brice, Michael D. and Rodgers, John R. and Kennard,
                  Olga and Shimanouchi, Takehiko and Tasumi, Mitsuo},
  Journal =	 {Archives of Biochemistry and Biophysics},
  number =	 2,
  Pages =	 {584--591},
  Title =	 {The {P}rotein {D}ata {B}ank: A computer-based archival
                  file for macromolecular structures},
  Volume =	 185,
  Year =	 1978
}

@article{Boman2003,
  Author =	 {Boman, H G},
  Journal =	 {Journal of Internal Medicine},
  number =	 3,
  Pages =	 {197--215},
  Title =	 {Antibacterial peptides: Basic facts and emerging
                  concepts},
  Volume =	 254,
  Year =	 2003
}

@InCollection{seqinr,
  author =	 {D. Charif and J.R. Lobry},
  title =	 {Seqin{R} 1.0-2: a contributed package to the {R}
                  project for statistical computing devoted to
                  biological sequences retrieval and analysis.},
  booktitle =	 {Structural approaches to sequence evolution:
                  Molecules, networks, populations},
  year =	 2007,
  editor =	 {U. Bastolla and M. Porto and H.E. Roman and M.
                  Vendruscolo},
  series =	 {Biological and Medical Physics, Biomedical
                  Engineering},
  pages =	 {207--232},
  address =	 {New York},
  publisher =	 {Springer Verlag},
}

@article{Eisenberg1984,
  Author =	 {Eisenberg, David},
  Journal =	 {Annual Review of Biochemistry},
  Pages =	 {595--623},
  Title =	 {Three-dimensional structure of membrane and surface
                  proteins},
  Volume =	 53,
  Year =	 1984
}

@article{EisenbergNature1982,
  Author =	 {Eisenberg, David and Weiss, Robert M. and
                  Terwilliger, Thomas C.},
  Journal =	 {Nature},
  number =	 5881,
  Pages =	 {371--374},
  Title =	 {The helical hydrophobic moment: A measure of the
                  amphiphilicity of a helix},
  Volume =	 299,
  Year =	 1982
}

@article{Fjell2012,
  Author =	 {Fjell, Christopher D and Hiss, Jan and Hancock,
                  Robert E W and Schneider, Gisbert},
  Journal =	 {Nature Reviews. Drug Discovery},
  number =	 1,
  Pages =	 {37--51},
  Title =	 {Designing antimicrobial peptides: Form follows
                  function},
  Volume =	 11,
  Year =	 2012
}

@incollection{Gasteiger2005,
  Title =	 {Protein identification and analysis tools on the
                  {ExPASy} server},
  Author =	 {Gasteiger, Elisabeth and Hoogland, Christine and
                  Gattiker, Alexandre and Wilkins, Marc R and Appel,
                  Ron D and Bairoch, Amos and others},
  Booktitle =	 {The Proteomics Protocols Handbook},
  Pages =	 {571--607},
  Year =	 2005,
  Publisher =	 {Springer}
}

@article{Monincova2012,
  Title =	 {Lasiocepsin, A novel cyclic antimicrobial peptide
                  from the venom of eusocial bee {L}asioglossum laticeps
                  ({H}ymenoptera: {H}alictidae)},
  Author =	 {Monincov{\'a}, Lenka and Slaninov{\'a}, Ji{\v{r}}ina
                  and Fu{\v{c}}{\'\i}k, Vladim{\'\i}r and Hovorka,
                  Old{\v{r}}ich and Voburka, Zden{\v{e}}k and
                  Bedn{\'a}rov{\'a}, Lucie and Malo{\v{n}}, Petr and
                  {\v{S}}tokrov{\'a}, Jitka and
                  {\v{C}}e{\v{r}}ovsk{\`y}, V{\'a}clav},
  Journal =	 {Amino Acids},
  Volume =	 43,
  number =	 2,
  Pages =	 {751--761},
  Year =	 2012,
  Publisher =	 {Springer}
}

@article{Guruprasad1990,
  Author =	 {Guruprasad, K and Reddy, B V and Pandit, M W},
  Journal =	 {Protein Engineering},
  number =	 2,
  Pages =	 {155--61},
  Title =	 {Correlation between stability of a protein and its
                  dipeptide composition: A novel approach for
                  predicting in vivo stability of a protein from its
                  primary sequence},
  Volume =	 4,
  Year =	 1990
}

@article{Hancock2001,
  Author =	 {Hancock, Robert E W},
  Journal =	 {The Lancet. Infectious Diseases},
  number =	 3,
  Pages =	 {153--164},
  Title =	 {Cationic peptides: Effectors in innate immunity and
                  novel antimicrobials},
  Volume =	 1,
  Year =	 2001
}

@article{Ikai1980,
  Author =	 {Ikai, A},
  Journal =	 {Journal of Biochemistry},
  number =	 6,
  Pages =	 {1895--1898},
  Title =	 {Thermostability and aliphatic index of globular
                  proteins},
  Volume =	 88,
  Year =	 1980
}

@article{Kim2013,
  Author =	 {Kim, Hyun and Jang, Ju Hye and Kim, Sun Chang and
                  Cho, Ju Hyun},
  Journal =	 {The Journal of Antimicrobial Chemotherapy},
  Pages =	 {1--12},
  volume =	 69,
  number =	 1,
  Title =	 {De novo generation of short antimicrobial peptides
                  with enhanced stability and cell specificity},
  Year =	 2013
}

@article{Kyte1982,
  Author =	 {Kyte, J and Doolittle, R F},
  Journal =	 {Journal of Molecular Biology},
  number =	 1,
  Pages =	 {105--132},
  Title =	 {A simple method for displaying the hydropathic
                  character of a protein},
  Volume =	 157,
  Year =	 1982
}

@article{Matsuzaki2009,
  Author =	 {Matsuzaki, Katsumi},
  Journal =	 {Biochimica et Biophysica Acta},
  number =	 8,
  Pages =	 {1687--1692},
  Title =	 {Control of cell selectivity of antimicrobial
                  peptides},
  Volume =	 1788,
  Year =	 2009
}

@article{Rice2000,
  Author =	 {Rice, Peter and Longden, Ian and Bleasby, Alan},
  Journal =	 {Trends in Genetics},
  number =	 6,
  Pages =	 {276--277},
  Title =	 {{EMBOSS: The European Molecular Biology Open
                  Software Suite}},
  Volume =	 16,
  Year =	 2000
}

@article{Stajich2002,
  Title =	 {The {B}ioperl toolkit: {P}erl modules for the life
                  sciences},
  Author =	 {Stajich, Jason E and Block, David and Boulez, Kris
                  and Brenner, Steven E and Chervitz, Stephen A and
                  Dagdigian, Chris and Fuellen, Georg and Gilbert,
                  James GR and Korf, Ian and Lapp, Hilmar and others},
  Journal =	 {Genome Research},
  Volume =	 12,
  number =	 10,
  Pages =	 {1611--1618},
  Year =	 2002,
  Publisher =	 {Cold Spring Harbor Lab}
}

@article{Thomas2010,
  Author =	 {Thomas, Shaini and Karnik, Shreyas and Barai, Ram
                  Shankar and Jayaraman, V K and Idicula-Thomas,
                  Susan},
  Journal =	 {Nucleic Acids Research},
  Pages =	 {D774--780},
  Title =	 {{CAMP}: A useful resource for research on
                  antimicrobial peptides},
  Volume =	 38,
  Year =	 2010
}

@article{Torrent2011,
  Title =	 {Connecting peptide physicochemical and antimicrobial
                  properties by a rational prediction model},
  Author =	 {Torrent, Marc and Andreu, David and Nogu{\'e}s,
                  Vict{\`o}ria M and Boix, Ester},
  Journal =	 {PLoS ONE},
  Volume =	 6,
  number =	 2,
  Pages =	 {e16968},
  Year =	 2011,
  Publisher =	 {Public Library of Science}
}

@article{Wang2009,
  Author =	 {Wang, Guangshun and Li, Xia and Wang, Zhe},
  Journal =	 {Nucleic Acids Research},
  Pages =	 {D933--937},
  Title =	 {{APD2}: The updated antimicrobial peptide database
                  and its application in peptide design},
  Volume =	 37,
  Year =	 2009
}

@article{Yeaman2003,
  Author =	 {Yeaman, Michael R and Yount, Nannette Y},
  Journal =	 {Pharmacological Reviews},
  number =	 1,
  Pages =	 {27--55},
  Title =	 {Mechanisms of antimicrobial peptide action and
                  resistance},
  Volume =	 55,
  Year =	 2003
}

@article{Huang2003,
  title =	 {A conformational flexibility scale for amino acids
                  in peptides},
  author =	 {Huang, Fang and Nau, Werner M},
  journal =	 {Angewandte Chemie},
  volume =	 115,
  number =	 20,
  pages =	 {2371--2374},
  year =	 2003,
}

@article{MLP,
  title =	 {Molecular lipophilicity potential, a tool in {3D}
                  {QSAR}: Method and applications},
  author =	 {Gaillard, Patrick and Carrupt, Pierre-Alain and
                  Testa, Bernard and Boudon, Alain},
  journal =	 {Journal of Computer-Aided Molecular Design},
  volume =	 8,
  number =	 2,
  pages =	 {83--96},
  year =	 1994,
}

@article{CPP,
  title =	 {{CPPpred}: Prediction of cell penetrating peptides},
  author =	 {Holton, Th{\'e}r{\`e}se A and Pollastri, Gianluca
                  and Shields, Denis C and Mooney, Catherine},
  journal =	 {Bioinformatics},
  volume =	 29,
  number =	 23,
  pages =	 {3094--3096},
  year =	 2013,
}

@article{DG,
  title =	 {Molecular code for transmembrane-helix recognition
                  by the {Sec61} translocon},
  author =	 {Hessa, Tara and Meindl-Beinker, Nadja M and Bernsel,
                  Andreas and Kim, Hyun and Sato, Yoko and
                  Lerch-Bader, Mirjam and Nilsson, IngMarie and White,
                  Stephen H and von Heijne, Gunnar},
  journal =	 {Nature},
  volume =	 450,
  number =	 7172,
  pages =	 {1026--1030},
  year =	 2007,
}


