@article{yan2002geepack,
  title={{geepack}: Yet Another {R} package for Generalized Estimating Equations},
  author={Jun, Yan},
  journal={R-News},
  volume={2},
  number={3},
  pages={12--14},
  year={2002}
}

@article{vdltmle,
  title={Targeted estimation of nuisance parameters to obtain valid statistical inference.},
  author={van der Laan, Mark},
  journal={The International Journal of Biostatistics},
  volume={10},
  number={1},
  pages={29--57},
  year={2014}
}



@Manual{geepackpkg,
  title={{geepack}: Generalized Estimating Equations Package},
  author={H{\o}jsgaard, S{\o}ren and Halekoh, Rich},
    year = {2016},
    note = {{R} package version 1.2-0.1},
    url = {http://CRAN.R-project.org/package=geepack},
}


@Manual{geesmvpkg,
    title = {{geesmv}: Modified Variance Estimators for Generalized Estimating
Equations},
    author = {Wang, Ming},
    year = {2015},
    note = {{R} package version 1.3},
    url = {http://CRAN.R-project.org/package=geesmv},
  }

@Manual{numDerivpkg,
    title = {{numDeriv}: Accurate Numerical Derivatives},
    author = {Gilbert, Paul and Varadhan, Ravi},
    year = {2015},
    note = {{R} package version 2014.2.1},
    url = {http://CRAN.R-project.org/package=numDeriv},
  }

@Manual{geeMpkg,
    title = {{geeM}: Solve Generalized Estimating Equations},
    author = {McDaniel, Lee S. and Henderson, Nick},
    year = {2015},
    note = {{R} package version 0.7.4},
    url = {http://CRAN.R-project.org/package=geeM},
  }

@Manual{carey2012gee,
  title={{gee}: Generalized Estimation Equation Solver},
  author={Carey, Vincent J and Lumley, T and Ripley, BD},
  url={http://CRAN.R-project.org/package=gee},
  note ={{R} package version 4.13-19},
  year={2012}
}

@article{fay2001small,
  title={Small-Sample Adjustments for {W}ald-Type Tests Using Sandwich Estimators},
  author={Fay, Michael P and Graubard, Barry I},
  journal={Biometrics},
  volume={57},
  number={4},
  pages={1198--1206},
  year={2001},
  publisher={Wiley Online Library}
}

@article{glynn2010introduction,
  title={An introduction to the Augmented Inverse Propensity Weighted Estimator},
  author={Glynn, Adam N and Quinn, Kevin M},
  journal={Political Analysis},
  volume={18},
  number={1},
  pages={36--56},
  year={2010},
  publisher={SPM-PMSAPSA}
}

@article{databaseGuiteras,
	Author = {Guiteras, Raymond and Levinsohn, James and Mobarak, Mushfiq},
	Date-Added = {2015-12-02 19:44:57 +0000},
	Date-Modified = {2015-12-02 19:44:57 +0000},
	Doi = {doi/10.7910/DVN/GJDUTV},
	Journal = {Harvard Dataverse; online data},
        pages={},
	Title = {Encouraging Sanitation Investment in the Developing World: A Cluster-Randomized Trial},
	Ty = {DBASE},
	Url = {http://dx.doi.org/10.7910/DVN/GJDUTV},
	Year = {2015},
	Bdsk-Url-1 = {http://dx.doi.org/10.7910/DVN/GJDUTV}}

@article{guiteras2015encouraging,
  title={Encouraging Sanitation Investment in the Developing World: a Cluster-Randomized Trial},
  author={Guiteras, Raymond and Levinsohn, James and Mobarak, Ahmed Mushfiq},
  journal={Science},
  volume={348},
  number={6237},
  pages={903--906},
  year={2015},
  publisher={American Association for the Advancement of Science}
}

@article{halekoh2006r,
  title={The {R} Package {geepack} for Generalized Estimating Equations},
  author={Halekoh, U. and H{\o}jsgaard, S. and Yan, J.},
  journal={Journal of Statistical Software},
  volume={15},
  number={2},
  pages={1--11},
  year={2006}
}

@article{lin2015sas,
  title={Weighted Methods for Analyzing Missing Data with the \code{GEE Procedure}},
  author={Lin, Guinean and Rodriguez, Robert and SAS, Institute Inc},
  journal={Proceedings of SAS Global Forum},
  volume={Washington DC},
  number={2014 March 23th-26th},
  pages={paper 166},
  year={2015},
}


@article{mcdaniel2013fast,
  title={Fast Pure {R} Implementation of GEE: Application of the {Matrix} Package},
  author={McDaniel, Lee S and Henderson, Nicholas C and Rathouz, Paul J},
  journal={The {R} journal},
  volume={5},
  number={1},
  pages={181},
  year={2013},
  publisher={NIH Public Access}
}


@article{porter2011relative,
  title={The Relative Performance of Targeted Maximum Likelihood Estimators},
  author={Porter, Kristin E and Gruber, Susan and van der Laan, Mark J and Sekhon, Jasjeet S},
  journal={The International Journal of Biostatistics},
  volume={7},
  number={1},
  pages={1--34},
  year={2011}
}

@article{prague2015drgee,
  title={Accounting for Interactions and Complex Inter-Subject Dependency for Estimating Treatment Effect in Cluster Randomized Trials with Missing at Random Outcomes},
  author={Prague, M and Wang, R and Stephens, A and Tchetgen Tchetgen, E and De gruttola, V},
  journal={Biometrics},
  volume={72},
  number={4},
  pages={1066â€“1077},
  year={2016}
}


@Manual{R2015,
  title = {{R}: A Language and Environment for Statistical Computing},
  author = {{{R} Core Team}},
  organization = {{R} Foundation for Statistical Computing},
  address = {Vienna, Austria},
  year = {2015},
  url = {http://www.R-project.org/},
}

@article{robins1995analysis,
  title={Analysis of Semiparametric Regression Models for Repeated Outcomes in the Presence of Missing Data},
  author={Robins, James M and Rotnitzky, Andrea and Zhao, Lue Ping},
  journal={Journal of the American Statistical Association},
  volume={90},
  number={429},
  pages={106--121},
  year={1995},
  publisher={Taylor \& Francis Group}
}

@article{robins1999estimation,
  title={Estimation of the Causal Effect of a Time-Varying Exposure on the Marginal Mean of a Repeated Binary Outcome},
  author={Robins, James M and Greenland, Sander and Hu, Fu-Chang},
  journal={Journal of the American Statistical Association},
  volume={94},
  number={447},
  pages={687--700},
  year={1999},
  publisher={Taylor \& Francis Group}
}

@Manual{SASSTAT132,
  author  = {{{SAS} Institute Inc.}},
  title   = {{SAS/STAT} Software, Version~13.2},
  year    = {2015},
  address = {Cary, NC},
  url     = {http://www.sas.com/}
}

@article{stephens2012augmented,
  title={Augmented Generalized Estimating Equations for Improving Efficiency and Validity of Estimation in Cluster Randomized Trials by Leveraging Cluster-Level and Individual-Level Covariates},
  author={Stephens, Alisa J and Tchetgen Tchetgen, Eric J and DeGruttola, Victor},
  journal={Statistics in medicine},
  volume={31},
  number={10},
  pages={915--930},
  year={2012},
  publisher={Wiley Online Library}
}

@article{tchetgen2012cautionary,
  title={A Cautionary Note on Specification of the Correlation Structure in Inverse-Probability-Weighted Estimation for Repeated Measures},
  author={Tchetgen Tchetgen, Eric J and Glymour, M Maria and Weuve, Jennifer and Robins, James},
  journal={Epidemiology},
  volume={23},
  number={4},
  pages={644--646},
  year={2012},
}

@article{van2010targeted,
  title={Targeted Maximum Likelihood based Causal Inference: Part I},
  author={van der Laan, Mark J},
  journal={The International Journal of Biostatistics},
  pages={189-303},
  volume={6},
  number={2},
  year={2010}
}


@article{van2011ipw,
  title={{ipw}: an {R} Package for Inverse Probability Weighting},
  author={van der Wal, Willem M and Geskus, Ronald B},
  journal={Journal of Statistical Software},
  volume={43},
  number={13},
  pages={1--23},
  year={2011},
  publisher={American Statistical Association}
}

@article{wang2011weighting,
  title={A Weighting Approach for GEE Analysis with Missing Data},
  author={Wang, Cuiling and Paik, Myunghee Cho},
  journal={Communications in Statistics-Theory and Methods},
  volume={40},
  number={13},
  pages={2397--2411},
  year={2011},
  publisher={Taylor \& Francis}
}

@article{zeger1986longitudinal,
  title={Longitudinal Data Analysis for Discrete and Continuous Outcomes},
  author={Zeger, Scott L and Liang, Kung-Yee},
  journal={Biometrics},
  volume={42},
  number={1},
  pages={121--130},
  year={1986},
  publisher={JSTOR}
}

 @Manual{drgeepkg,
    title = {{drgee}: Doubly Robust Generalized Estimating Equations},
    author = {Zetterqvist, Johan and Sj{\"o}lander, Arvid},
    year = {2015},
    note = {{R} package version 1.1.3},
    url = {http://CRAN.R-project.org/package=drgee},
  }


@article{zhang2008improving,
  title={Improving Efficiency of Inferences in Randomized Clinical Trials using Auxiliary Covariates},
  author={Zhang, Min and Tsiatis, Anastasios A and Davidian, Marie},
  journal={Biometrics},
  volume={64},
  number={3},
  pages={707--715},
  year={2008},
  publisher={Wiley Online Library}
}



  @Manual{causalgampkg,
    title = {{CausalGAM}: Estimation of Causal Effects with Generalized Additive Models},
    author = {Glynn, Adam and Quinn, Kevin},
    year = {2010},
    note = {{R} package version 0.1-3},
    url = {http://CRAN.R-project.org/package=CausalGAM},
  }


  @Article{tmlepkgart,
    title = {{tmle}: An {R} Package for  Targeted Maximum Likelihood Estimation},
    author = {Gruber, Susan and {van der Laan}, Mark J.},
    journal = {Journal of Statistical Software},
    year = {2012},
    volume = {51},
    number = {13},
    pages = {1--35},
    url = {http://www.jstatsoft.org/v51/i13/},
  }

  @Manual{tmlepkg,
    title = {{tmle}: Targeted Maximum Likelihood Estimation},
    author = {Gruber, Susan},
    year = {2014},
    note = {{R} package version 1.2.0-4},
    url = {http://CRAN.R-project.org/package=tmle},
  }

  @Manual{ipwpkg,
    title = {{ipw}: Estimate Inverse Probability Weights},
    author = {Geskus, Ronald B and van der Wal, Willem M},
    year = {2015},
    note = {{R} package version 1.0-11},
    url = {http://CRAN.R-project.org/package=ipw},
  }

  @Manual{citationpackreviewer,
    title = {{tmlenet}: Targeted Maximum Likelihood Estimation for Network Data},
    author = {Sofrygin, O and van der Laan, M.J.},
    year = {2015},
    note = {{R} package version 0.1-0},
    url = {http://CRAN.R-project.org/package= tmlenet},
  }

@article{citationtmlereviewer,
  title={Causal inference for a population of causally connected units},
  author={van der Laan, M.J.},
  journal={Journal Causal Inference},
  volume={2},
  number={1},
  pages={1374â€“1380},
  year={2014},
  publisher={}
}
