@Manual{rgdal,
    title = {{rgdal}: Bindings for the {Geospatial} {Data} {Abstraction} {Library}},
    author = {Bivand, Roger and Keitt, Tim and Rowlingson, Barry},
    year = {2017},
    note = {{R} package version 1.2-10},
    url = {https://CRAN.R-project.org/package=rgdal},
  }

@Manual{maptools,
    title = {{maptools}: Tools for Reading and Handling Spatial Objects},
    author = {Bivand, Roger and Lewin-Koh, Nicholas},
    year = {2017},
    note = {{R} package version 0.9-2},
    url = {https://CRAN.R-project.org/package=maptools},
  }
  
@Manual{raster,
    title = {{raster}: Geographic Data Analysis and Modeling},
    author = {Robert J. Hijmans},
    year = {2016},
    note = {{R} package version 2.5-8},
    url = {https://CRAN.R-project.org/package=raster},
  }
  
@Manual{RPostgreSQL,
    title = {{RPostgreSQL}: {R} interface to the {PostgreSQL} database system},
    author = {Conway, Joe and Eddelbuettel, Dirk and Nishiyama, Tomoaki and Prayaga, Sameer Kumar and Tiffin, Neil},
    year = {2017},
    note = {{R} package version 0.6-2},
    url = {https://CRAN.R-project.org/package=RPostgreSQL},
  }

@Manual{rpostgis,
    title = {{rpostgis}: {R} Interface to a '{PostGIS}' Database},
    author = {Basille, Mathieu and Bucklin, David},
    year = {2017},
    note = {{R} package version 1.4.0},
    url = {https://CRAN.R-project.org/package=rpostgis},
  }
  
@Manual{DBI,
    title = {{DBI}: {R} Database Interface},
    author = {{R Special Interest Group on Databases (R-SIG-DB)} and Wickham, Hadley and Müller, Kirill},
    year = {2017},
    note = {{R} package version 0.7},
    url = {https://CRAN.R-project.org/package=DBI},
  }
  
@Manual{rpostgisLT,
    title = {{rpostgisLT}: Managing Animal Movement Data with '{PostGIS}' and {R}},
    author = {Dukai, Balázs and Basille, Mathieu and Bucklin, David and Calenge, Clément},
    year = {2017},
    note = {{R} package version 0.5.0},
    url = {https://CRAN.R-project.org/package=rpostgisLT},
  }
  
@Article{adehabitatLT,
    title = {The package {adehabitat} for the {R} software: 
         tool for the analysis of space and habitat use by animals},
    journal = {Ecological Modelling},
    volume = {197},
    pages = {1035},
    year = {2006},
    author = {Calenge, Clément},
    url = {https://doi.org/10.1016/j.ecolmodel.2006.03.017}
  }
  
@misc{arcgis,
  author = {{ESRI}},
  title = {{ArcGIS} Desktop},
  year = {2017},
  url = {https://www.arcgis.com}
}

@misc{PostgreSQL,
  author = {{The PostgreSQL Global Development Group}},
  title = {{PostgreSQL}},
  year = {2017},
  url = {https://www.postgresql.org}
}

@misc{postgis,
  author = {{PostGIS Project Steering Committee}},
  title = {{PostGIS}},
  year = {2017},
  url = {https://postgis.net}
}

@Manual{QGIS,
    title = {{QGIS} {Geographic} {Information} {System}},
    author = {{QGIS Development Team}},
    organization = {{Open Source Geospatial Foundation}},
    year = {2017},
    url = {http://qgis.osgeo.org},
  }
  
@Article{sp,
    author = {Pebesma, Edzer J. and Bivand, Roger S.},
    title = {Classes and methods for spatial data in {R}},
    journal = {R News},
    year = {2005},
    volume = {5},
    number = {2},
    pages = {9--13},
    month = {November},
    url = {https://CRAN.R-project.org/doc/Rnews/},
  }

@Manual{rgeos,
    title = {{rgeos}: Interface to {Geometry Engine - Open Source (GEOS)}},
    author = {Bivand, Roger and Rundel, Colin},
    year = {2017},
    note = {{R} package version 0.3-23},
    url = {https://CRAN.R-project.org/package=rgeos},
  }
  
@Manual{wkb,
    title = {{wkb}: Convert Between Spatial Objects and {Well}-{Known} {Binary} Geometry},
    author = {{TIBCO Software Inc.}},
    year = {2016},
    note = {{R} package version 0.3-0},
    url = {https://CRAN.R-project.org/package=wkb},
  }
  
@Manual{sf,
    title = {{sf}: {Simple} {Features} for {R}},
    author = {Pebesma, Edzer},
    year = {2017},
    note = {{R} package version 0.5-5},
    url = {https://CRAN.R-project.org/package=sf},
  }
