@book{GDPRIP,
author = {N.~{Marks}},
title = {{GDP RIP (-2010)}},
publisher = {Significance 7(1): .Published Online: 23 Feb},
pages = {27--30},
year = {2010},
url = {http://www3.interscience.wiley.com/cgi-bin/fulltext/123300797/PDFSTART}
}
@book{OurDumbWorld,
author = {{The Onion}},
title = {{Our Dumb World: The Onion's Atlas of the Planet Earth}},
publisher = {Little Brown and Company  :  0 7528 9120 0},
year = {2007},
url = {http://www.theonion.com/},
isbn = {978}
}





