% put bibtex entries here!

@article{cal2006,
  author = {Tadeusz Caliński and Mirosław Krzyśko and Waldemar WOłyński},
  title = {A Comparison of Some Tests for Determining the Number of Nonzero Canonical Correlations},
  year = {2006},
  journal = {Communications in Statistics - Simulation and Computation},
  url = {https://doi.org/10.1080/03610910600716290}
}

@Book{hair2013,
  title={Multivariate data analysis},
  author={Hair, Joseph F and Black, William C and Babin, Barry J and Anderson, Rolph E},
  year={2019},
  publisher={Cengage Learning EMEA},
  url = {https://www.cengage.com/c/multivariate-data-analysis-8e-hair-babin-anderson-black/9781473756540/},
  }


@article{git2012,
  title={Canonical analysis: a review with applications in ecology},
  author={Gittins, Robert},
  year={2012},
  publisher={Springer Science and Business Media},
  url = {https://link.springer.com/book/10.1007/978-3-642-69878-1}
}

@article{clark1975,
  title={Understanding canonical correlation analysis},
  author={Clark, David},
  journal={Norwich: Geo Abstracts Ltd},
  year={1975},
  url = {https://www.qmrg.org.uk/catmog/index.html}
}

@article{bor1991,
  author = {R Borland and N Owen and D Hill and P Schofield},
  title = {Predicting Attempts and Sustained Cessation of Smoking after the Introduction of Workplace Smoking Bans},
  year = {1991},
  journal = {Health Psychology},
  url = {https://doi.org/10.1037//0278-6133.10.5.336}
}

@article{morris2018,
  author = {DH Morris and AK Davis and KJ Lauritsen and CM Rieth and MM Silvestri and JJ Winters and ST CHermack},
  title = {Substance Use Consequences, Mental Health Problems, and Readiness to Change among Veterans Seeking Substance Use Treatment},
  year = {2018},
  journal = {Journal of Substance Abuse Treatment},
  url = {https://doi.org/10.1016/j.jsat.2018.08.005}
}

@article{deleo2013,
  author = {JA De Leo and E Wulfert},
  title = {Problematic Internet Use and Other Risky Behaviors in College Students: An Application of Problem-Behavior Theory},
  year = {2013},
  journal = {Psychol Addict Behav.},
  url = {https://doi.org/10.1037/a0030823}
}

@article{zhuang2020,
  author = {X Zhuang and Z Yang},
  title = {A technical review of canonical correlation analysis for neuroscience applications},
  year = {2020},
  journal = {Hum Brain Mapp},
  url = {https://doi.org/10.1002/hbm.25090}
}

@article{correa2008,
  author = {NM Correa and YO Li and T Adali and VD Calhoun},
  title = {Canonical Correlation Analysis for Feature-Based Fusion of Biomedical Imaging Modalities and Its Application to Detection of Associative Networks in Schizophrenia},
  year = {2008},
  journal = {IEEE Journal of Selected Topics in Signal Processing},
  url = {https://doi.org/10.1109/JSTSP.2008.2008265}
}

@Book{statsoft1997,
    author = {T Hill and P Lewicki},
    title = {Electronic Statistics Textbook},
    publisher = {StatSoft Inc.},
    year = {1997},
    url = {https://statsoft.com}
}

@Book{boedeker2020,
    author = {P Boedeker and R Henson},
    title = {Canonical Correlation Analysis},
    publisher = {SAGE Publications Ltd},
    year = {2020},
    url = {https://doi.org/10.4135/9781526421036883301}
}

@article{hot1936,
  author = {H Hotelling},
  title = {Relations between Two Sets of Variates},
  year = {1936},
  journal = {Biometrika},
  url = {https://doi.org/10.1093/biomet/28.3-4.321}
}

@article{hardoon2011,
  author = {D Hardoon and J Shawe-Taylor},
  title = {Sparse Canonical Correlation Analysis},
  year = {2011},
  journal = {Machine Learning},
  url = {https://doi.org/10.1007/s10994-010-5222-7}
}

@article{trav2014,
  author = {F Travis and Y Lagrosen},
  title = {Creativity and Brain-Functioning in Product Development Engineers: A Canonical Correlation Analysis},
  year = {2014},
  journal = {Creativity Research Journal},
  url = {https://doi.org/10.1080/10400419.2014.901096}
}

@article{stow1980,
  author = {JD Stowe and CJ Watson and TD Robertson},
  title = {Relationships between the Two Sides of the Balance Sheet: A Canonical Correlation Analysis},
  year = {1980},
  journal = {Journal of Finance},
  url = {https://doi.org/10.2307/2327214}
}

@article{mered1964,
  author = {W Meredith},
  title = {Canonical Correlations with Fallible Data},
  year = {1964},
  journal = {Psychometrika},
  url = {https://doi.org/10.1007/BF02289567}
}

@article{hahsvaughn2011,
    author = {Hahs-Vaughn, DL and McWayne, CM and Bulotsky-Shearer, RJ and Wen, X and  Faria, AM},
    title = {Methodological considerations in using complex survey data: an applied example with the Head Start Family and Child Experiences Survey},
    journal = {Evaluation Review},
    year = 2011,
    doi = {https://doi.org/10.1177/0193841X11412071}
}

@inproceedings{Nelson2020SURVEYCORRCOVMC,
  title={\%SURVEYCORRCOV Macro: Complex Survey Data Correlations for Multivariate Analysis and Model Building},
  author={David R. Nelson and Siew Hoong Wong-Jacobson and Eli Lilly and Company},
  year={2020},
  url={https://api.semanticscholar.org/CorpusID:215747405}
}

@article{johnstone2009,
  title={Approximate null distribution of the largest root in multivariate analysis},
  author={Johnstone, Iain M},
  journal={The annals of applied statistics},
  volume={3},
  number={4},
  pages={1616},
  year={2009},
  url = {https://doi.org/10.1214/08-AOAS220}
}

@article{killip2004,
  title={What is an intracluster correlation coefficient? Crucial concepts for primary care researchers},
  author={Killip, Shersten and Mahfoud, Ziyad and Pearce, Kevin},
  journal={The Annals of Family Medicine},
  volume={2},
  number={3},
  pages={204--208},
  year={2004},
  publisher={The Annals of Family Medicine},
  url = {https://doi.org/10.1370/afm.141}
}

@article{lumley2004,
  title={Analysis of complex survey samples},
  author={Lumley, Thomas},
  journal={Journal of statistical software},
  volume={9},
  pages={1--19},
  year={2004},
  url = {https://doi.org/10.18637/jss.v009.i08}
}

@book{lewis2016,
  title={Complex survey data analysis with SAS},
  author={Lewis, Taylor H},
  year={2016},
  publisher={Chapman and Hall/CRC},
  url = {https://doi.org/10.1201/9781315366906}
}

@article{holt1980,
  title={Regression analysis of data from complex surveys},
  author={Holt, DSTMFW and Smith, TMF and Winter, PD},
  journal={Journal of the Royal Statistical Society: Series A (General)},
  volume={143},
  number={4},
  pages={474--487},
  year={1980},
  publisher={Wiley Online Library},
  url = {https://doi.org/10.2307/2982065}
}

@article{winship1994,
  title={Sampling weights and regression analysis},
  author={Winship, Christopher and Radbill, Larry},
  journal={Sociological Methods \& Research},
  volume={23},
  number={2},
  pages={230--257},
  year={1994},
  publisher={SAGE PERIODICALS PRESS},
  url = {https://doi.org/10.1177/0049124194023002004}
}

@article{amies2022,
    author = {Amies-Cull, B and Wolstenholme, J and Cobiac, L and Scarborough, P},
    title = {Estimating BMI distributions by age and sex for local authorities in England: a small area estimation study},
    journal = {BMJ Open},
    year = {2022},
    url = {https://doi.org/10.1136/bmjopen-2022-060892}
}

@article{cruz2014,
    author = {Cruz-Cano, R and Lee, M-LT},
    title = {Fast Regularized Canonical Correlation Analysis},
    journal = {Computational Statistics and Data Analysis},
    year = {2014},
    url = {https://doi.org/10.1016/j.csda.2013.09.020}
}

@article{garcia2009,
    author = {Garcia Villar, J and Quintana-Domeque, C},
    title = {Income and body mass index in Europe},
    journal = {Economics and Human Biology},
    year = {2009},
    url = {https://doi.org/10.1016/j.ehb.2009.01.006}
}

@article{jarrett2009,
    author = {Jarrett, B and Bloch, GJ and Bennett, D and Bleazard, B and Hedges, D},
    title = {The influence of body mass index, age and gender on current illness: a cross-sectional study},
    journal = {International Journal of Obesity},
    year = {2009},
    url = {https://doi.org/10.1038/ijo.2009.258}
}

@book{stata2018,
    author = {StataCorp},
    title = {Stata Statistical Software: Release 18},
    publisher = {Stata Press},
    year = {2023},
    url = {https://www.stata-press.com/manuals/documentation-set}
}

@article{sun2022,
    author = {Sun, J-Y and Huang, WJ and Hua, Y and Qu, Q and Cheng, C and Liu,  HL and Kong, XQ and Ma, YX and Sun, W},
    title = {Trends in general and abdominal obesity in US adults: Evidence from the National Health and Nutrition Examination Survey (2001–2018)},
    journal = {Frontiers in Public Health},
    year = {2022},
    url = {https://doi.org/10.3389/fpubh.2022.925293}
}

@book{val2018,
    author = {Valliant, R. and Dever, JA.},
    title = {Survey Weights: A Step-by-Step Guide to Calculation},
    publisher = {Stata Press},
    year = {2018},
    url = {https://www.stata-press.com/books/survey-weights}
}

@article{yang2021,
    author = {Yang, YC and Walsh, CE and Johnson, MP and Belsky, DW and Reason, M and Curran, P and Aiello, AE and Chanti-Ketterl, M and Harris, KM},
    title = {Life-course trajectories of body mass index from adolescence to old age: Racial and educational disparities},
    journal = {Proc Natl Acad Sci},
    year = {2021},
    doi = {10.1073/pnas.2020167118}
}

@book{sas2012,
    author = {SAS},
    title = {Survey Weights: A Step-by-Step Guide to Calculation},
    publisher = {SAS Institute Inc.},
    year = {2012},
    url = {https://documentation.sas.com/doc/en/pgmsascdc/9.4_3.4/statug/statug_cancorr_toc.htm}
}

@book{stata2023,
    author = {StataCorp},
    title = {Stata 18 Multivariate Statistics Reference Manual},
    publisher = {Stata Press},
    year = {2023},
    url = {https://www.stata.com/manuals/mvcanon.pdf}
}