
 @Book{lattice,
    title = {Lattice: Multivariate Data Visualization with {R}},
    author = {Deepayan Sarkar},
    publisher = {Springer},
    address = {New York},
    year = {2008},
    note = {ISBN 978-0-387-75968-5},
    url = {http://lmdvr.r-forge.r-project.org},
  }

@BOOK{Murrell201106,
title={R Graphics},
author={Paul Murrell},
publisher={CRC Press},
year={2011},
month={6},
edition={2},
isbn={9781439831762},
totalpages={546},
timestamp={2013.08.25},
}

@article{RJournal:Theussl+Zeileis:2009,
  author = {Stefan Theu\ss{}l and Achim Zeileis},
  title = {{Collaborative Software Development Using R-Forge}},
  journal = {The R Journal},
  year = 2009,
  volume = 1,
  number = 1,
  pages = {9--14},
  month = {May},
  url = {http://journal.r-project.org/2009-1/RJournal_2009-1_Theussl+Zeileis.pdf}
}

  @techreport{grid-custom-tech-report,
    author =  {Paul Murrell},
    title = {Writing grid Extensions},
    institution = {Department of Statistics, The University of Auckland},
    year = {2012},
    number = {2012-9},
    address = {http://stattech.wordpress.fos.auckland.ac.nz/2012-9-writing-grid-extensions/}
}

  @Book{ggplot,
    author = {Hadley Wickham},
    title = {ggplot2: Elegant graphics for data analysis},
    publisher = {Springer New York},
    year = {2009},
    isbn = {978-0-387-98140-6},
    url = {http://had.co.nz/ggplot2/book},
  }

 @Manual{gtable,
    title = {gtable: Arrange grobs in tables.},
    author = {Hadley Wickham},
    year = {2012},
    note = {R package version 0.1.2},
    url = {http://CRAN.R-project.org/package=gtable},
  }

  @Article{grimport,
    title = {Importing Vector Graphics: The {grImport} Package for {R}},
    author = {Paul Murrell},
    journal = {Journal of Statistical Software},
    year = {2009},
    volume = {30},
    number = {4},
    pages = {1--37},
    url = {http://www.jstatsoft.org/v30/i04/},
  }

  @Manual{gridgraph,
    title = {{gridGraphviz}: Drawing graphs with grid},
    author = {Paul Murrell},
year ={2013},
    note = {R package version 0.2},
    url = {http://CRAN.R-project.org/package=gridGraphviz},
  }

  @Manual{gridsvg,
    title = {gridSVG: Export grid graphics as SVG},
    author = {Paul Murrell and Simon Potter},
    year = {2013},
    note = {R package version 1.3-0},
  }
  @Manual{gridextra,
    title = {gridExtra: Functions in grid graphics},
    author = {Baptiste Auguie},
    year = {2012},
    note = {R package version 0.9.1},
    url = {http://CRAN.R-project.org/package=gridExtra},
  }

@book{gridextra,
author = {B.~{Auguie}},
title = {{gridExtra: Functions in grid graphics, }},
publisher = {R package version 0.9.1},
year = {2012},
url = {http://CRAN.R-project.org/package=gridExtra}
}
@book{grimport,
author = {P.~{Murrell}},
title = {{Importing vector graphics: The grImport package for R}},
publisher = {Journal of Statistical Software 30 (4):},
pages = {1--37},
year = {2009},
url = {http://www.jstatsoft.org/v30/i04/}
}
@book{grid-custom-tech-report,
author = {P.~{Murrell}},
title = {{Writing grid extensions}},
publisher = {Technical Report -9 Department of Statistics The University ofAuckland},
year = {2012},
url = {http://stattech.wordpress.fos.auckland.ac.nz/2012-9-writing-grid-extensions/2012}
}
@book{gridgraph,
author = {P.~{Murrell}},
title = {{gridGraphviz: Drawing graphs with grid, }},
publisher = {R package version 0.2},
year = {2013},
url = {http://CRAN.R-project.org/package=gridGraphviz}
}
@book{gridsvg,
author = {P.~{Murrell and S.~Potter}},
title = {{gridSVG: Export grid graphics as SVG, }},
publisher = {R package version 1.3-0},
year = {2013}
}
@book{lattice,
author = {D.~{Sarkar}},
title = {{Lattice: Multivariate Data Visualization with R}},
publisher = {Springer New York},
year = {2008},
url = {http://lmdvr.r-forge.r-project.org},
isbn = {978-0-387-75968-5}
}
@book{ggplot,
author = {H.~{Wickham}},
title = {{ggplot2: Elegant graphics for data analysis}},
publisher = {Springer New York},
year = {2009},
url = {http://had.co.nz/ggplot2/book},
isbn = {978-0-387-98140-6}
}
@book{gtable,
author = {H.~{Wickham}},
title = {{gtable: Arrange grobs in tables., }},
publisher = {R package version 0.1.2},
year = {2012},
url = {http://CRAN.R-project.org/package=gtable}
}

