@comment{This file has been generated by Pybliographer}


@Article{aberdour2007,
  Author         = {Aberdour, Mark},
  Title          = {Achieving quality in open-source software},
  Journal        = {IEEE Software},
  Volume         = {24},
  Number         = {1},
  Pages          = {58--64},
  year           = 2007
}

@Article{adams1997,
  Author         = {Adams, Raymond J and Wilson, Mark and Wang, Wen-chung},
  Title          = {The multidimensional random coefficients multinomial
                   logit model},
  Journal        = {Applied Psychological Measurement},
  Volume         = {21},
  Number         = {1},
  Pages          = {1--23},
  year           = 1997
}

@InBook{adams2008,
  Author         = {Adams, A. and Cox, A. L.},
  Editor         = {Cairns, P. and Cox, A. L.},
  Title          = {Questionnaires, in-depth interviews and focus groups},
  Pages          = {17--34},
  Publisher      = {Cambridge University Press},
  booktitle      = {Research Methods for Human-Computer Interaction},
  year           = 2008
}

@Article{AFA53,
  Author         = {Ax, A. F.},
  Title          = {The physiological differentiation between fear and
                   anger in humans},
  Journal        = {Psychosomatic Medicine},
  Volume         = {5},
  Pages          = {433-442},
  year           = 1953
}

@Book{agresti1990,
  Author =	 {Agresti, Alan},
  Title =	 {Analysis of Categorical Data},
  Publisher =	 {Wiley},
  address =	 {New York},
  year =	 1990
}

@Article{ainsworth1969,
  Author         = {Ainsworth, M. D. S. and Wittig, B. A. and others},
  Title          = {Attachment and exploratory behavior of one-year-olds
                   in a strange situation},
  Journal        = {Determinants of Infant Behavior},
  Volume         = {4},
  Number         = {1},
  Pages          = {113--136},
  publisher      = {Methuen London},
  year           = 1969
}

@Article{ainsworth1978,
  Author         = {Ainsworth, M. D. S. and Blehar, M. C. and Waters, E.
                   and Wall, S.},
  Title          = {Patterns of attachment: {A} psychological study of the
                   strange situation},
  Journal        = {Hillsdale, NJ},
  year           = 1978
}

@Article{andersen1972,
  Author         = {Andersen, E. B.},
  Title          = {The numerical solution of a set of conditional
                   estimation equations},
  Journal        = {Journal of the Royal Statistical Society B},
  Volume         = {34},
  Pages          = {42--54},
  year           = 1972
}

@Article{appelhans2006,
  Author         = {Appelhans, B. M. and Luecken, L. J.},
  Title          = {Heart rate variability as an index of regulated
                   emotional responding},
  Journal        = {Review of General Psychology},
  Volume         = {10},
  Number         = {3},
  Pages          = {229},
  publisher      = {Educational Publishing Foundation},
  year           = 2006
}

@Manual{au-ed-research1997,
  Title          = {A{CER} {C}on{Q}uest: {G}eneralised item response
                   modelling software},
  Author         = {Wu, M. L. and Adams, R. J. and Wilson, M. R. and
                   Haldane, S. A.},
  Address        = {Victorial, Australia},
  year           = 2007
}

@Article{avery2003,
  Author         = {Avery, Lisa M and Russell, Dianne J and Raina,
                   Parminder S and Walter, Stephen D and Rosenbaum, Peter
                   L},
  Title          = {Rasch analysis of the {G}ross {M}otor {F}unction
                   {M}easure: {V}alidating the assumptions of the {R}asch
                   model to create an interval-level measure},
  Journal        = {Archives of Physical Medicine and Rehabilitation},
  Volume         = {84},
  Number         = {5},
  Pages          = {697--705},
  year           = 2003
}

@InProceedings{Ayl06,
  Author         = {Aylett, R. S.},
  Title          = {Emotion as an integrative process between non-symbolic
                   and symbolic systems in intelligent agents},
  BookTitle      = {A{ISB} Workshop: {GC}5: {A}rchitecture of {B}rain and
                   {M}ind: {I}ntegrating High Level Cognitive Processes
                   with Brain Mechanisms and Functions in a Working Robot},
  year           = 2006
}

@Article{baer2003,
  Author         = {Baer, R. A.},
  Title          = {Mindfulness training as a clinical intervention: A
                   conceptual and empirical review},
  Journal        = {Clinical Psychology: Science and Practice},
  Volume         = {10},
  Number         = {2},
  Pages          = {125--143},
  publisher      = {Wiley Online Library},
  year           = 2003
}

@Article{baer2006,
  Author         = {Baer, Ruth A and Smith, Gregory T and Hopkins, Jaclyn
                   and Krietemeyer, Jennifer and Toney, Leslie},
  Title          = {Using self-report assessment methods to explore facets
                   of mindfulness},
  Journal        = {Assessment},
  Volume         = {13},
  Number         = {1},
  Pages          = {27--45},
  year           = 2006
}

@Article{baer2008,
  Author         = {Baer, R. A. and Smith, G. T. and Lykins, E. and
                   Button, D. and Krietemeyer, J. and Sauer, S. and Walsh,
                   E. and Duggan, D. and Williams, J. M. G.},
  Title          = {Construct validity of the five facet mindfulness
                   questionnaire in meditating and nonmeditating samples},
  Journal        = {Assessment},
  Volume         = {15},
  Number         = {3},
  Pages          = {329--342},
  publisher      = {Sage Publications},
  year           = 2008
}

@InBook{baer2011,
  Author         = {Baer, R. A. and Lykins, E. L. B.},
  Editor         = {Sheldon, K. M. and Kashdan, T. B. and Kashdan, T. and
                   Steger, M. F.},
  Title          = {Mindfulness and Positive Psychological Functioning},
  Pages          = {335--348},
  Publisher      = {Oxford University Press},
  booktitle      = {Designing Positive Psychology: {T}aking Stock and
                   Moving Forward},
  year           = 2011
}

@Book{baker2004,
  Author         = {Baker, F. B. and Kim, S. H.},
  Title          = {Item Response Theory: {P}arameter Estimation
                   Techniques},
  Publisher      = {CRC Press},
  Edition        = {2nd},
  year           = 2004
}

@Article{Bar06,
  Author         = {Barrett, L. F.},
  Title          = {Valence is a basic building block of emotional life},
  Journal        = {Journal of Research in Personality},
  Volume         = {40},
  Pages          = {35-55},
  year           = 2006
}

@Misc{barajas-solano2012,
  Author         = {Barajas-Solano, David},
  Title          = {On sparse-grid quadratures for multiple integrals with
                   {G}aussian weight},
  entrysubtype   = {Web log post},
  month          = jan,
  url            = {http://dbarajassolano.wordpress.com/2012/01/26/on-sparse-grid-quadratures/},
  urldate        = {2013-10-14},
  year           = 2012
}

@Article{baron1986,
  Author         = {Baron, Reuben M and Kenny, David A},
  Title          = {The moderator--mediator variable distinction in social
                   psychological research: {C}onceptual, strategic, and
                   statistical considerations},
  Journal        = {Journal of Personality and Social Psychology},
  Volume         = {51},
  Number         = {6},
  Pages          = {1173},
  year           = 1986
}

@Article{bartholomew1999,
  Author         = {Bartholomew, David J and Tzamourani, Panagiota},
  Title          = {The goodness of fit of latent trait models in attitude
                   measurement},
  Journal        = {Sociological Methods \& Research},
  Volume         = {27},
  Number         = {4},
  Pages          = {525--546},
  year           = 1999
}

@Article{bartram2013,
  Author         = {Bartram, David J and Sinclair, Julia M and Baldwin,
                   David S},
  Title          = {Further validation of the {W}arwick-{E}dinburgh
                   {M}ental {W}ell-{B}eing {S}cale ({WEMWBS}) in the {UK}
                   veterinary profession: {R}asch analysis},
  Journal        = {Quality of Life Research},
  Volume         = {22},
  Number         = {2},
  Pages          = {379--391},
  year           = 2013
}

@Book{Bat91,
  Author         = {Batson, C. D.},
  Title          = {The altruism question: {T}oward a social-psychological
                   answer},
  Publisher      = {Lawrence Erlbaum Assoc Inc},
  year           = 1991
}

@Article{bates2004,
  Author         = {Bates, Douglas and DebRoy, Saikat},
  Title          = {Linear mixed models and penalized least squares},
  Journal        = {Journal of Multivariate Analysis},
  Volume         = {91},
  Number         = {1},
  Pages          = {1--17},
  year           = 2004
}

@Article{bates2014,
  Author         = {Douglas Bates and Martin MÃ¤chler and Ben Bolker and
                   Steve Walker},
  Title          = {Fitting Linear Mixed-Effects Models Using lme4},
  Journal        = {Journal of Statistical Software},
  Volume         = {67},
  Number         = {1},
  Pages          = {1--48},
  doi            = {10.18637/jss.v067.i01},
  year           = 2015
}

@Article{benassi1993,
  Author         = {Benassi, V. A. and Mahler, H. I. and Asdigian, N. L.},
  Title          = {The mindfulness of ostensibly thoughtless action.},
  Journal        = {Journal of Social Behavior \& Personality},
  Volume         = {8},
  Number         = {6},
  Pages          = {67--82},
  publisher      = {Select Press},
  year           = 1993
}

@Article{benson1974,
  Author         = {Benson, H. and Beary, J. F. and Carol, M. P.},
  Title          = {The relaxation response},
  Journal        = {Psychiatry: Journal for the Study of Interpersonal
                   Processes},
  publisher      = {Guilford Publications},
  year           = 1974
}

@InBook{bentall2004,
  Author         = {Bentall, R. P},
  Editor         = {Bentall, R. P.},
  Title          = {Them and us: {M}odern psychiatry as a cultural system},
  Pages          = {118--145},
  Address        = {London},
  booktitle      = {Madness Explained: Psychosis and Human Nature},
  year           = 2004
}

@Article{berkovich2014,
  Author         = {Berkovich-Ohana, Aviva and Glicksohn, Joseph},
  Title          = {The consciousness state space ({CSS})âa unifying
                   model for consciousness and self},
  Journal        = {Frontiers in Psychology},
  Volume         = {5},
  year           = 2014
}

@Article{berntson1991,
  Author         = {Berntson, G. G. and Cacioppo, J. T. and Quigley, K. S.},
  Title          = {Autonomic determinism: The modes of autonomic control,
                   the doctrine of autonomic space, and the laws of
                   autonomic constraint.},
  Journal        = {Psychological Review},
  Volume         = {98},
  Number         = {4},
  Pages          = {459},
  publisher      = {American Psychological Association},
  year           = 1991
}

@Article{berntson1997,
  Author         = {Berntson, G. G. and Bigger, J. T. and Eckberg, D. L.
                   and Grossman, P. and Kaufmann, P. G. and Malik, M. and
                   Nagaraja, H. N. and Porges, S. W. and Saul, J. P. and
                   Stone, P. H. and Van Der Molen, M. W.},
  Title          = {Heart rate variability: {O}rigins, methods, and
                   interpretive caveats},
  Journal        = {Psychophysiology},
  Volume         = {34},
  Number         = {6},
  Pages          = {623--648},
  publisher      = {Wiley Online Library},
  year           = 1997
}

@Article{betancourt2013,
  Author         = {Betancourt, M. J.},
  Title          = {Generalizing the {N}o-{U}-{T}urn sampler to
                   {R}iemannian manifolds},
  Journal        = {arXiv preprint arXiv:1304.1920},
  year           = 2013
}

@InCollection{birnbaum1968,
  Author         = {Birnbaum, A.},
  Title          = {Some latent trait models and their use in inferring an
                   examinee's ability},
  BookTitle      = {Statistical Theories of Mental Test Scores},
  Publisher      = {Addison-Wesley},
  Editor         = {Lord, F. M. and Novick, M. R.},
  Pages          = {397--479},
  Address        = {Reading, MA},
  year           = 1968
}

@Article{birrell2006,
  Author         = {Birrell, P. J.},
  Title          = {An ethic of possibility: Relationship, risk, and
                   presence},
  Journal        = {Ethics \& Behavior},
  Volume         = {16},
  Number         = {2},
  Pages          = {95--115},
  year           = 2006
}

@Article{bock1970,
  Author         = {Bock, R. D. and Lieberman, Marcus},
  Title          = {Fitting a response model for dichotomously scored
                   items},
  Journal        = {Psychometrika},
  Volume         = {35},
  Number         = {2},
  Pages          = {179--197},
  year           = 1970
}

@Article{bock1981,
  Author         = {Bock, R. D. and Aitkin, M.},
  Title          = {Marginal Maximum Likelihood Estimation of Item
                   Parameters: {A}pplication of an {EM} algorithm},
  Journal        = {Psychometrika},
  Volume         = {46},
  Pages          = {443--459},
  year           = 1981
}

@Article{bock1982,
  Author         = {Bock, R. D. and Mislevy, Robert J.},
  Title          = {Adaptive {EAP} estimation of ability in a
                   microcomputer environment},
  Journal        = {Applied Psychological Measurement},
  Volume         = {6},
  Number         = {4},
  Pages          = {431--444},
  year           = 1982
}

@Article{bock1988,
  Author         = {Bock, R. D. and Gibbons, Robert and Muraki, Eiji},
  Title          = {Full-information item factor analysis},
  Journal        = {Applied Psychological Measurement},
  Volume         = {12},
  Number         = {3},
  Pages          = {261--280},
  year           = 1988
}

@Article{boker2009,
  Author         = {Boker, S. M. and Cohn, Jeffrey F and Theobald,
                   Barry-John and Matthews, Iain and Brick, Timothy R and
                   Spies, Jeffrey R},
  Title          = {Effects of damping head movement and facial expression
                   in dyadic conversation using real--time facial
                   expression tracking and synthesized avatars},
  Journal        = {Philosophical Transactions of the Royal Society B:
                   Biological Sciences},
  Volume         = {364},
  Number         = {1535},
  Pages          = {3485--3495},
  year           = 2009
}

@Article{boker2011,
  Author         = {Boker, S. M. and Neale, M. C. and Maes, H. and Wilde,
                   M. and Spiegel, M. and Brick, Timothy R and Spies, J.
                   and Estabrook, R. and Kenny, S. and Bates, T. and
                   others},
  Title          = {Open{M}x: {A}n open source extended structural
                   equation modeling framework},
  Journal        = {Psychometrika},
  Volume         = {76},
  Number         = {2},
  Pages          = {306--317},
  year           = 2011
}

@Article{boker2015,
  Author =	 {Boker, Steven M. and Brick, Timothy R. and Pritikin,
                  Joshua N. and Wang, Yang and von Oertzen, Timo and
                  Brown, Donald and Lach, John and Estabrook, Ryne and
                  Hunter, Michael D. and Maes, Hermine H. and Neale,
                  Michael C.},
  Title =	 {Maintained individual data distributed likelihood
                  estimation},
  Journal =	 {Multivariate Behavioral Research},
  pages =	 {706--720},
  volume =	 50,
  number =	 6,
  year =	 2015,
}

@Article{bond2009,
  Author         = {Bond, K. and Ospina, M.B. and Hooton, N. and Bialy, L.
                   and Dryden, D.M. and Buscemi, N. and Shannahoff-Khalsa,
                   D. and Dusek, J. and Carlson, L.E.},
  Title          = {Defining a complex intervention: {T}he development of
                   demarcation criteria for ``meditation''},
  Journal        = {Psychology of Religion and Spirituality},
  Volume         = {1},
  Number         = {2},
  Pages          = {129--137},
  publisher      = {Educational Publishing Foundation},
  year           = 2009
}

@Article{boso2007,
  Author         = {Boso, M. and Emanuele, E. and Minazzi, V. and
                   Abbamonte, M. and Politi, P.},
  Title          = {Effect of long-term interactive music therapy on
                   behavior profile and musical skills in young adults
                   with severe autism},
  Journal        = {The Journal of Alternative and Complementary Medicine},
  Volume         = {13},
  Number         = {7},
  Pages          = {709--712},
  year           = 2007
}

@Book{breer1989,
  Author         = {Breer, Paul},
  Title          = {The Spontaneous Self: Viable Alternatives to Free Will},
  Publisher      = {Institute for Naturalistic Philosophy, Inc.},
  year           = 1989
}

@Article{brown2003,
  Author         = {Brown, Kirk Warren and Ryan, Richard M},
  Title          = {The benefits of being present: {M}indfulness and its
                   role in psychological well-being},
  Journal        = {Journal of Personality and Social Psychology},
  Volume         = {84},
  Number         = {4},
  Pages          = {822},
  year           = 2003
}

@InBook{burris1999,
  Author         = {Burris, C. T.},
  Editor         = {Hill, P. C. and Hood Jr., R. W.},
  Title          = {Religious experience episodes measures ({REEM})},
  Pages          = {220--224},
  Publisher      = {Religious Education Press},
  booktitle      = {Measures of Religiosity},
  year           = 1999
}

@Article{buysse1989,
  Author         = {Buysse, Daniel J and Reynolds III, Charles F and Monk,
                   Timothy H and Berman, Susan R and Kupfer, David J},
  Title          = {The {P}ittsburgh {S}leep {Q}uality {I}ndex: {A} new
                   instrument for psychiatric practice and research},
  Journal        = {Psychiatry Research},
  Volume         = {28},
  Number         = {2},
  Pages          = {193--213},
  year           = 1989
}

@Book{cahn2000,
  Author         = {Cahn, Edgar S},
  Title          = {No more throw-away people: {T}he co-production
                   imperative},
  year           = 2000
}

@Article{cai2008,
  Author         = {Cai, L.},
  Title          = {S{EM} of Another Flavour: {T}wo New Applications of
                   the Supplemented {EM} Algorithm},
  Journal        = {British Journal of Mathematical and Statistical
                   Psychology},
  Volume         = {61},
  Pages          = {309--329},
  year           = 2008
}

@Article{cai2010,
  Author         = {Cai, L.},
  Title          = {A Two-Tier Full-Information Item Factor Analysis Model
                   with Applications},
  Journal        = {Psychometrika},
  Volume         = {75},
  Number         = {4},
  Pages          = {581--612},
  year           = 2010
}

@Article{cai2010b,
  Author =	 {Cai, L.},
  Title =	 {High-dimensional exploratory item factor analysis by
                  a {M}etropolis-{H}astings {R}obbins-{M}onro
                  algorithm},
  Journal =	 {Psychometrika},
  Volume =	 {75},
  number =	 1,
  Pages =	 {33--57},
  year =	 2010
}

@Article{cai2011,
  Author         = {Cai, L. and Yang, J. S. and Hansen, M.},
  Title          = {Generalized Full-Information Item Bifactor Analysis},
  Journal        = {Psychological Methods},
  Volume         = {16},
  Number         = {3},
  Pages          = {221--248},
  year           = 2011
}

@Manual{cai2012,
  Title          = {\proglang{{f}lex{MIRT}}: {A} Numerical Engine for
                   Multilevel Item Factor Analysis and Test Scoring},
  Author         = {Cai, L.},
  publisher      = {Vector Psychometric Group},
  titleaddon     = {Computer Software},
  url            = {http://www.vpgcentral.com/irt-software/},
  version        = {1.88},
  year           = 2012
}

@Unpublished{cai2013,
  Author         = {Cai, L.},
  Title          = {Flexible multidimensional item analysis, test scoring,
                   and model fit evaluation},
  Note           = {Talk presented at the annual conference of the Society
                   of Multivariate Experimental Psychology},
  location       = {St. Petersburg, Florida},
  month          = oct,
  year           = 2013
}

@Article{cai2013b,
  Author         = {Cai, L. and Hansen, Mark},
  Title          = {Limited-information goodness-of-fit testing of
                   hierarchical item factor models},
  Journal        = {British Journal of Mathematical and Statistical
                   Psychology},
  Volume         = {66},
  Number         = {2},
  Pages          = {245--276},
  year           = 2013
}

@Book{cairns2008,
  Editor         = {Cairns, P. and Cox, A. L.},
  Title          = {Research Methods for Human-Computer Interaction},
  Publisher      = {Cambridge University Press},
  year           = 2008
}

@Article{calude2005,
  Author         = {Calude, C. S. and Stay, M. A.},
  Title          = {From Heisenberg to G{\"o}del via Chaitin},
  Journal        = {International Journal of Theoretical Physics},
  Volume         = {44},
  Number         = {7},
  Pages          = {1053--1065},
  year           = 2005
}

@Article{camilli1994,
  Author         = {Camilli, Gregory},
  Title          = {Teacher's corner: {O}rigin of the scaling constant d=
                   1.7 in {I}tem {R}esponse {T}heory},
  Journal        = {Journal of Educational and Behavioral Statistics},
  Volume         = {19},
  Number         = {3},
  Pages          = {293--295},
  year           = 1994
}

@Article{cannon2012,
  Author         = {Cannon, H. B.},
  Title          = {U. {V}a. to launch {C}ontemplative {S}ciences {C}enter},
  Journal        = {UVA Today},
  lastchecked    = {October 2, 2012},
  month          = {10 } # apr,
  url            = {http://news.virginia.edu/content/uva-launch-contemplative-sciences-center},
  year           = 2012
}

@Book{carrington1977,
  Author         = {Carrington, P.},
  Title          = {Freedom in Meditation},
  Publisher      = {Anchor Press/Doubleday},
  year           = 1977
}

@TechReport{carrington1978,
  Author         = {Carrington, P.},
  Title          = {Clinically Standardized Meditation Instructors Kit},
  Institution    = {Pace Educational Systems},
  Address        = {Kendall Park, NJ},
  year           = 1978
}

@Book{casella2002,
  Author         = {Casella, George and Berger, Roger L.},
  Title          = {Statistical Inference},
  Publisher      = {Duxbury},
  Address        = {Pacific Grove, CA},
  Edition        = {2nd edition},
  year           = 2002
}

@Unpublished{cdc2009,
  Author         = {{Centers for Disease Control and Prevention}},
  Title          = {Meditation and {H}ealth},
  howpublished   = {Retrieved March 2, 2012, from
                   http://www.cdc.gov/features/Meditation/},
  month          = sep,
  year           = 2009
}

@Article{chalmers2012,
  Author         = {R. Philip Chalmers},
  Title          = {\pkg{{m}irt}: {A} Multidimensional Item Response
                   Theory Package for the \proglang{R} Environment},
  Journal        = {Journal of Statistical Software},
  Volume         = {48},
  Number         = {6},
  Pages          = {1--29},
  url            = {http://www.jstatsoft.org/v48/i06/},
  year           = 2012
}

@Article{chen1997,
  Author         = {Chen, Wen-Hung and Thissen, D.},
  Title          = {Local dependence indexes for item pairs using {I}tem
                   {R}esponse {T}heory},
  Journal        = {Journal of Educational and Behavioral Statistics},
  Volume         = {22},
  Number         = {3},
  Pages          = {265--289},
  year           = 1997
}

@Article{chen2008,
  Author =	 {Chen, Yanqing and Davis, Timothy A and Hager,
                  William W and Rajamanickam, Sivasankaran},
  Title =	 {Algorithm 887: {CHOLMOD}, supernodal sparse
                  {C}holesky factorization and update/downdate},
  Journal =	 {ACM Transactions on Mathematical Software},
  Volume =	 {35},
  Number =	 {3},
  Pages =	 {22},
  year =	 2008
}

@Unpublished{chung2015,
  Author         = {Chung, Yeojin and Gelman, Andrew and Rabe-Hesketh,
                   Sophia and Liu, Jinchen and Dorie, Vincent},
  Title          = {Weakly informative prior for point estimation of
                   covariance matrices in hierarchical models},
  howpublished   = {Manuscript submitted for publication},
  year           = 2015
}

@Article{cole2003,
  Author         = {Cole, David A and Maxwell, Scott E},
  Title          = {Testing mediational models with longitudinal data:
                   questions and tips in the use of structural equation
                   modeling},
  Journal        = {Journal of Abnormal Psychology},
  Volume         = {112},
  Number         = {4},
  Pages          = {558},
  year           = 2003
}

@Article{cook2005,
  Author         = {Cook, William L. and Kenny, David A.},
  Title          = {The {A}ctor-{P}artner interdependence model: {A} model
                   of bidirectional effects in developmental studies},
  Journal        = {International Journal of Behavioral Development},
  Volume         = {29},
  Number         = {2},
  Pages          = {101-109},
  year           = 2005
}

@Article{crainiceanu2004,
  Author         = {Crainiceanu, C. and Ruppert, D.},
  Title          = {Likelihood ratio tests in linear mixed models with one
                   variance component},
  Journal        = {Journal of the Royal Statistical Society B},
  Volume         = {66},
  Pages          = {165-185},
  year           = 2004
}

@Article{cronbach1970,
  Author         = {Cronbach, L. and Furby, L.},
  Title          = {How should we measure change -- {O}r should we?},
  Journal        = {Psychological Bulletin},
  Volume         = {74},
  Pages          = {68--80},
  year           = 1970
}

@Article{crowne1960,
  Author         = {Crowne, Douglas P and Marlowe, David},
  Title          = {A new scale of social desirability independent of
                   psychopathology},
  Journal        = {Journal of Consulting Psychology},
  Volume         = {24},
  Number         = {4},
  Pages          = {349},
  year           = 1960
}

@InBook{csikszentmihalyi1988,
  Author         = {Csikszentmihalyi, M.},
  Editor         = {Csikszentmihalyi, M. and Csikszentmihalyi, I. S.},
  Title          = {The flow experience and its significance for human
                   psychology},
  Pages          = {15--35},
  Publisher      = {Cambridge University Press},
  booktitle      = {Optimal experience: {P}sychological studies of flow in
                   consciousness},
  year           = 1988
}

@Book{csikszentmihalyi1991,
  Author         = {Csikszentmihalyi, M.},
  Title          = {Flow: The psychology of optimal experience},
  Publisher      = {Harper Perennial},
  year           = 1991
}

@Article{curran2003,
  Author         = {Curran, Patrick J},
  Title          = {Have multilevel models been structural equation models
                   all along?},
  Journal        = {Multivariate Behavioral Research},
  Volume         = {38},
  Number         = {4},
  Pages          = {529--569},
  year           = 2003
}

@Article{curran2007,
  Author         = {Curran, Patrick J and Bauer, Daniel J},
  Title          = {Building path diagrams for multilevel models},
  Journal        = {Psychological Methods},
  Volume         = {12},
  Number         = {3},
  Pages          = {283-297},
  year           = 2007
}

@Book{damasio1995,
  Author         = {Damasio, A. R.},
  Title          = {Descartes' error: {E}motion, reason, and the human
                   brain},
  Publisher      = {Putnam New York},
  year           = 1995
}

@Unpublished{danahy2013,
  Author         = {Danahy, Alan},
  Title          = {Audiation {D}ifficulty {L}evels of {P}roportioned
                   {M}elodic {P}atterns and their {E}mbedded {T}onal
                   {P}atterns and {R}hythm {P}atterns: {I}mplications for
                   {M}elodic {L}earning},
  howpublished   = {Masters Thesis (in preparation)},
  school         = {University of South Carolina},
  year           = 2013
}

@Article{davies2004,
  Title          = {Special {I}ssue: {F}amily systems and developmental
                   psychopathology},
  Journal        = {Development and Psychopathology},
  Volume         = {16},
  Number         = {3},
  Pages          = {477--481},
  editor         = {Davies, P. T. and Cicchetti, D.},
  year           = 2004
}

@InCollection{delle2011ch6,
  Author         = {Delle Fave, Antonella and Massimini, Fausto and Bassi,
                   Marta},
  Title          = {Optimal experience and meditation: {W}estern and
                   {A}sian approaches to well-being},
  BookTitle      = {Psychological Selection and Optimal Experience Across
                   Cultures},
  Pages          = {111--126},
  year           = 2011
}

@InBook{delmonte1987,
  Author         = {Delmonte, Michael M},
  Editor         = {West, Michael A.},
  Title          = {Meditation: {C}ontemporary theoretical approaches},
  Pages          = {39--53},
  Publisher      = {Oxford Science Publications},
  booktitle      = {The psychology of meditation},
  year           = 1987
}

@Article{demanzano2010,
  Author         = {de Manzano, {\"O}. and Theorell, T. and Harmat, L. and
                   Ull{\'e}n, F.},
  Title          = {The psychophysiology of flow during piano playing},
  Journal        = {Emotion},
  Volume         = {10},
  Number         = {3},
  Pages          = {301},
  year           = 2010
}

@Article{demars2006,
  Author         = {DeMars, Christine E},
  Title          = {Application of the bi-factor multidimensional {I}tem
                   {R}esponse {T}heory model to testlet-based tests},
  Journal        = {Journal of Educational Measurement},
  Volume         = {43},
  Number         = {2},
  Pages          = {145--168},
  year           = 2006
}

@Article{dempster1977,
  Author         = {Dempster, Arthur P and Laird, Nan M and Rubin, Donald
                   B},
  Title          = {Maximum Likelihood from Incomplete Data via the {EM}
                   Algorithm},
  Journal        = {Journal of the Royal Statistical Society B
                   (Methodological)},
  Pages          = {1--38},
  year           = 1977
}

@Article{dhaene2004,
  Author         = {Dhaene, Geert and Hoorelbeke, Dirk},
  Title          = {The information matrix test with bootstrap-based
                   covariance matrix estimation},
  Journal        = {Economics Letters},
  Volume         = {82},
  Number         = {3},
  Pages          = {341--347},
  year           = 2004
}

@Article{dietrich2003,
  Author         = {Dietrich, Arne},
  Title          = {Functional neuroanatomy of altered states of
                   consciousness: {T}he transient hypofrontality
                   hypothesis},
  Journal        = {Consciousness and Cognition},
  Volume         = {12},
  Number         = {2},
  Pages          = {231--256},
  year           = 2003
}

@Article{dietrich2004,
  Author         = {Dietrich, Arne},
  Title          = {Neurocognitive mechanisms underlying the experience of
                   flow},
  Journal        = {Consciousness and Cognition},
  Volume         = {13},
  Number         = {4},
  Pages          = {746--761},
  year           = 2004
}

@Book{dietrich2007,
  Author         = {Dietrich, Arne},
  Title          = {Introduction to consciousness},
  Publisher      = {Palgrave Macmillan Basingstoke},
  year           = 2007
}

@Article{dijksterhuis2008,
  Author         = {Dijksterhuis, Ap and Preston, Jesse and Wegner, Daniel
                   M and Aarts, Henk},
  Title          = {Effects of subliminal priming of self and God on
                   self-attribution of authorship for events},
  Journal        = {Journal of Experimental Social Psychology},
  Volume         = {44},
  Number         = {1},
  Pages          = {2--9},
  year           = 2008
}

@Article{dodd1995,
  Author         = {Dodd, B. G. and De Ayala, R. J and Koch, W. R.},
  Title          = {Computerized adaptive testing with polytomous items},
  Journal        = {Applied Psychological Measurement},
  Volume         = {19},
  Number         = {1},
  Pages          = {5--22},
  year           = 1995
}

@Book{Dye83,
  Author         = {Dyer, M. G.},
  Title          = {In-depth understanding: {A} Computer Model of
                   Integrated Processing for Narrative Comprehension},
  Publisher      = {MIT Press},
  Address        = {Cambridge, MA},
  year           = 1983
}

@Article{efron1998,
  Author         = {Efron, Bradley},
  Title          = {R. {A}. {F}isher in the 21st {C}entury},
  Journal        = {Statistical Science},
  Pages          = {95--114},
  year           = 1998
}

@Article{eisenhart1947,
  Author         = {Eisenhart, Churchill},
  Title          = {The assumptions underlying the analysis of variance},
  Journal        = {Biometrics},
  Volume         = {3},
  Number         = {1},
  Pages          = {1--21},
  year           = 1947
}

@TechReport{Ell92,
  Author         = {Elliott, C.},
  Title          = {The affective reasoner: {A} process model of emotions
                   in a multi-agent system},
  Institution    = {Northwestern University},
  Type           = {The Institute for the Learning Sciences},
  Number         = {32},
  year           = 1992
}

@InProceedings{ellis2011,
  Author         = {Ellis, H. J. C. and Hislop, G. W. and Chua, M. and
                   Dziallas, S.},
  Title          = {How to involve students in {FOSS} projects},
  BookTitle      = {Frontiers in {E}ducation {C}onference ({FIE})},
  Pages          = {T1H--1},
  Organization   = {IEEE},
  year           = 2011
}

@Article{embretson1996,
  Author         = {Embretson, S. E.},
  Title          = {The new rules of measurement.},
  Journal        = {Psychological Assessment},
  Volume         = {8},
  Number         = {4},
  Pages          = {341--349},
  year           = 1996
}

@Book{embretson2000,
  Author         = {Embretson, S. E. and Reise, S. P.},
  Title          = {Item {R}esponse {T}heory for psychologists},
  Publisher      = {Lawrence Erlbaum},
  year           = 2000
}

@Manual{eqsirt2012,
  Title          = {E{QSIRT} - {A} comprehensive {I}tem {R}esponse
                   {T}heory program},
  Author         = {Wu, E. J. C. and Bentler, P. M.},
  Organization   = {Multivariate Software, Inc.},
  Address        = {Encino, CA},
  year           = 2012
}

@Article{erbacher2012,
  Author         = {Erbacher, M. K. and Schmidt, K. M. and Boker, S. M.
                   and Bergeman, C. S.},
  Title          = {Measuring positive and negative affect in older adults
                   over 56 days: {C}omparing trait level scoring methods
                   using the {P}artial {C}redit {M}odel},
  Journal        = {Journal of Applied Measurement},
  Volume         = {13},
  Number         = {2},
  Pages          = {146--164},
  year           = 2012
}

@Manual{erm2011,
  Title          = {Erm: {E}xtended rasch modeling.},
  Author         = {Patrick Mair and Reinhold Hatzinger and Marco Maier},
  Note           = {R package version 0.14-0},
  url            = {http://CRAN.R-project.org/package=eRm},
  year           = 2011
}

@Article{estabrook2013,
  Author         = {Estabrook, Ryne and Neale, M. C.},
  Title          = {A Comparison of factor score estimation methods in the
                   presence of missing data: {R}eliability and an
                   application to nicotine dependence},
  Journal        = {Multivariate Behavioral Research},
  Volume         = {48},
  Number         = {1},
  Pages          = {1--27},
  year           = 2013
}

@Article{fan1997,
  Author         = {Fan, Xitao},
  Title          = {Canonical correlation analysis and structural equation
                   modeling: What do they have in common?},
  Journal        = {Structural Equation Modeling: A Multidisciplinary
                   Journal},
  Volume         = {4},
  Number         = {1},
  Pages          = {65-79},
  doi            = {10.1080/10705519709540060},
  year           = 1997
}

@Article{fellner1987,
  Author         = {Fellner, William H},
  Title          = {Sparse matrices, and the estimation of variance
                   components by likelihood methods},
  Journal        = {Communications in Statistics-Simulation and
                   Computation},
  Volume         = {16},
  Number         = {2},
  Pages          = {439--463},
  year           = 1987
}

@Book{fetzer1999,
  Author         = {{Fetzer Institute/National Institute on Aging
                   Workgroup}},
  Title          = {Multidimensional measurement of
                   religiousness/spirituality for use in health research},
  Publisher      = {Fetzer Institute},
  Address        = {Kalamazoo, MI},
  journal        = {Fetzer Institute Publication: Kalamazoo, MI},
  year           = 1999
}

@Article{FH94,
  Author         = {Frith, Uta and Happ\'e, F.},
  Title          = {Autism: {B}eyond ``theory of mind''},
  Journal        = {Cognition},
  Volume         = {50},
  Pages          = {115-132},
  year           = 1994
}

@Book{Fie04,
  Author         = {Fields, R. M.},
  Title          = {Martyrdom: {T}he psychology, theology, and politics of
                   self-sacrifice},
  Publisher      = {Praeger},
  Address        = {Westport, Connecticut},
  year           = 2004
}

@Article{fields2002,
  Author         = {Fields, C.},
  Title          = {Why do we talk to ourselves?},
  Journal        = {Journal of Experimental \& Theoretical Artificial
                   Intelligence},
  Volume         = {14},
  Number         = {4},
  Pages          = {255--272},
  year           = 2002
}

@Book{fishkin2009,
  Author         = {Fishkin, J. S.},
  Title          = {When the people speak: {D}eliberative democracy and
                   public consultation},
  Publisher      = {Oxford University Press, USA},
  year           = 2009
}

@Book{forman1997,
  Author         = {Forman, R. K. C.},
  Title          = {The problem of pure consciousness: {M}ysticism and
                   philosophy},
  Publisher      = {Oxford University Press},
  year           = 1997
}

@Article{forman1998,
  Author         = {Forman, R. K. C.},
  Title          = {What does mysticism have to teach us about
                   consciousness?},
  Journal        = {Journal of Consciousness Studies},
  Volume         = {5},
  Number         = {2},
  Pages          = {185--201},
  year           = 1998
}

@Article{Fou00,
  Author         = {Fouts, R. S.},
  Title          = {My best friend is a chimp},
  Journal        = {Psychology Today},
  Volume         = {32},
  Number         = {4},
  Pages          = {68-73},
  year           = 2000
}

@Book{fowler1914,
  Author         = {Plato},
  Title          = {Euthyphro; Apology; Crito; Phaedo; Phaedrus},
  Publisher      = {G. P. Putnam's Sons},
  Volume         = {1},
  translator     = {Fowler, H. N.},
  year           = 1914
}

@Book{franke2007,
  Editor         = {Franke, W.},
  Title          = {On what cannot be said: {A}pophatic discourses in
                   philosophy},
  Publisher      = {University of Notre Dame Press},
  year           = 2007
}

@Article{fraser1988,
  Author         = {Fraser, C. and McDonald, R. P.},
  Title          = {N{OHARM}: {L}east squares item factor analysis},
  Journal        = {Multivariate Behavioral Research},
  Volume         = {23},
  Number         = {2},
  Pages          = {267--269},
  year           = 1988
}

@Misc{free-intro,
  Author         = {{Free Software Foundation}},
  Title          = {Free {S}oftware {M}ovement},
  lastchecked    = {2013-10-21},
  url            = {http://www.gnu.org/philosophy/free-software-intro.html}
}

@Book{Fri89,
  Author         = {Frith, U.},
  Title          = {Autism: {E}xplaining the enigma},
  Publisher      = {Blackwell},
  year           = 1989
}

@InBook{gallo2007,
  Author         = {Gallo, L. C. and Luecken, L. J.},
  Editor         = {Luecken, L. J. and Gallo, L. C.},
  Title          = {Handbook of physiological research methods in health
                   psychology},
  Chapter        = {Physiological research methods in health psychology:
                   Applications of the biopsychosocial model},
  Pages          = {3--9},
  Publisher      = {Sage Publications, Inc},
  Address        = {Thousand Oaks, CA},
  year           = 2007
}

@InProceedings{garton1997,
  Author         = {Garton, Brad and Topper, Dave},
  Title          = {R{T}cmix--using {CMIX} in real time},
  BookTitle      = {Proceedings of the {I}nternational {C}omputer {M}usic
                   {C}onference. {I}nternational {C}omputer {M}usic
                   {A}ssociation},
  year           = 1997
}

@Article{gazzaniga1989,
  Author         = {Gazzaniga, Michael S},
  Title          = {Organization of the human brain},
  Journal        = {Science},
  Volume         = {245},
  Number         = {4921},
  Pages          = {947--952},
  year           = 1989
}

@Book{gelman2004,
  Author         = {Gelman, Andrew and Carlin, John B and Stern, Hal S and
                   Rubin, Donald B},
  Title          = {Bayesian Data Analysis},
  Publisher      = {Chapman \& Hall/CRC},
  Edition        = {2nd ed.},
  year           = 2004
}

@Article{gelman2005,
  Author         = {Gelman, Andrew},
  Title          = {Analysis of variance--why it is more important than
                   ever},
  Journal        = {The Annals of Statistics},
  Volume         = {33},
  Number         = {1},
  Pages          = {1--53},
  year           = 2005
}

@Article{gelman2008,
  Author         = {Gelman, Andrew},
  Title          = {Objections to {B}ayesian statistics},
  Journal        = {Bayesian Analysis},
  Volume         = {3},
  Number         = {3},
  Pages          = {445--449},
  year           = 2008
}

@InBook{gelman2011,
  Author         = {Gelman, Andrew and Shirley, Kenneth},
  Editor         = {Brooks, Steve and Gelman, Andrew and Jones, Galin and
                   Meng, Xiao-Li},
  Title          = {Inference from simulations and monitoring convergence},
  Pages          = {163--174},
  Publisher      = {CRC press},
  booktitle      = {Handbook of {M}arkov {C}hain {M}onte {C}arlo},
  year           = 2011
}

@Book{gelman2013,
  Author         = {Gelman, Andrew and Carlin, John B and Stern, Hal S and
                   Dunson, David B and Vehtari, Aki and Rubin, Donald B},
  Title          = {Bayesian Data Analysis},
  Publisher      = {CRC press},
  Edition        = {3rd ed.},
  year           = 2013
}

@Article{gelman2014,
  Author         = {Gelman, Andrew and Carlin, John},
  Title          = {Beyond Power Calculations Assessing Type S (Sign) and
                   Type M (Magnitude) Errors},
  Journal        = {Perspectives on Psychological Science},
  Volume         = {9},
  Number         = {6},
  Pages          = {641--651},
  year           = 2014
}

@InProceedings{germano2014,
  Author         = {Germano, David},
  Title          = {Contemplation in {C}ontexts: {T}ibetian {B}uddhist
                   {M}editation {A}cross the {B}oundaries of the
                   {H}umanities and {S}ciences},
  BookTitle      = {Mind \& {L}ife {I}nternational {S}ymposium for
                   {C}ontemplative {S}ciences},
  howpublished   = {Retrieved January 13, 2014 from
                   https://www.youtube.com/watch?v=QEciEIaAUMM},
  year           = 2014
}

@Manual{ghalanos2012,
  Title          = {Rsolnp: {G}eneral non-linear optimization using
                   augmented lagrange multiplier method},
  Author         = {Alexios Ghalanos and Stefan Theussl},
  Note           = {R package version 1.14.},
  year           = 2012
}

@Manual{gilbert2012,
  Title          = {\pkg{{n}um{D}eriv}: {A}ccurate Numerical Derivatives},
  Author         = {Paul Gilbert and Ravi Varadhan},
  Note           = {\proglang{R} package version 2012.9-1},
  url            = {http://CRAN.R-project.org/package=numDeriv},
  year           = 2012
}

@TechReport{gill1986,
  Author         = {Gill, Philip E and Murray, Walter and Saunders,
                   Michael A and Wright, Margaret H},
  Title          = {User's guide for {NPSOL} (version 4.0): {A} {F}ortran
                   package for nonlinear programming},
  Institution    = {DTIC Document},
  year           = 1986
}

@Article{goldberg1991,
  Author         = {Goldberg, David},
  Title          = {What Every Computer Scientist Should Know About
                   Floating-Point Arithmetic},
  Journal        = {ACM Computing Surveys (CSUR)},
  Volume         = {23},
  Number         = {1},
  Pages          = {5--48},
  year           = 1991
}

@Article{goldberg1999,
  Author         = {Goldberg, Lewis R},
  Title          = {A broad-bandwidth, public domain, personality
                   inventory measuring the lower-level facets of several
                   five-factor models},
  Journal        = {Personality Psychology in Europe},
  Volume         = {7},
  Pages          = {7--28},
  year           = 1999
}

@Article{goldberg2006,
  Author         = {Goldberg, Ilan I and Harel, Michal and Malach, Rafael},
  Title          = {When the brain loses its self: Prefrontal inactivation
                   during sensorimotor processing},
  Journal        = {Neuron},
  Volume         = {50},
  Number         = {2},
  Pages          = {329--339},
  year           = 2006
}

@Article{goldstein1988,
  Author         = {Goldstein, Harvey and McDonald, Roderick P},
  Title          = {A general model for the analysis of multilevel data},
  Journal        = {Psychometrika},
  Volume         = {53},
  Number         = {4},
  Pages          = {455--467},
  year           = 1988
}

@Book{gordon1971,
  Author         = {Gordon, E. E.},
  Title          = {{The psychology of music teaching}},
  Publisher      = {Prentice Hall},
  year           = 1971
}

@Book{gordon1986,
  Author         = {Gordon, E. E.},
  Title          = {Manual for the Primary Measure of Music Audiation and
                   the Intermediate Measures of Music Audiation},
  Publisher      = {GIA Publications, Inc.},
  Address        = {Chicago, IL},
  year           = 1986
}

@Book{gordon1989,
  Author         = {Gordon, E. E.},
  Title          = {Manual for the advanced measures of music audiation},
  Publisher      = {GIA Publications, Inc.},
  Address        = {Chicago, IL},
  year           = 1989
}

@Book{gordon1995,
  Author         = {Gordon, E. E.},
  Title          = {Musical aptitude profile manual},
  Publisher      = {GIA Publications},
  Address        = {Chicago, IL},
  Edition        = {3rd ed.},
  year           = 1995
}

@Book{gordon2009,
  Author         = {Gordon, E. E.},
  Title          = {Rhythm},
  Publisher      = {GIA Publications, Inc.},
  Address        = {Chicago, IL},
  Edition        = {2nd},
  year           = 2009
}

@Book{gordon2011,
  Author         = {Gordon, E. E.},
  Title          = {Roots of Music Learning Theory and Audiation},
  Publisher      = {GIA Publications},
  Address        = {Chicago},
  year           = 2011
}

@Book{gordon2012,
  Author         = {Gordon, E. E.},
  Title          = {Learning sequences in music: {A} contemporary music
                   learning theory},
  Publisher      = {GIA Publications},
  year           = 2012
}

@Article{gratch2005,
  Author         = {Gratch, J. and Marsella, S.},
  Title          = {{Lessons from emotion psychology for the design of
                   lifelike characters}},
  Journal        = {Applied Artificial Intelligence},
  Volume         = {19},
  Number         = {3-4},
  Pages          = {215--234},
  publisher      = {Washington, DC: Hemisphere Pub. Co.},
  year           = 2005
}

@Article{gu2014,
  Author         = {Gu, Fei and Preacher, Kristopher J. and Wu, Wei and
                   Yung, Yiu-Fai},
  Title          = {A Computationally Efficient State Space Approach to
                   Estimating Multilevel Regression Models and Multilevel
                   Confirmatory Factor Models},
  Journal        = {Multivariate Behavioral Research},
  Volume         = {49},
  Number         = {2},
  Pages          = {119-129},
  doi            = {10.1080/00273171.2013.866537},
  year           = 2014
}

@Article{gubernatis2005,
  Author         = "Gubernatis, J. E.",
  Title          = {Marshall {R}osenbluth and the {M}etropolis algorithm},
  Journal        = "Physics of Plasmas (1994-present)",
  Volume         = "12",
  Number         = "5",
  doi            = "http://dx.doi.org/10.1063/1.1887186",
  eid            = 057303,
  year           = 2005
}

@Article{haberman1977,
  Author =	 "Haberman, Shelby J.",
  Title =	 "Log-Linear Models and Frequency Tables with Small
                  Expected Cell Counts",
  Journal =	 {The Annals of Statistics},
  Volume =	 "5",
  Number =	 "6",
  Pages =	 "1148--1169",
  doi =		 "10.1214/aos/1176344001",
  month =	 "11",
  publisher =	 "The Institute of Mathematical Statistics",
  year =	 1977
}

@Article{harrison2004,
  Author         = {Harrison, L. J. and Manocha, R. and Rubia, K.},
  Title          = {Sahaja yoga meditation as a family treatment programme
                   for children with attention deficit-hyperactivity
                   disorder},
  Journal        = {Clinical Child Psychology and Psychiatry},
  Volume         = {9},
  Number         = {4},
  Pages          = {479--497},
  publisher      = {Sage Publications},
  year           = 2004
}

@Article{hartley1967,
  Author         = {Hartley, Herman O and Rao, Jon NK},
  Title          = {Maximum-likelihood estimation for the mixed analysis
                   of variance model},
  Journal        = {Biometrika},
  Volume         = {54},
  Number         = {1-2},
  Pages          = {93--108},
  year           = 1967
}

@Unpublished{HarttMusicAdmissions,
  Author         = {{Hartt School of Music}},
  Title          = {Undergraduate {A}udition {R}equirements},
  lastchecked    = {April 26, 2013},
  url            = {http://harttweb.hartford.edu/admissions/audition/undergraduate.aspx}
}

@Article{harville1977,
  Author         = {Harville, David A},
  Title          = {Maximum likelihood approaches to variance component
                   estimation and to related problems},
  Journal        = {Journal of the American Statistical Association},
  Volume         = {72},
  Number         = {358},
  Pages          = {320--338},
  year           = 1977
}

@Article{hawthorne2007,
  Author         = {Hawthorne, Graeme and Osborne, Richard H and Taylor,
                   Anne and Sansoni, Jan},
  Title          = {The {SF}36 Version 2: {C}ritical analyses of
                   population weights, scoring algorithms and population
                   norms},
  Journal        = {Quality of Life Research},
  Volume         = {16},
  Number         = {4},
  Pages          = {661--673},
  year           = 2007
}

@Article{henderson1953,
  Author         = {Henderson, Charles R},
  Title          = {Estimation of variance and covariance components},
  Journal        = {Biometrics},
  Volume         = {9},
  Number         = {2},
  Pages          = {226--252},
  year           = 1953
}

@Article{henderson1982,
  Author         = {Henderson Jr, Charles R},
  Title          = {Analysis of covariance in the mixed model:
                   {H}igher-level, nonhomogeneous, and random regressions},
  Journal        = {Biometrics},
  Pages          = {623--640},
  year           = 1982
}

@Article{henry2004,
  Author         = {Henry, J.},
  Title          = {A comparison of strategies for achieving well-being in
                   non-clinical populations},
  Journal        = {Ricerche di Psychologia},
  Volume         = {27},
  Number         = {1},
  Pages          = {135--158},
  year           = 2004
}

@Article{henry2005,
  Author         = {Henry, Julie D and Crawford, John R},
  Title          = {The short-form version of the {D}epression {A}nxiety
                   {S}tress {S}cales ({DASS}-21): {C}onstruct validity and
                   normative data in a large non-clinical sample},
  Journal        = {British Journal of Clinical Psychology},
  Volume         = {44},
  Number         = {2},
  Pages          = {227--239},
  year           = 2005
}

@Book{hill1999,
  Editor         = {Hill, P. C. and Hood Jr., R. W.},
  Title          = {Measures of religiosity},
  Publisher      = {Religious Education Press},
  year           = 1999
}

@PhdThesis{hill2006,
  Author         = {Hill, C. D.},
  Title          = {Two models for longitudinal item response data},
  School         = {University of North Carolina at Chapel Hill},
  year           = 2006
}

@Article{hill2008,
  Author         = {Hill-Soderlund, A. L. and Mills-Koonce, W. R. and
                   Propper, C. and Calkins, S. D. and Granger, D. A. and
                   Moore, G. A. and Gariepy, J. L. and Cox, M. J.},
  Title          = {Parasympathetic and sympathetic responses to the
                   strange situation in infants and mothers from avoidant
                   and securely attached dyads},
  Journal        = {Developmental psychobiology},
  Volume         = {50},
  Number         = {4},
  Pages          = {361--376},
  publisher      = {Wiley Online Library},
  year           = 2008
}

@Article{hoffman2011,
  Author         = {Hoffman, Matthew D and Gelman, Andrew},
  Title          = {The {N}o-{U}-{T}urn sampler: {A}daptively setting path
                   lengths in {H}amiltonian {M}onte {C}arlo},
  Journal        = {arXiv preprint arXiv:1111.4246},
  year           = 2011
}

@Article{holmes1984,
  Author         = {Holmes, D.S.},
  Title          = {Meditation and somatic arousal reduction: A review of
                   the experimental evidence.},
  Journal        = {American Psychologist},
  Volume         = {39},
  Number         = {1},
  Pages          = {1},
  publisher      = {American Psychological Association},
  year           = 1984
}

@InBook{holmes1987,
  Author         = {Holmes, David S},
  Editor         = {West, Michael A.},
  Title          = {The influence of meditation versus rest on
                   physiological arousal: {A} second examination},
  Pages          = {81--103},
  Publisher      = {Oxford Science Publications},
  booktitle      = {The psychology of meditation},
  year           = 1987
}

@Article{hood1975,
  Author         = {Hood Jr., R. W.},
  Title          = {The construction and preliminary validation of a
                   measure of reported mystical experience},
  Journal        = {Journal for the Scientific Study of Religion},
  Pages          = {29--41},
  year           = 1975
}

@Article{hubert2003,
  Author         = {Hubert, Mia and Verboven, Sabine},
  Title          = {A robust PCR method for high-dimensional regressors},
  Journal        = {Journal of Chemometrics},
  Volume         = {17},
  Number         = {8-9},
  Pages          = {438--452},
  year           = 2003
}

@Article{hunter2012e1,
  Author         = {Hunter, M.},
  Title          = {Re: questions raised at {D}ec 14 meeting},
  month          = {15 } # dec,
  type           = {Electronic mailing list message},
  url            = {https://lists.virginia.edu/sympa/arc/openmx-developers/2012-12/msg00039.html},
  year           = 2012
}

@Unpublished{hunter2014,
  Author         = {Hunter, M. D.},
  Title          = {Extended structural equations and state space models
                   when data are missing at random},
  Note           = {Talk presented at the Annual Meeting of the
                   Association for Psychological Science},
  location       = {San Francisco, CA},
  month          = may,
  year           = 2014
}

@InCollection{Hut05,
  Author         = {Hutto, D. D.},
  Title          = {Starting without theory: {C}onfronting the paradox of
                   conceptual development},
  BookTitle      = {Other minds: {H}ow humans bridge the divide between
                   self and others},
  Publisher      = {The Guilford Press},
  Editor         = {Malle, B. F. and Hudges, S. D.},
  Pages          = {56--72},
  year           = 2005
}

@Article{IJR96,
  Author         = {Roseman, I. J. and Antoniou, A. A. and Jose, P. E.},
  Title          = {Appraisal determinants of emotions: {C}onstructing a
                   more accurate and comprehensive theory},
  Journal        = {Cognition and Emotion},
  Volume         = {10},
  Pages          = {241-277},
  year           = 1996
}

@Article{jamshidian1997,
  Author         = {Jamshidian, Mortaza and Jennrich, Robert I},
  Title          = {Acceleration of the {EM} Algorithm by Using
                   {Q}uasi-{N}ewton methods},
  Journal        = {Journal of the Royal Statistical Society B
                   (Statistical Methodology)},
  Volume         = {59},
  Number         = {3},
  Pages          = {569--587},
  year           = 1997
}

@Article{jamshidian2000,
  Author         = {Jamshidian, Mortaza and Jennrich, Robert I},
  Title          = {Standard Errors for {EM} Estimation},
  Journal        = {Journal of the Royal Statistical Society B
                   (Statistical Methodology)},
  Volume         = {62},
  Number         = {2},
  Pages          = {257--270},
  year           = 2000
}

@Article{janata2012,
  Author         = {Janata, P. and Tomic, S. T. and Haberman, J. M.},
  Title          = {Sensorimotor coupling in music and the psychology of
                   the groove},
  Journal        = {Journal of Experimental Psychology: General},
  Volume         = {141},
  Number         = {1},
  Pages          = {54},
  year           = 2012
}

@Book{JdR77,
  Author         = {de Revira, J.},
  Title          = {A structural theory of the emotions},
  Publisher      = {International Universities Press},
  Address        = {New York},
  year           = 1977
}

@Article{jennrich1986,
  Author         = {Jennrich, Robert I and Schluchter, Mark D},
  Title          = {Unbalanced repeated-measures models with structured
                   covariance matrices},
  Journal        = {Biometrics},
  Pages          = {805--820},
  year           = 1986
}

@Article{JGaSM04,
  Author         = {Gratch, J. and Marsella, S.},
  Title          = {A Domain-independent framework for modeling emotion},
  Journal        = {Journal of Cognitive Systems Research},
  Volume         = {5},
  Pages          = {269-306},
  year           = 2004
}

@Article{jha2012,
  Author         = {Jha, A.},
  Title          = {False positives: {F}raud and misconduct are
                   threatening scientific research},
  Journal        = {The Guardian},
  lastchecked    = {October 8, 2012},
  month          = {13 } # sep,
  url            = {http://www.guardian.co.uk/science/2012/sep/13/scientific-research-fraud-bad-practice},
  year           = 2012
}

@Article{johnstone2012,
  Author         = {Johnstone, Brick and Bodling, Angela and Cohen, Dan
                   and Christ, Shawn E and Wegrzyn, Andrew},
  Title          = {Right Parietal Lobe-Related ``Selflessness'' as the
                   Neuropsychological Basis of Spiritual Transcendence},
  Journal        = {International Journal for the Psychology of Religion},
  Volume         = {22},
  Number         = {4},
  Pages          = {267--284},
  year           = 2012
}

@Misc{joreskog1972,
  Author         = {J{\"o}reskog, Karl G and Van Thillo, Marielle},
  Title          = {L{ISREL}: {A} general computer program for estimating
                   a linear structural equation system involving multiple
                   indicators of unmeasured variables.},
  titleaddon     = {Computer software},
  year           = 1972
}

@Article{joreskog2001,
  Author         = {J\"oreskog, K. G. and Moustaki, I.},
  Title          = {Factor analysis of ordinal variables: {A} comparison
                   of three approaches},
  Journal        = {Multivariate Behavioral Research},
  Volume         = {36},
  Number         = {3},
  Pages          = {347--387},
  year           = 2001
}

@InProceedings{jovanov2008,
  Author         = {Jovanov, E.},
  Title          = {Real-time monitoring of spontaneous resonance in heart
                   rate variability},
  BookTitle      = {Engineering in {M}edicine and {B}iology {S}ociety:
                   30th {A}nnual {I}nternational {C}onference of the
                   {IEEE}},
  Pages          = {2789--2792},
  Organization   = {IEEE},
  year           = 2008
}

@Book{kalat2007,
  Author         = {Kalat, J. W. and Shiota, M. N.},
  Title          = {{Emotion}},
  Publisher      = {Thomson Wadsworth},
  year           = 2007
}

@Article{kamata2008,
  Author         = {Kamata, Akihito and Bauer, Daniel J},
  Title          = {A note on the relation between factor analytic and
                   {I}tem {R}esponse {T}heory models},
  Journal        = {Structural Equation Modeling},
  Volume         = {15},
  Number         = {1},
  Pages          = {136--153},
  year           = 2008
}

@Article{kang2008,
  Author         = {Kang, Taehoon and Chen, Troy T},
  Title          = {Performance of the generalized {{S}-{$X^2$}} item fit
                   index for polytomous {IRT} models},
  Journal        = {Journal of Educational Measurement},
  Volume         = {45},
  Number         = {4},
  Pages          = {391--406},
  year           = 2008
}

@Article{kenny1986,
  Author         = {Kenny, David A. and Judd, Charles M},
  Title          = {Consequences of violating the independence assumption
                   in analysis of variance},
  Journal        = {Psychological Bulletin},
  Volume         = {99},
  Number         = {3},
  Pages          = {422},
  year           = 1986
}

@Article{king2014,
  Author         = {King, Gary and Roberts, Margaret E.},
  Title          = {How Robust Standard Errors Expose Methodological
                   Problems They Do Not Fix, and What to Do About It},
  Journal        = {Political Analysis},
  doi            = {10.1093/pan/mpu015},
  eprint         = {http://pan.oxfordjournals.org/content/early/2014/10/31/pan.mpu015.full.pdf+html},
  year           = 2014
}

@Book{Kla97,
  Author         = {Klandermans, B.},
  Title          = {The social psychology of protest},
  Publisher      = {Blackwell Publishers Inc.},
  Address        = {Cambridge, Massachusetts},
  year           = 1997
}

@Article{knuth1984,
  Author         = {Knuth, Donald Ervin},
  Title          = {Literate programming},
  Journal        = {The Computer Journal},
  Volume         = {27},
  Number         = {2},
  Pages          = {97--111},
  year           = 1984
}

@Book{kotler2014,
  Author         = {Kotler, Steven},
  Title          = {The Rise of Superman: {D}ecoding the Science of
                   Ultimate Human Performance},
  Publisher      = {Houghton Mifflin Harcourt},
  year           = 2014
}

@Book{krishnamurti1975,
  Author         = {Krishnamurti, J.},
  Editor         = {Lutyens, M.},
  Title          = {Freedom from the Known},
  Publisher      = {Harper},
  year           = 1975
}

@Article{Lag05,
  Author         = {Lagattuta, K. H.},
  Title          = {When You Shouldn't Do What You Want to Do: {Y}oung
                   Children's Understanding of Desires, Rules, and
                   Emotions},
  Journal        = {Child Development},
  Volume         = {76},
  Pages          = {713-733},
  year           = 2005
}

@PhdThesis{lau2004,
  Author         = {Lau, M. Y. K.},
  Title          = {The PSI phenomena: A Bayesian approach to the Ganzfeld
                   procedure},
  School         = {Graduate School University of Notre Dame},
  year           = 2004
}

@Article{lau2006,
  Author         = {Lau, Mark A and Bishop, Scott R and Segal, Zindel V
                   and Buis, Tom and Anderson, Nicole D and Carlson, Linda
                   and Shapiro, Shauna and Carmody, James and Abbey, Susan
                   and Devins, Gerald},
  Title          = {The {T}oronto mindfulness scale: {D}evelopment and
                   validation},
  Journal        = {Journal of Clinical Psychology},
  Volume         = {62},
  Number         = {12},
  Pages          = {1445--1467},
  year           = 2006
}

@Article{launer2003,
  Author         = {Launer, J.},
  Title          = {Folk illness and medical models},
  Journal        = {QJM},
  Volume         = {96},
  Number         = {11},
  Pages          = {875},
  publisher      = {Oxford Univ Press},
  year           = 2003
}

@Book{lazarus1991eaa,
  Author         = {Lazarus, R. S.},
  Title          = {{Emotion and adaptation}},
  Publisher      = {Oxford University Press},
  year           = 1991
}

@Book{lefcourt1982,
  Author         = {Lefcourt, Herbert M},
  Title          = {Locus of control: {C}urrent trends in theory and
                   research},
  Publisher      = {Psychology Press},
  year           = 1982
}

@Article{Leh81,
  Author         = {Lehnert, Wendy G.},
  Title          = {Plot Units and Narrative Summarization},
  Journal        = {Cognitive Science: A Multidisciplinary Journal},
  Volume         = {5},
  Number         = {4},
  Pages          = {293-331},
  year           = 1981
}

@Article{lehnert1981pua,
  Author         = {Lehnert, W. G.},
  Title          = {{Plot units and narrative summarization}},
  Journal        = {Cognitive Science},
  Volume         = {5},
  Number         = {4},
  Pages          = {293--331},
  year           = 1981
}

@Article{lehrer2012,
  Author         = {Lehrer, J.},
  Title          = {The truth wears off},
  Journal        = {The New Yorker},
  lastchecked    = {September 26, 2012},
  url            = {http://www.newyorker.com/reporting/2010/12/13/101213fa_fact_lehrer},
  year           = 2012
}

@InBook{levenson2003,
  Author         = {Levenson, R .W.},
  Editor         = {Ekman, P. and Campus, J. J. and Davidson, R. J. and
                   {de Waal F. B. M.}},
  Title          = {Emotions inside out},
  Chapter        = {Blood, sweat, and fears: The autonomic architecture of
                   emotion.},
  Publisher      = {The New York Academy of Sciences},
  Address        = {New York},
  year           = 2004
}

@InProceedings{li2012,
  Author         = {Li, Z and Cai, Li},
  Title          = {Summed score likelihood based indices for testing
                   latent variable distribution fit in item response
                   theory},
  BookTitle      = {Annual International Meeting of the Psychometric
                   Society},
  Address        = {Lincoln, NE},
  howpublished   = {Retrieved from
                   http://www.cse.ucla.edu/downloads/files/SD2-final-4.pdf},
  year           = 2012
}

@Article{LIA01,
  Author         = {Aftanas, L. I. and Golocheikine, S. A.},
  Title          = {Human anterior and frontal midline theta and lower
                   alpha reflect emotionally positive state and
                   internalized attention: {H}igh-resolution {EEG}
                   investigation of meditation},
  Journal        = {Neuroscience Letters},
  Volume         = {310},
  Pages          = {57--60},
  year           = 2001
}

@Article{lillard2012,
  Author         = {Lillard, A. S.},
  Title          = {Preschool children's development in classic
                   {M}ontessori, supplemented {M}ontessori, and
                   conventional programs},
  Journal        = {Journal of School Psychology},
  Volume         = {50},
  Pages          = {379--401},
  year           = 2012
}

@Book{linacre1993,
  Author         = {Linacre, John M and Wright, Benjamin D},
  Title          = {A user's guide to {B}ig{S}teps: {R}asch-model computer
                   program},
  Publisher      = {Mesa Press},
  year           = 1993
}

@Book{linacre1994,
  Author         = {Linacre, J. M.},
  Title          = {Many-facet {R}asch measurement},
  Publisher      = {Mesa Press Chicago},
  Edition        = {2nd},
  year           = 1994
}

@Article{lindstrom1990,
  Author         = {Lindstrom, Mary J and Bates, Douglas},
  Title          = {Nonlinear mixed effects models for repeated measures
                   data},
  Journal        = {Biometrics},
  Pages          = {673--687},
  year           = 1990
}

@Article{liu1998,
  Author         = {Liu, Chuanhai and Rubin, Donald B and Wu, Ying Nian},
  Title          = {Parameter expansion to accelerate {EM}: the {PX}-{EM}
                   algorithm},
  Journal        = {Biometrika},
  Volume         = {85},
  Number         = {4},
  Pages          = {755--770},
  year           = 1998
}

@Misc{lme4,
  Author         = {Douglas Bates and Martin {M{\"a}chler} and Benjamin M.
                   Bolker and Steven Walker},
  Title          = {{l}me4: {L}inear mixed-effects models using {E}igen
                   and {S}4},
  Note           = {ArXiv e-print; submitted to \emph{Journal of
                   Statistical Software}},
  url            = {http://arxiv.org/abs/1406.5823},
  year           = 2014
}

@Article{loken2010,
  Author         = {Loken, Eric and Rulison, Kelly L},
  Title          = {Estimation of a four-parameter item response theory
                   model},
  Journal        = {British Journal of Mathematical and Statistical
                   Psychology},
  Volume         = {63},
  Number         = {3},
  Pages          = {509--525},
  year           = 2010
}

@Article{lorber2005,
  Author         = {Lorber, M. F. and O'Leary, S. G.},
  Title          = {Mediated paths to overreactive discipline: Mothers'
                   experienced emotion, appraisals, and physiological
                   responses.},
  Journal        = {Journal of Consulting and Clinical Psychology},
  Volume         = {73},
  Number         = {5},
  Pages          = {972--981},
  publisher      = {American Psychological Association},
  year           = 2005
}

@Article{lord1968,
  Author         = {Lord, Frederic M and Novick, Melvin R and Birnbaum,
                   Allan},
  Title          = {Statistical theories of mental test scores},
  publisher      = {Addison-Wesley},
  year           = 1968
}

@Article{louis1982,
  Author         = {Louis, Thomas A},
  Title          = {Finding the Observed Information Matrix when Using the
                   {EM} Algorithm},
  Journal        = {Journal of the Royal Statistical Society B
                   (Methodological)},
  Pages          = {226--233},
  year           = 1982
}

@Book{lovibond1996,
  Author         = {Lovibond, S. H. and Lovibond, Peter F.},
  Title          = {Manual for the {D}epression {A}nxiety {S}tress
                   {S}cales},
  Publisher      = {Psychology Foundation of Australia},
  year           = 1996
}

@Article{lovie1996,
  Author         = {Lovie, P. and Lovie, A. D.},
  Title          = {Charles {E}dward {S}pearman, {F}.{R}.{S}. (1863--1945)},
  Journal        = {Notes and Records of the Royal Society},
  Volume         = {50},
  Number         = {1},
  Pages          = {75--88},
  doi            = {10.1098/rsnr.1996.0007},
  isbn           = {1743-0178},
  publisher      = {The Royal Society},
  year           = 1996
}

@Article{lu2005,
  Author         = {Lu, I. R. R. and Thomas, D. R. and Zumbo, B. D.},
  Title          = {Embedding {IRT} in structural equation models: {A}
                   comparison with regression based on {IRT} scores},
  Journal        = {Structural Equation Modeling},
  Volume         = {12},
  Number         = {2},
  Pages          = {263--277},
  year           = 2005
}

@Book{luecken2007,
  Author         = {Luecken, L. J. and Gallo, L. C.},
  Title          = {Handbook of physiological research methods in health
                   psychology},
  Publisher      = {Sage Publications, Inc},
  Address        = {Thousand Oaks, CA},
  year           = 2007
}

@Book{luenberger2008,
  Author         = {Luenberger, David G and Ye, Yinyu},
  Title          = {Linear and Nonlinear Programming},
  Publisher      = {Springer-Verlag},
  year           = 2008
}

@InCollection{LWM04,
  Author         = {Lebbink, H. and Witteman, C. and Meyer, J.},
  Title          = {A dialogue game to offer an agreement to disagree},
  BookTitle      = {N{EED} {FULL} {CITATION}},
  year           = 2004
}

@Article{madison2006,
  Author         = {Madison, G.},
  Title          = {Experiencing groove induced by music: Consistency and
                   phenomenology},
  Journal        = {Music perception},
  Volume         = {24},
  Number         = {2},
  Pages          = {201--208},
  year           = 2006
}

@Article{magis2013,
  Author         = {Magis, David},
  Title          = {A note on the item information function of the
                   four-parameter logistic model},
  Journal        = {Applied Psychological Measurement},
  Volume         = {37},
  Number         = {4},
  Pages          = {304--315},
  year           = 2013
}

@Article{malliani1991,
  Author         = {Malliani, A. and Pagani, M. and Lombardi, F. and
                   Cerutti, S.},
  Title          = {Cardiovascular neural regulation explored in the
                   frequency domain},
  Journal        = {Circulation},
  Volume         = {84},
  Number         = {2},
  Pages          = {482},
  publisher      = {Am Heart Assoc},
  year           = 1991
}

@Article{manocha2000,
  Author         = {Manocha, R.},
  Title          = {Why meditation?},
  Journal        = {Australian Family Physician},
  Volume         = {29},
  Number         = {12},
  Pages          = {1135--1138},
  publisher      = {ROYAL AUSTRALIAN COLLEGE OF GENERAL},
  year           = 2000
}

@Article{manocha2002,
  Author         = {Manocha, R. and Marks, GB and Kenchington, P. and
                   Peters, D. and Salome, CM},
  Title          = {Sahaja yoga in the management of moderate to severe
                   asthma: a randomised controlled trial},
  Journal        = {Thorax},
  Volume         = {57},
  Number         = {2},
  Pages          = {110},
  publisher      = {BMJ Publishing Group Ltd and British Thoracic Society},
  year           = 2002
}

@Article{manocha2007,
  Author         = {Manocha, R. and Semmar, B. and Black, D.},
  Title          = {A pilot study of a mental silence form of meditation
                   for women in perimenopause},
  Journal        = {Journal of Clinical Psychology in Medical Settings},
  Volume         = {14},
  Number         = {3},
  Pages          = {266--273},
  publisher      = {Springer},
  year           = 2007
}

@PhdThesis{manocha2008,
  Author         = {Manocha, R.},
  Title          = {Does meditation have a specific effect? {A} systematic
                   experimental evaluation of a mental silence oriented
                   definition},
  School         = {University of New South Wales},
  Address        = {Australia},
  year           = 2008
}

@Article{manocha2010,
  Author         = {Manocha, R. and Black, D. and Spiro, D. and Ryan, J.
                   and Stough, C.},
  Title          = {Changing definitions of meditation-{I}s there a
                   physiological corollary? {S}kin temperature changes of
                   a mental silence orientated form of meditation compared
                   to rest},
  Journal        = {Journal of International Society of Life Information
                   Science},
  Volume         = {28},
  Number         = {1},
  Pages          = {23--30},
  year           = 2010
}

@Article{manocha2011,
  Author         = {Manocha, R. and Black, D. and Sarris, J. and Stough,
                   C. and others},
  Title          = {A Randomized, Controlled Trial of Meditation for Work
                   Stress, Anxiety and Depressed Mood in Full-Time Workers},
  Journal        = {Evidence-Based Complementary and Alternative Medicine},
  Volume         = {2011},
  publisher      = {Hindawi Publishing Corporation},
  year           = 2011
}

@Book{manocha2013,
  Author         = {Manocha, Ramesh},
  Title          = {Silence your mind},
  Publisher      = {Hachette Australia},
  year           = 2013
}

@Article{manor2004,
  Author         = {Manor, Orly and Zucker, David M.},
  Title          = {Small sample inference for the fixed effects in the
                   mixed linear model},
  Journal        = {Computational Statistics \& Data Analysis},
  Volume         = {46},
  Pages          = {801-817},
  doi            = {10.1016/j.csda.2003.10.005},
  year           = 2004
}

@Book{maranell1974,
  Author         = {Maranell, G. M.},
  Title          = {Responses to religion: Studies in the social
                   psychology of religious belief},
  Publisher      = {University Press of Kansas},
  year           = 1974
}

@Article{martorell2006,
  Author         = {Martorell, G. A. and Bugental, D. B.},
  Title          = {Maternal variations in stress reactivity: Implications
                   for harsh parenting practices with very young children.},
  Journal        = {Journal of family psychology},
  Volume         = {20},
  Number         = {4},
  Pages          = {641},
  publisher      = {American Psychological Association},
  year           = 2006
}

@Book{mascaro1965,
  Author         = {Anonymous and Mascar\'o, J.},
  Title          = {The {U}panishads},
  Publisher      = {Penguin Classics},
  year           = 1965
}

@Book{mascaro1973,
  Author         = {Anonymous and Mascar\'o, J.},
  Title          = {The {D}hammapada: {T}he path of perfection},
  Publisher      = {Penguin Classics},
  year           = 1973
}

@Book{mascaro2002,
  Author         = {Anonymous and Mascar\'o, J. and Brodbeck, S.},
  Title          = {The {B}hagavad {G}ita},
  Publisher      = {Penguin Classics},
  year           = 2002
}

@Article{masters1982,
  Author         = {Masters, G. N.},
  Title          = {A {R}asch model for partial credit scoring},
  Journal        = {Psychometrika},
  Volume         = {47},
  Pages          = {149--174},
  year           = 1982
}

@Book{matsusaka2004,
  Author         = {Matsusaka, J. G.},
  Title          = {For the many or the few: {T}he initiative, public
                   policy, and {A}merican democracy},
  Publisher      = {University of Chicago Press, Chicago},
  year           = 2004
}

@Article{mcardle1984,
  Author         = {McArdle, J Jack and McDonald, Roderick P},
  Title          = {Some algebraic properties of the reticular action
                   model for moment structures},
  Journal        = {British Journal of Mathematical and Statistical
                   Psychology},
  Volume         = {37},
  Number         = {2},
  Pages          = {234--251},
  year           = 1984
}

@InBook{mcardle2005,
  Author         = {McArdle, John J},
  Editor         = {Maydeu-Olivares, Albert and McArdle, John J},
  Title          = {The development of the {RAM} rules for latent variable
                   structural equation modeling},
  Pages          = {225--273},
  Publisher      = {Lawrence Erlbaum Associates, Inc.},
  Address        = {Mahwah, NJ},
  booktitle      = {Contemporary Advances in Psychometrics},
  year           = 2005
}

@Article{mcdonald1978,
  Author         = {McDonald, Roderick P},
  Title          = {A simple comprehensive model for the analysis of
                   covariance structures},
  Journal        = {British Journal of Mathematical and Statistical
                   Psychology},
  Volume         = {31},
  Number         = {1},
  Pages          = {59--72},
  year           = 1978
}

@Article{meijer1995,
  Author         = {Meijer, Erik and van der Leeden, Rien and Busing, F.
                   M. T. A.},
  Title          = {Implementing the bootstrap for multilevel models},
  Journal        = {Multilevel Modelling Newsletter},
  Volume         = {7},
  Number         = {2},
  Pages          = {7--11},
  year           = 1995
}

@Article{meng1991,
  Author         = {Meng, Xiao-Li and Rubin, Donald B},
  Title          = {Using {EM} to Obtain Asymptotic Variance-Covariance
                   Matrices: {T}he {SEM} Algorithm},
  Journal        = {Journal of the American Statistical Association},
  Volume         = {86},
  Number         = {416},
  Pages          = {899--909},
  year           = 1991
}

@Manual{metaSEM,
  Title          = {{m}eta{SEM}: {M}eta-analysis using structural equation
                   modeling},
  Author         = {Mike W.-L. Cheung},
  Note           = {R package version 0.9-0},
  url            = {http://courses.nus.edu.sg/course/psycwlm/Internet/metaSEM/},
  year           = 2014
}

@Book{miller2009,
  Author         = {Miller, K. P.},
  Title          = {Direct democracy and the courts},
  Publisher      = {Cambridge University Press},
  year           = 2009
}

@Article{mislevy1984,
  Author         = {Mislevy, Robert J.},
  Title          = {Estimating Latent Distributions},
  Journal        = {Psychometrika},
  Volume         = {49},
  Number         = {3},
  Pages          = {359--381},
  year           = 1984
}

@InBook{mislevy1993,
  Author         = {Mislevy, Robert J.},
  Editor         = {Frederiksen, N. and Mislevy, Robert J. and Bejar, I.
                   I.},
  Title          = {Foundations of a new test theory},
  Pages          = {19--39},
  Publisher      = {Lawrence Erlbaum Hillsdale},
  Address        = {New Jersey},
  booktitle      = {Test theory for a new generation of tests},
  year           = 1993
}

@Article{monod2011,
  Author         = {Monod, S. and Brennan, M. and Rochat, E. and Martin,
                   E. and Rochat, S. and B{\"u}la, C. J.},
  Title          = {Instruments measuring spirituality in clinical
                   research: {A} systematic review},
  Journal        = {Journal of General Internal Medicine},
  Pages          = {1--13},
  year           = 2011
}

@Book{montessori1988,
  Author         = {Montessori, M.},
  Title          = {Dr. {M}ontessori's own handbook},
  Publisher      = {Schocken},
  year           = 1988
}

@Article{mulla2006,
  Author         = {Mulla, Zubin R and Krishnan, Venkat R},
  Title          = {Karma Yoga: {A} conceptualization and validation of
                   the {I}ndian philosophy of work},
  Journal        = {Journal of Indian Psychology},
  Volume         = {24},
  Number         = {1/2},
  Pages          = {26--43},
  year           = 2006
}

@Article{muraki1992,
  Author         = {Muraki, E.},
  Title          = {A generalized partial credit model: {A}pplication of
                   an {EM} algorithm},
  Journal        = {Applied Psychological Measurement},
  Volume         = {16},
  Pages          = {159--176},
  year           = 1992
}

@Article{muthen1997,
  Author         = {Muthen, Bengt},
  Title          = {Latent variable modeling of longitudinal and
                   multilevel data},
  Journal        = {Sociological methodology},
  Volume         = {27},
  Number         = {1},
  Pages          = {453--480},
  year           = 1997
}

@Manual{mvoutlier,
  Title          = {mvoutlier: {M}ultivariate outlier detection based on
                   robust methods},
  Author         = {Peter Filzmoser and Moritz Gschwandtner},
  Note           = {R package version 2.0.6},
  url            = {http://CRAN.R-project.org/package=mvoutlier},
  year           = 2015
}

@InProceedings{nakakoji2002,
  Author         = {Nakakoji, Kumiyo and Yamamoto, Yasuhiro and Nishinaka,
                   Yoshiyuki and Kishida, Kouichi and Ye, Yunwen},
  Title          = {Evolution patterns of open-source software systems and
                   communities},
  BookTitle      = {Proceedings of the international workshop on
                   Principles of software evolution},
  Pages          = {76--85},
  year           = 2002
}

@Article{neale1997,
  Author         = {Neale, M. C. and Miller, Michael B},
  Title          = {The use of likelihood-based confidence intervals in
                   genetic models},
  Journal        = {Behavior genetics},
  Volume         = {27},
  Number         = {2},
  Pages          = {113--120},
  year           = 1997
}

@InBook{neil2010,
  Author         = {Neil, R. M.},
  Editor         = {{Steve Brooks} and {Andrew Gelman} and {Galin Jones}
                   and {Xiao-Li Meng}},
  Title          = {M{CMC} using {H}amiltonian dynamics},
  Pages          = {113--162},
  Publisher      = {Chapman \& Hall / CRC Press},
  booktitle      = {Handbook of {M}arkov {C}hain {M}onte {C}arlo},
  year           = 2010
}

@Article{newberg2001,
  Author         = {Newberg, Andrew and Alavi, Abass and Baime, Michael
                   and Pourdehnad, Michael and Santanna, Jill and
                   d'Aquili, Eugene},
  Title          = {The measurement of regional cerebral blood flow during
                   the complex cognitive task of meditation: a preliminary
                   SPECT study},
  Journal        = {Psychiatry Research: Neuroimaging},
  Volume         = {106},
  Number         = {2},
  Pages          = {113--122},
  year           = 2001
}

@Article{neyman1948,
  Author         = {Neyman, J. and Scott, E. L.},
  Title          = {Consistent estimates based on partially consistent
                   observations},
  Journal        = {Econometrica},
  Volume         = {16},
  Pages          = {1--32},
  year           = 1948
}

@Book{NF87,
  Author         = {Frijda, N.},
  Title          = {The emotions.},
  Publisher      = {Cambridge University Press},
  Address        = {New York},
  year           = 1987
}

@Article{nissani1997,
  Author         = {Nissani, M.},
  Title          = {Ten cheers for interdisciplinarity: {T}he case for
                   interdisciplinary knowledge and research},
  Journal        = {The Social Science Journal},
  Volume         = {34},
  Number         = {2},
  Pages          = {201--216},
  year           = 1997
}

@Article{nosek2012a,
  Author         = {Nosek, B. A. and Bar-Anan, Y.},
  Title          = {Scientific {U}topia: {I}. {O}pening scientific
                   communication},
  Journal        = {Psychological Inquiry},
  year           = 2012
}

@Article{nosek2012b,
  Author         = {Nosek, B. and Spies, J. and Motyl, M.},
  Title          = {Scientific utopia: {II}. {R}estructuring incentives
                   and practices to promote truth over publishability},
  Journal        = {Perspectives on Psychological Science},
  Volume         = {7},
  Pages          = {610--626},
  url            = {http://ssrn.com/abstract=2062465},
  year           = 2012
}

@Article{nosek2015,
  Author         = {Nosek, BA and Alter, G and Banks, GC and Borsboom, D
                   and Bowman, SD and Breckler, SJ and Buck, S and
                   Chambers, CD and Chin, G and Christensen, G and others},
  Title          = {Promoting an open research culture},
  Journal        = {Science},
  Volume         = {348},
  Number         = {6242},
  Pages          = {1422--1425},
  year           = 2015
}

@Article{oakes1999,
  Author         = {Oakes, David},
  Title          = {Direct Calculation of the Information Matrix Via the
                   {EM} Algorithm},
  Journal        = {Journal of the Royal Statistical Society B
                   (Statistical Methodology)},
  Volume         = {61},
  Number         = {2},
  Pages          = {479--482},
  year           = 1999
}

@Book{occ88,
  Author         = {Ortony, A. and Clore, G. and Collins, A.},
  Title          = {The Cognitive Structure of Emotions},
  Publisher      = {Cambridge University Press},
  year           = 1988
}

@Article{oecd2011,
  Author         = "OECD",
  Title          = {Lessons from {PISA} for the {U}nited {S}tates:
                   {S}trong performers and successful reformers in
                   education},
  Journal        = {OECD Publishing},
  doi            = {10.1787/9789264096660-en},
  year           = 2011
}

@Article{ohara2003,
  Author         = {O'Hara, K. J. and Kay, J. S.},
  Title          = {Open source software and computer science education},
  Journal        = {Journal of Computing Sciences in Colleges},
  Volume         = {18},
  Number         = {3},
  Pages          = {1--7},
  year           = 2003
}

@Article{openmx2,
  Author         = {Neale, M. C. and Hunter, M. D. and Pritikin, J. N. and
                   Zahery, M. and Brick, Timothy R and Kirkpatrick, R. and
                   Estabrook, R. and Bates, T. C. and Maes, H. and Boker,
                   S. M.},
  Title          = {\pkg{Open{M}x} 2.0: {E}xtended Structural Equation and
                   Statistical Modeling},
  Journal        = {Psychometrika},
  doi            = {10.1007/s11336-014-9435-8},
  pubstate       = {in press},
  year           = {in press}
}

@software{oprofile,
  author         = {Levon, J.},
  title          = {O{P}rofile},
  titleaddon     = {Computer software},
  url            = {http://oprofile.sourceforge.net/},
  year           = 2014
}

@InProceedings{orchard1972,
  Author         = {Orchard, Terence and Woodbury, Max A},
  Title          = {A Missing Information Principle: {T}heory and
                   Applications},
  BookTitle      = {Proceedings of the 6th {B}erkeley {S}ymposium on
                   {M}athematical {S}tatistics and {P}robability},
  Volume         = {1},
  Pages          = {697--715},
  year           = 1972
}

@Article{orlando2000,
  Author         = {Orlando, M. and Thissen, D.},
  Title          = {Likelihood-Based Item-Fit Indices for Dichotomous
                   {I}tem {R}esponse {T}heory Models},
  Journal        = {Applied Psychological Measurement},
  Volume         = {24},
  Number         = {1},
  Pages          = {50--64},
  year           = 2000
}

@Article{orme2008,
  Author         = {Orme-Johnson, D. W.},
  Title          = {Commentary on the {AHRQ} report on research on
                   meditation practices in health},
  Journal        = {The Journal of Alternative and Complementary Medicine},
  Volume         = {14},
  Number         = {10},
  Pages          = {1215--1221},
  year           = 2008
}

@InCollection{Ort03,
  Author         = {Ortony, A.},
  Title          = {On making believable emotional agents believable},
  BookTitle      = {Emotions in humans and artifacts},
  Publisher      = {MIT Press},
  Editor         = {Trappl, R. and Petta, P. and Payr, S.},
  Pages          = {189-211},
  Address        = {Cambridge, MA},
  year           = 2003
}

@Article{Ort87,
  Author         = {Ortony, A. and Clore, G. and Foss, M. A.},
  Title          = {The referential structure of the affective lexicon},
  Journal        = {Cognitive Science},
  Volume         = {11},
  Pages          = {341-364},
  year           = 1987
}

@Article{osgood1970,
  Author         = {Osgood, C. E.},
  Title          = {{Speculation on the structure of interpersonal
                   intentions}},
  Journal        = {Behavioral Science},
  Volume         = {15},
  Number         = {3},
  Pages          = {237-254},
  year           = 1970
}

@TechReport{ospina2007,
  Author         = {Ospina, M. B. and Bond, T. K. and Karkhaneh, M. and
                   Tjosvold, L. and Vandermeer, B. and Liang, Y. and
                   Bialy, L. and Hooton, N. and Buscemi, N. and Dryden, D.
                   M. and Klassen, T. P.},
  Title          = {Meditation practices for health: {S}tate of the
                   research.},
  Institution    = {Agency for Healthcare Research and Quality},
  Type           = {Evidence Report/Technology Assessment},
  Number         = {155},
  Address        = {Rockville, MD},
  month          = jun,
  year           = 2007
}

@Article{pacchetti2000,
  Author         = {Pacchetti, C. and Mancini, F. and Aglieri, R. and
                   Fundar{\`o}, C. and Martignoni, E. and Nappi, G.},
  Title          = {Active music therapy in {P}arkinson's disease: {A}n
                   integrative method for motor and emotional
                   rehabilitation},
  Journal        = {Psychosomatic medicine},
  Volume         = {62},
  Number         = {3},
  Pages          = {386--393},
  year           = 2000
}

@Article{paek2014,
  Author         = {Paek, Insu and Cai, Li},
  Title          = {A Comparison of Item Parameter Standard Error
                   Estimation Procedures for Unidimensional and
                   Multidimensional Item Response Theory Modeling},
  Journal        = {Educational and Psychological Measurement},
  Volume         = {74},
  Number         = {1},
  Pages          = {58-76},
  doi            = {10.1177/0013164413500277},
  year           = 2014
}

@Article{palomba2000,
  Author         = {Palomba, D. and Sarlo, M. and Angrilli, A. and Mini,
                   A. and Stegagno, L.},
  Title          = {Cardiac responses associated with affective processing
                   of unpleasant film stimuli},
  Journal        = {International Journal of Psychophysiology},
  Volume         = {36},
  Number         = {1},
  Pages          = {45--57},
  publisher      = {Elsevier},
  year           = 2000
}

@Article{panjwani2000,
  Author         = {Panjwani, U. and Selvamurthy, W. and Singh, S. H. and
                   Gupta, H. L. and Mukhopadhyay, S. and Thakur, L.},
  Title          = {Effect of Sahaja yoga meditation on auditory evoked
                   potentials (AEP) and visual contrast sensitivity (VCS)
                   in epileptics},
  Journal        = {Applied psychophysiology and biofeedback},
  Volume         = {25},
  Number         = {1},
  Pages          = {1--12},
  publisher      = {Springer},
  year           = 2000
}

@Article{pantanen2011,
  Author         = {Partanen, Anu},
  Title          = {What {A}mericans keep ignoring about {F}inland's
                   school success},
  Journal        = {The Atlantic},
  lastchecked    = {September 17, 2012},
  month          = {29 } # dec,
  url            = {http://www.theatlantic.com/national/archive/2011/12/what-americans-keep-ignoring-about-finlands-school-success/250564/},
  year           = 2011
}

@Book{pargament1997,
  Author         = {Pargament, K. I.},
  Title          = {The psychology of religion and coping: {T}heory,
                   research, practice},
  Publisher      = {The Guilford Press},
  year           = 1997
}

@Article{patterson1971,
  Author         = {Patterson, H Desmond and Thompson, Robin},
  Title          = {Recovery of inter-block information when block sizes
                   are unequal},
  Journal        = {Biometrika},
  Volume         = {58},
  Number         = {3},
  Pages          = {545--554},
  year           = 1971
}

@Book{pawitan2001,
  Author         = {Pawitan, Yudi},
  Title          = {In all likelihood: {S}tatistical modelling and
                   inference using likelihood},
  Publisher      = {Oxford University Press},
  year           = 2001
}

@Book{PE82,
  Editor         = {Ekman, Paul},
  Title          = {Emotion in the human face.},
  Publisher      = {Cambridge University Press},
  Address        = {New York},
  year           = 1982
}

@Book{pearl2000,
  Author         = {Pearl, Judea},
  Title          = {Causality: {M}odels, reasoning and inference},
  Publisher      = {Cambridge University Press},
  year           = 2000
}

@Article{pek2015,
  Author         = {Pek, Jolynn and Wu, Hao},
  Title          = {Profile Likelihood-Based Confidence Intervals and
                   Regions for Structural Equation Models},
  Journal        = {Psychometrika},
  pubstate       = {in press},
  year           = {in press}
}

@Article{pekala1981,
  Author         = {Pekala, R. J. and Levine, R. L.},
  Title          = {Mapping consciousness: {D}evelopment of an
                   empirical-phenomenological approach},
  Journal        = {Imagination, Cognition and Personality},
  Volume         = {1},
  Number         = {1},
  Pages          = {29--47},
  year           = 1981
}

@Article{peng2011,
  Author         = {Peng, Roger D},
  Title          = {Reproducible research in computational science},
  Journal        = {Science},
  Volume         = {334},
  Number         = {6060},
  Pages          = {1226},
  year           = 2011
}

@Article{perkins2011,
  Author         = "William Perkins and Mark Tygert and Rachel Ward",
  Title          = "Computing the confidence levels for a root-mean-square
                   test of goodness-of-fit",
  Journal        = "Applied Mathematics and Computation ",
  Volume         = "217",
  Number         = "22",
  Pages          = "9072 - 9084",
  doi            = "http://dx.doi.org/10.1016/j.amc.2011.03.124",
  url            = "http://www.sciencedirect.com/science/article/pii/S0096300311004929",
  year           = 2011
}

@Misc{petersen2006,
  Author         = {Petersen, Kaare Brandt and Pedersen, Michael Syskind},
  Title          = {The matrix cookbook},
  publisher      = {Technical University of Denmark},
  year           = 2006
}

@Book{peterson2004,
  Author         = {Peterson, C. and Seligman, M. E. P.},
  Title          = {Character strengths and virtues: A handbook and
                   classification},
  Publisher      = {Oxford University Press},
  year           = 2004
}

@Book{pinheiro2000,
  Author         = {Pinheiro, Jos{\'e} C and Bates, Douglas},
  Title          = {Mixed-effects models in S and S-PLUS},
  Publisher      = {Springer Science \& Business Media},
  year           = 2000
}

@Manual{plummer:2013,
  Title          = {J{AGS} version 3.4.0 user manual},
  Author         = {Plummer, Martyn},
  url            = {http://mcmc-jags.sourceforge.net/},
  year           = 2013
}

@Article{pomeranz1985,
  Author         = {Pomeranz, B. and Macaulay, RJ and Caudill, M.A. and
                   Kutz, I. and Adam, D. and Gordon, D. and Kilborn, K.M.
                   and Barger, A.C. and Shannon, D.C. and Cohen, R.J. and
                   others},
  Title          = {Assessment of autonomic function in humans by heart
                   rate spectral analysis},
  Journal        = {American Journal of Physiology-Heart and Circulatory
                   Physiology},
  Volume         = {248},
  Number         = {1},
  Pages          = {H151},
  publisher      = {Am Physiological Soc},
  year           = 1985
}

@Article{ponticelli2011,
  Author         = {Ponticelli, J. and Voth, H.J.},
  Title          = {Austerity and Anarchy: Budget Cuts and Social Unrest
                   in Europe, 1919-2009},
  year           = 2011
}

@Article{porges2007,
  Author         = {Porges, S. W.},
  Title          = {The polyvagal perspective},
  Journal        = {Biological Psychology},
  Volume         = {74},
  Number         = {2},
  Pages          = {116--143},
  publisher      = {Elsevier},
  year           = 2007
}

@InBook{Pov01,
  Author         = {Povinelli, D. J.},
  Editor         = {Malle, B. and Baldwin, D. and Moses, L.},
  Title          = {Intentions and Intentionality: {F}oundations of Social
                   Cognition},
  Chapter        = {On the possibilities of detecting intentions prior to
                   understanding them},
  Publisher      = {MIT Press},
  Address        = {Cambridge, MA},
  year           = 2001
}

@Article{preston1982,
  Author         = {Preston, D. L.},
  Title          = {Meditative ritual practice and spiritual
                   conversion-commitment: {T}heoretical implications based
                   on the case of {Z}en},
  Journal        = {Sociology of Religion},
  Volume         = {43},
  Number         = {3},
  Pages          = {257--270},
  year           = 1982
}

@InCollection{Pri07,
  Author         = {Pritikin, J. N.},
  Title          = {We ought to characterize dyadic prospects},
  BookTitle      = {International {C}onference on {A}ffective {C}omputing
                   and {I}ntelligent {I}nteraction: {D}octoral
                   {C}onsortium},
  Address        = {Lisbon, Portugal},
  year           = 2007
}

@Manual{pritikin1997,
  Title          = {Event},
  editor         = {Pritikin, Joshua N.},
  lastchecked    = {September 6, 2012},
  url            = {http:/search.cpan.org/~jprit/Event-1.20/lib/Event.pod},
  year           = 1997
}

@InCollection{pritikin2013,
  Author         = {Pritikin, J. N. and Schmidt, K.},
  Title          = {A self-report measure for familiarity with mental
                   silence},
  BookTitle      = {Spirituality in the 21st century: {J}ourneys beyond
                   {E}ntrenched {B}oundaries},
  Publisher      = {Inter-Disciplinary Press},
  Editor         = {Moer, Wim van and \c{C}elik, D. A. and Hochheimer, J.
                   L.},
  Pages          = {23--31},
  Address        = {Oxford, United Kingdom},
  year           = 2013
}

@MastersThesis{pritikin2014,
  Author         = {Pritikin, J. N.},
  Title          = {Item {F}actor {A}nalysis: {A} primer and new
                   open-source implementation},
  School         = {University of Virginia},
  year           = 2014
}

@Article{pritikin2014a,
  Author         = {Pritikin, J. N. and Hunter, M. D. and Boker, S. M.},
  Title          = {Modular Open-Source Software for {I}tem {F}actor
                   {A}nalysis},
  Journal        = {Educational and Psychological Measurement},
  Volume         = {75},
  Number         = {3},
  Pages          = {458-474},
  doi            = {10.1177/0013164414554615},
  year           = 2015
}

@Article{pritikin2014b,
  Author         = {Kelly, Gemma and Mobbs, Sue and Pritikin, J. N. and
                   Mayston, Margaret and Mather, Michael and Rosenbaum,
                   Peter and Henderson, Robin and Forsyth, Rob},
  Title          = {Gross Motor Function Measure-66 trajectories in
                   children recovering after severe acquired brain injury},
  Journal        = {Developmental Medicine and Child Neurology},
  Volume         = {57},
  Number         = {3},
  Pages          = {241--247},
  doi            = {10.1111/dmcn.12592},
  url            = {http://dx.doi.org/10.1111/dmcn.12592},
  year           = 2015
}

@Article{pritikin2015,
  Author         = {J. N. Pritikin},
  Title          = {A computational note on the application of the
                   {S}upplemented {EM} algorithm to item response models},
  pubstate       = {submitted},
  year           = {submitted}
}

@Article{pritikin2015a,
  Author         = {J. N. Pritikin and Charles Driver and Vega Bharadwaj
                   and Karen M. Schmidt and Ramesh Manocha and Sarah L.
                   Thomas and others},
  Title          = {A self report measure for {T}ransient {I}mplicit
                   {E}xplicit {S}ynchronization ({TIES})},
  pubstate       = {in preparation},
  year           = {in preparation}
}

@Article{pritikin2015b,
  Author         = {J. N. Pritikin and Karen M. Schmidt},
  Title          = {Model Builder for {I}tem {F}actor {A}nalysis with
                   {O}pen{M}x},
  Journal        = {R Journal},
  pubstate       = {in press},
  year           = {in press}
}

@Article{pritikin2016,
  Author         = {Pritikin, J. N. and von Oertzen, T. and Boker, Steven
                   and Brick, Timothy},
  Title          = {Rotation of multilevel {S}tructural {E}quation
                   {M}odels for dramatically improved speed and accuracy},
  pubstate       = {in preparation},
  year           = {in preparation}
}

@Article{pumprla2002,
  Author         = {Pumprla, J. and Howorka, K. and Groves, D. and
                   Chester, M. and Nolan, J.},
  Title          = {Functional assessment of heart rate variability:
                   physiological basis and practical applications},
  Journal        = {International Journal of cardiology},
  Volume         = {84},
  Number         = {1},
  Pages          = {1--14},
  publisher      = {Elsevier},
  year           = 2002
}

@Article{quigley2006,
  Author         = {Quigley, K. S. and Stifter, C. A.},
  Title          = {A comparative validation of sympathetic reactivity in
                   children and adults},
  Journal        = {Psychophysiology},
  Volume         = {43},
  Number         = {4},
  Pages          = {357--365},
  publisher      = {Wiley Online Library},
  year           = 2006
}

@Article{rabe2004,
  Author         = {Rabe-Hesketh, Sophia and Skrondal, Anders and Pickles,
                   Andrew},
  Title          = {Generalized multilevel structural equation modeling},
  Journal        = {Psychometrika},
  Volume         = {69},
  Number         = {2},
  Pages          = {167--190},
  year           = 2004
}

@Article{raiche2005,
  Author         = {Ra{\^\i}che, G.},
  Title          = {Critical eigenvalue sizes in standardized residual
                   principal components analysis},
  Journal        = {Rasch Measurement Transactions},
  Volume         = {19},
  Number         = {1},
  Pages          = {1012},
  year           = 2005
}

@Article{ramamurthi1995,
  Author         = {Ramamurthi, B.},
  Title          = {The fourth state of consciousness: {T}he {T}huriya
                   {A}vastha},
  Journal        = {Psychiatry and Clinical Neurosciences},
  Volume         = {49},
  Number         = {2},
  Pages          = {107--110},
  year           = 1995
}

@Article{rammsayer1999,
  Author         = {Rammsayer, Thomas H},
  Title          = {Neuropharmacological evidence for different timing
                   mechanisms in humans},
  Journal        = {The Quarterly Journal of Experimental Psychology:
                   Section B},
  Volume         = {52},
  Number         = {3},
  Pages          = {273--286},
  year           = 1999
}

@Article{ramsay1975,
  Author         = {Ramsay, James O},
  Title          = {Solving implicit equations in psychometric data
                   analysis},
  Journal        = {Psychometrika},
  Volume         = {40},
  Number         = {3},
  Pages          = {337--360},
  year           = 1975
}

@Book{rasch1960,
  Author         = {Rasch, Georg},
  Title          = {Probabilistic Models for Some Intelligence and
                   Attainment Tests},
  Publisher      = {MESA Press},
  year           = {1960/1993}
}

@Article{raudenbush1999,
  Author         = {Raudenbush, Stephen W and Sampson, Robert},
  Title          = {Assessing direct and indirect effects in multilevel
                   designs with latent variables},
  Journal        = {Sociological Methods \& Research},
  Volume         = {28},
  Number         = {2},
  Pages          = {123--153},
  year           = 1999
}

@Article{reckase1985,
  Author         = {Reckase, Mark D},
  Title          = {The difficulty of test items that measure more than
                   one ability},
  Journal        = {Applied Psychological Measurement},
  Volume         = {9},
  Number         = {4},
  Pages          = {401--412},
  year           = 1985
}

@Book{reeve2009,
  Author         = {Reeve, J.},
  Title          = {{Understanding motivation and emotion}},
  Publisher      = {John Wiley \& Sons, Inc.},
  year           = 2009
}

@Article{repp2005,
  Author         = {Repp, B. H.},
  Title          = {Sensorimotor synchronization: {A} review of the
                   tapping literature},
  Journal        = {Psychonomic Bulletin \& Review},
  Volume         = {12},
  Number         = {6},
  Pages          = {969--992},
  year           = 2005
}

@Article{reynolds1982,
  Author         = {Reynolds, William M},
  Title          = {Development of reliable and valid short forms of the
                   {M}arlowe-{C}rowne social desirability scale},
  Journal        = {Journal of Clinical Psychology},
  Volume         = {38},
  Number         = {1},
  Pages          = {119--125},
  year           = 1982
}

@Article{rizopoulos2006,
  Author         = {Dimitris Rizopoulos},
  Title          = {{l}tm: {A}n {R} package for latent variable modelling
                   and item response theory analyses},
  Journal        = {Journal of Statistical Software},
  Volume         = {17},
  Number         = {5},
  Pages          = {1--25},
  url            = {http://www.jstatsoft.org/v17/i05/},
  year           = 2006
}

@Manual{Rlanguage,
  Title          = {\proglang{R}: {A} Language and Environment for
                   Statistical Computing},
  Author         = {{R Core Team}},
  Organization   = {R Foundation for Statistical Computing},
  Address        = {Vienna, Austria},
  url            = {http://www.R-project.org},
  year           = 2014
}

@Manual{rmarkdown,
  Title          = {Rmarkdown: Dynamic Documents for R},
  Author         = {JJ Allaire and Jonathan McPherson and Yihui Xie and
                   Hadley Wickham and Joe Cheng and Jeff Allen},
  Note           = {R package version 0.3.8},
  url            = {http://rmarkdown.rstudio.com},
  year           = 2014
}

@Article{rubia2009,
  Author         = {Rubia, K.},
  Title          = {The neurobiology of meditation and its clinical
                   effectiveness in psychiatric disorders},
  Journal        = {Biological Psychology},
  Volume         = {82},
  Number         = {1},
  Pages          = {1--11},
  year           = 2009
}

@Article{Rus03,
  Author         = {Russell, J. A.},
  Title          = {Core affect and the psychological construction of
                   emotion},
  Journal        = {Psychological Review},
  Volume         = {110},
  Pages          = {145-172},
  year           = 2003
}

@Article{ryff1989,
  Author         = {Ryff, Carol D},
  Title          = {Happiness is everything, or is it? {E}xplorations on
                   the meaning of psychological well-being},
  Journal        = {Journal of Personality and Social Psychology},
  Volume         = {57},
  Number         = {6},
  Pages          = {1069},
  year           = 1989
}

@Article{samejima1969,
  Author         = {Samejima, Fumiko},
  Title          = {Estimation of Latent Ability Using a Response Pattern
                   of Graded Scores},
  Journal        = {Psychometrika Monograph Supplement},
  Volume         = {34},
  Number         = {4},
  Pages          = {100},
  year           = 1969
}

@Article{savalei2006,
  Author         = {Savalei, Victoria},
  Title          = {Logistic approximation to the normal: {T}he {KL}
                   rationale},
  Journal        = {Psychometrika},
  Volume         = {71},
  Number         = {4},
  Pages          = {763--767},
  year           = 2006
}

@Book{sawyer2007,
  Author         = {Sawyer, Keith},
  Title          = {Group genius: {T}he creative power of collaboration},
  Publisher      = {Basic Books},
  year           = 2007
}

@InBook{Sch94,
  Author         = {Scherer, K. R.},
  Editor         = {Ekman, P. and Davidson, R. J.},
  Title          = {The nature of emotion: {F}undamental questions},
  Chapter        = {Emotion serves to decouple stimulus and response},
  Pages          = {127-130},
  Publisher      = {Oxford University Press},
  Address        = {New York/Oxford},
  year           = 1994
}

@Article{schilling2005,
  Author         = {Schilling, S. and Bock, R. D.},
  Title          = {High-dimensional maximum marginal likelihood item
                   factor analysis by adaptive quadrature},
  Journal        = {Psychometrika},
  Volume         = {70},
  Number         = {3},
  Pages          = {533--555},
  publisher      = {Springer},
  year           = 2005
}

@Article{schimmack2012,
  Author         = {Schimmack, U.},
  Title          = {The Ironic Effect of Significant Results on the
                   Credibility of Multiple-Study Articles},
  Journal        = {Psychological Methods},
  doi            = {10.1037/a0029487},
  howpublished   = {Advanced online publication},
  year           = 2012
}

@Article{schutte1998,
  Author         = {Schutte, Nicola S and Malouff, John M and Hall, Lena E
                   and Haggerty, Donald J and Cooper, Joan T and Golden,
                   Charles J and Dornheim, Liane},
  Title          = {Development and validation of a measure of emotional
                   intelligence},
  Journal        = {Personality and Individual Differences},
  Volume         = {25},
  Number         = {2},
  Pages          = {167--177},
  year           = 1998
}

@Book{Sea83,
  Author         = {Searle, John R.},
  Title          = {Intentionality: {A}n essay in the philosophy of mind},
  Publisher      = {Cambridge University Press},
  year           = 1983
}

@Book{searle1992,
  Author         = {Searle, Shayle R and Casella, George and McCulloch,
                   Charles E},
  Title          = {Variance components},
  Publisher      = {John Wiley \& Sons, Inc.},
  year           = 1992
}

@InBook{seligman2006,
  Author         = {Seligman, M. E. P.},
  Editor         = {Csikszentmihalyi, M. and Csikszentmihalyi, I.S.},
  Title          = {Afterwood: Breaking the 65 percent barrier},
  Pages          = {230--236},
  Publisher      = {Oxford University Press, USA},
  booktitle      = {A life worth living: Contributions to positive
                   psychology},
  year           = 2006
}

@Manual{semdiag,
  Title          = {semdiag: {S}tructural equation modeling diagnostics},
  Author         = {Zhiyong Zhang and Ke-Hai Yuan},
  Note           = {R package version 0.1.2},
  url            = {http://CRAN.R-project.org/package=semdiag},
  year           = 2012
}

@InBook{shapiro2009,
  Author         = {Shapiro, S. L.},
  Editor         = {Snyder, C. R. and Lopez, S. J.},
  Title          = {Meditation and positive psychology},
  Pages          = {601--610},
  Publisher      = {Oxford University Press},
  Edition        = {2nd},
  booktitle      = {Oxford handbook of positive psychology},
  year           = 2009
}

@Book{sheldon2011,
  Editor         = {Sheldon, K. M. and Kashdan, T. B. and Kashdan, T. and
                   Steger, M. F.},
  Title          = {Designing positive psychology: {T}aking stock and
                   moving forward},
  Publisher      = {Oxford University Press},
  year           = 2011
}

@Manual{shiny:webapp,
  Title          = {shiny: Web Application Framework for R},
  Author         = {{RStudio} and {Inc.}},
  Note           = {R package version 0.10.2.1},
  url            = {http://CRAN.R-project.org/package=shiny},
  year           = 2014
}

@Article{simmons2011,
  Author         = {Simmons, J. P. and Nelson, L. D. and Simonsohn, U.},
  Title          = {False-Positive Psychology Undisclosed Flexibility in
                   Data Collection and Analysis Allows Presenting Anything
                   as Significant},
  Journal        = {Psychological Science},
  Volume         = {22},
  Number         = {11},
  Pages          = {1359--1366},
  year           = 2011
}

@Book{skrondal2004,
  Author         = {Skrondal, Anders and Rabe-Hesketh, Sophia},
  Title          = {Generalized latent variable modeling: {M}ultilevel,
                   longitudinal, and structural equation models},
  Publisher      = {CRC Press},
  year           = 2004
}

@InCollection{SL90,
  Author         = {Smith, C. A. and Lazarus, R.},
  Title          = {Emotion and adaptation},
  BookTitle      = {Handbook of personality: {T}heory \& research},
  Publisher      = {Guilford Press},
  Editor         = {Pervin},
  Pages          = {609-637},
  Address        = {New York},
  year           = 1990
}

@Article{smith2003,
  Author         = {Smith, Gordon C. S. and Pell, Jill P.},
  Title          = {Parachute use to prevent death and major trauma
                   related to gravitational challenge: {S}ystematic review
                   of randomised controlled trials},
  Journal        = {British Medical Journal},
  Volume         = {327},
  Number         = {7429},
  Pages          = {1459},
  year           = 2003
}

@Book{snyder2009,
  Editor         = {Snyder, C. R. and Lopez, S. J.},
  Title          = {Oxford handbook of positive psychology},
  Publisher      = {Oxford University Press},
  Edition        = {2nd},
  year           = 2009
}

@InBook{Spe03,
  Author         = {Spelke, E. S.},
  Editor         = {Gentner, D. and Goldin-Meadow, S.},
  Title          = {Language in mind: {A}dvances in the study of language
                   and thought},
  Chapter        = {What makes humans smart?},
  Publisher      = {MIT Press},
  Address        = {Cambridge, MA},
  year           = 2003
}

@Book{spielberger1983,
  Author         = {Spielberger, C. D. and Gorsuch, R. L. and Lushene, R.
                   and Vagg, P. R. and Jacobs, G. A.},
  Title          = {Manual for the {S}tate-{T}rait {A}nxiety {I}nventory},
  Publisher      = {Consulting Psychologists Press},
  Address        = {Palo Alto, CA},
  year           = 1983
}

@Manual{ssi2013,
  Title          = {\proglang{IRTPRO}},
  Author         = {Cai, L. and Thissen, D. and du Toit, Stephen},
  publisher      = {Scientific Software International},
  titleaddon     = {Software manual},
  url            = {http://www.ssicentral.com/irt/index.html},
  version        = {2.1},
  year           = 2011
}

@Unpublished{SSR+,
  Author         = {Sturge-Apple, M. L. and Skibo, M. A. and Raines, K. E.
                   and Rogosch, F. A.},
  Title          = {Parenting in process: {S}ocio-contextual influences on
                   maternal physiological reactivity to toddler emotional
                   distress and maternal caregiving behaviors}
}

@Article{ST00,
  Author         = {Scholl, B. J. and Tremoulet, P.},
  Title          = {Perceptual causality and animacy},
  Journal        = {Trends in Cognitive Sciences},
  Volume         = {4},
  Number         = {8},
  Pages          = {299-309},
  year           = 2000
}

@Misc{stallman2012,
  Author         = {{Free Software Foundation}},
  Title          = {Philosophy of the {GNU} {P}roject},
  institution    = {Free Software Foundation, Inc},
  lastchecked    = {September 6, 2012},
  url            = {http://www.gnu.org/philosophy/philosophy.html}
}

@Manual{stan-manual:2014,
  Title          = {Stan Modeling Language Users Guide and Reference
                   Manual, Version 2.5.0},
  Author         = {{Stan Development Team}},
  url            = {http://mc-stan.org/},
  year           = 2014
}

@Article{stanton2001,
  Author         = {Stanton, Jeffrey M},
  Title          = {Galton, {P}earson, and the peas: {A} brief history of
                   linear regression for statistics instructors},
  Journal        = {Journal of Statistics Education},
  Volume         = {9},
  Number         = {3},
  year           = 2001
}

@InBook{stata14-mixed,
  Author         = {StataCorp},
  Title          = {Stata multilevel mixed-effects reference manual},
  Publisher      = {College Station},
  Address        = {TX},
  booktitle      = {Stata: {R}elease 14 {S}tatistical {S}oftware},
  year           = 2015
}

@Article{stewart2009,
  Author         = {Stewart-Brown, Sarah and Tennant, Alan and Tennant,
                   Ruth and Platt, Stephen and Parkinson, Jane and Weich,
                   Scott},
  Title          = {Internal construct validity of the
                   {W}arwick-{E}dinburgh mental well-being scale
                   ({WEMWBS}): {A} {R}asch analysis using data from the
                   {S}cottish health education population survey},
  Journal        = {Health and Quality of Life Outcomes},
  Volume         = {7},
  Number         = {1},
  Pages          = {15--22},
  year           = 2009
}

@Article{sturge2009,
  Author         = {Sturge-Apple, M. L. and Davies, P. T. and Cicchetti,
                   D. and Cummings, E. M.},
  Title          = {The role of mothers' and fathers' adrenocortical
                   reactivity in spillover between interparental conflict
                   and parenting practices.},
  Journal        = {Journal of Family Psychology},
  Volume         = {23},
  Number         = {2},
  Pages          = {215},
  publisher      = {American Psychological Association},
  year           = 2009
}

@Article{takane1987,
  Author         = {Takane, Yoshio and De Leeuw, Jan},
  Title          = {On the relationship between item response theory and
                   factor analysis of discretized variables},
  Journal        = {Psychometrika},
  Volume         = {52},
  Number         = {3},
  Pages          = {393--408},
  year           = 1987
}

@Book{tan2010,
  Author         = {Tan, Siu-Lan and Pfordresher, Peter and Harr{\'e}, Rom},
  Title          = {Psychology of music: {F}rom sound to significance},
  Publisher      = {Psychology Press},
  year           = 2010
}

@Article{TCC+05,
  Author         = {Tomasello, M. and Carpenter, M. and Call, J. and
                   Behne, T. and Moll, H.},
  Title          = {Understanding and sharing intentions: {T}he origins of
                   cultural cognition},
  Journal        = {Behavioral and Brain Sciences},
  Volume         = {28},
  Pages          = {675-691},
  year           = 2005
}

@Article{TCH03,
  Author         = {Tomasello, M. and Call, J. and Hare, B.},
  Title          = {Chimpanzees understand psychological states: {T}he
                   question is which ones and to what extent},
  Journal        = {Trends in Cognitive Science},
  Pages          = {153-156},
  year           = 2003
}

@Article{tennant2007,
  Author         = {Tennant, Ruth and Hiller, Louise and Fishwick, Ruth
                   and Platt, Stephen and Joseph, Stephen and Weich, Scott
                   and Parkinson, Jane and Secker, Jenny and
                   Stewart-Brown, Sarah},
  Title          = {The {W}arwick-{E}dinburgh {M}ental {W}ell-{B}eing
                   {S}cale ({WEMWBS}): {D}evelopment and {UK} validation},
  Journal        = {Health and Quality of Life Outcomes},
  Volume         = {5},
  Number         = {1},
  Pages          = {63},
  year           = 2007
}

@Article{thissen1986,
  Author         = {Thissen, D. and Steinberg, L.},
  Title          = {A taxonomy of item response models},
  Journal        = {Psychometrika},
  Volume         = {51},
  Number         = {4},
  Pages          = {567--577},
  year           = 1986
}

@Article{thissen1988,
  Author =	 {Thissen, David and Steinberg, Lynne},
  Title =	 {Data analysis using item response theory},
  Journal =	 {Psychological Bulletin},
  Volume =	 {104},
  Number =	 {3},
  Pages =	 {385--395},
  year =	 1988
}

@Article{thissen1989,
  Author =	 {Thissen, D. and Steinberg, Lynne and Mooney, Jo Ann},
  Title =	 {Trace lines for testlets: {A} use of
                  multiple-categorical-response models},
  Journal =	 {Journal of Educational Measurement},
  Volume =	 {26},
  Number =	 {3},
  Pages =	 {247--260},
  year =	 1989
}

@Manual{nlme,
  title =	 {{nlme}: Linear and Nonlinear Mixed Effects Models},
  author =	 {Jose Pinheiro and Douglas Bates and Saikat DebRoy
                  and Deepayan Sarkar and {R Core Team}},
  year =	 {2016},
  note =	 {R package version 3.1-124},
  url =		 {http://CRAN.R-project.org/package=nlme},
}

@Article{thissen1995,
  Author         = {Thissen, D. and Pommerich, Mary and Billeaud, Kathleen
                   and Williams, Valerie SL},
  Title          = {Item {R}esponse {T}heory for scores on tests including
                   polytomous items with ordered responses},
  Journal        = {Applied Psychological Measurement},
  Volume         = {19},
  Number         = {1},
  Pages          = {39--49},
  year           = 1995
}

@InCollection{thissen2001,
  Author         = {Thissen, D. and Orlando, M.},
  Title          = {I{RT} for items scored in two categories},
  BookTitle      = {Test scoring},
  Publisher      = {Lawrence Erlbaum Associates, Inc.},
  Editor         = {Thissen, David and Wainer, H.},
  year           = 2001
}

@InBook{thissen2010,
  Author         = {Thissen, D. and Cai, L. and Bock, R. D.},
  Editor         = {Nering, Michael L. and Ostini, Remo},
  Title          = {The Nominal Categories Item Response Model},
  Pages          = {43--75},
  Publisher      = {Routledge},
  booktitle      = {Handbook of {P}olytomous {I}tem {R}esponse {T}heory
                   {M}odels},
  year           = 2010
}

@Article{tian2013,
  Author         = {Tian, Wei and Cai, Li and Thissen, David and Xin, Tao},
  Title          = {Numerical Differentiation Methods for Computing Error
                   Covariance Matrices in {I}tem {R}esponse {T}heory
                   Modeling: {A}n Evaluation and a New Proposal},
  Journal        = {Educational and Psychological Measurement},
  Volume         = {73},
  Number         = {3},
  Pages          = {412--439},
  year           = 2013
}

@Article{Tom04,
  Author         = {Tomasello, M.},
  Title          = {What kind of evidence could refute the {UG}
                   hypothesis?},
  Journal        = {Studies in Language},
  Volume         = {28},
  Pages          = {642-644},
  year           = 2004
}

@Book{Tom99,
  Author         = {Tomasello, M.},
  Title          = {The Cultural Origins of Human Cognition},
  Publisher      = {Harvard University Press},
  year           = 1999
}

@Book{tomasello2003,
  Author         = {Tomasello, M.},
  Title          = {{Constructing a language: A usage-based theory of
                   language acquisition}},
  Publisher      = {Harvard University Press},
  year           = 2003
}

@Article{trapnell1999,
  Author         = {Trapnell, Paul D and Campbell, Jennifer D},
  Title          = {Private self-consciousness and the five-factor model
                   of personality: {D}istinguishing rumination from
                   reflection.},
  Journal        = {Journal of personality and social psychology},
  Volume         = {76},
  Number         = {2},
  Pages          = {284},
  year           = 1999
}

@software{valgrind,
  author         = {{Valgrind Developers}},
  title          = {Valgrind},
  titleaddon     = {Computer software},
  url            = {http://valgrind.org/},
  year           = 2014
}

@Article{varadhan2008,
  Author         = {Varadhan, Ravi and Roland, Christophe},
  Title          = {Simple and Globally Convergent Methods for
                   Accelerating the Convergence of Any EM Algorithm},
  Journal        = {Scandinavian Journal of Statistics},
  Volume         = {35},
  Number         = {2},
  Pages          = {335--353},
  year           = 2008
}

@Article{voelkle2013,
  Author         = {Voelkle, Manuel C and Oud, Johan HL},
  Title          = {Continuous time modelling with individually varying
                   time intervals for oscillating and non-oscillating
                   processes},
  Journal        = {British Journal of Mathematical and Statistical
                   Psychology},
  Volume         = {66},
  Number         = {1},
  Pages          = {103--126},
  year           = 2013
}

@Article{vonOertzen2010,
  Author         = {von Oertzen, Timo and Boker, S. M.},
  Title          = {Time delay embedding increases estimation precision of
                   models of intraindividual variability},
  Journal        = {Psychometrika},
  Volume         = {75},
  Number         = {1},
  Pages          = {158--175},
  year           = 2010
}

@Unpublished{vonOertzen2014,
  Author         = {von Oertzen, Timo and Hackett, Daniel C.},
  Title          = {Pre-Processing for Efficient Maximum Likelihood
                   Estimation in Structural Equation Models with Fixed
                   Loadings},
  howpublished   = {submitted},
  year           = {submitted}
}

@Article{vonOertzen2014a,
  Author         = {von Oertzen, Timo and Brick, Timothy R},
  Title          = {Efficient hessian computation using sparse matrix
                   derivatives in {RAM} notation},
  Journal        = {Behavior Research Methods},
  Volume         = {46},
  Number         = {2},
  Pages          = {385--395},
  year           = 2014
}

@Article{wang2005,
  Author         = {Wang, Wen-Chung and Chen, Cheng-Te},
  Title          = {Item parameter recovery, standard error estimates, and
                   fit statistics of the {W}insteps program for the family
                   of {R}asch models},
  Journal        = {Educational and Psychological Measurement},
  Volume         = {65},
  Number         = {3},
  Pages          = {376--404},
  year           = 2005
}

@Article{watson1988,
  Author         = {Watson, David and Clark, Lee A and Tellegen, Auke},
  Title          = {Development and validation of brief measures of
                   positive and negative affect: {T}he {PANAS} scales},
  Journal        = {Journal of Personality and Social Psychology},
  Volume         = {54},
  Number         = {6},
  Pages          = {1063},
  year           = 1988
}

@Book{wegner2002,
  Author         = {Wegner, Daniel M},
  Title          = {The illusion of conscious will},
  Publisher      = {MIT press},
  year           = 2002
}

@InCollection{wegner2003,
  Author         = {Wegner, D. M.},
  Title          = {Thought suppression and mental control},
  BookTitle      = {Encyclopedia of {C}ognitive {S}cience},
  Publisher      = {Macmillan},
  Pages          = {395--397},
  Address        = {London},
  year           = 2003
}

@Misc{weisstein-nintegrate,
  Author         = {Weisstein, Eric},
  Title          = {Numerical integration},
  HowPublished   = {From MathWorld--A Wolfram Web Resource},
  url            = {http://mathworld.wolfram.com/NumericalIntegration.html},
  urldate        = {2013-10-14}
}

@Book{west2014,
  Author         = {West, Brady T and Welch, Kathleen B and Galecki,
                   Andrzej T},
  Title          = {Linear mixed models: {A} practical guide using
                   statistical software},
  Publisher      = {CRC Press},
  year           = 2014
}

@Article{white1982,
  Author         = {White, Halbert},
  Title          = {Maximum likelihood estimation of misspecified models},
  Journal        = {Econometrica: Journal of the Econometric Society},
  Pages          = {1--25},
  year           = 1982
}

@Book{white1994,
  Author         = {White, Halbert},
  Title          = {Estimation, inference and specification analysis},
  Publisher      = {Cambridge University Press},
  Number         = {22},
  year           = 1994
}

@Article{wilson1931,
  Author         = {Wilson, Edwin B. and Hilferty, Margaret M.},
  Title          = {The distribution of chi-square},
  Journal        = {Proceedings of the National Academy of Sciences of the
                   United States of America},
  Volume         = {17},
  Number         = {12},
  Pages          = {684},
  year           = 1931
}

@Article{wirth2007,
  Author         = {Wirth, R. J. and Edwards, M. C.},
  Title          = {Item factor analysis: {C}urrent approaches and future
                   directions},
  Journal        = {Psychological Methods},
  Volume         = {12},
  Number         = {1},
  Pages          = {58},
  publisher      = {American Psychological Association},
  year           = 2007
}

@Article{WL04,
  Author         = {Wellman, H. M. and Liu, D.},
  Title          = {Scaling of theory-of-mind tasks},
  Journal        = {Child Development},
  Volume         = {75},
  Pages          = {523-541},
  year           = 2004
}

@Article{wolfinger1994,
  Author         = {Wolfinger, Russ and Tobias, Randy and Sall, John},
  Title          = {Computing {G}aussian likelihoods and their derivatives
                   for general linear mixed models},
  Journal        = {SIAM Journal on Scientific Computing},
  Volume         = {15},
  Number         = {6},
  Pages          = {1294--1310},
  year           = 1994
}

@PhdThesis{Woo92,
  Author         = {Wooldridge, M.},
  Title          = {The Logical Modelling of Computational {M}ulti-{A}gent
                   {S}ystems},
  School         = {UMIST},
  Address        = {Manchester},
  month          = oct,
  year           = 1992
}

@Article{woods2006,
  Author         = {Woods, Carol M},
  Title          = {Ramsay-curve {I}tem {R}esponse {T}heory ({RC}-{IRT})
                   to detect and correct for nonnormal latent variables},
  Journal        = {Psychological methods},
  Volume         = {11},
  Number         = {3},
  Pages          = {253},
  year           = 2006
}

@Article{woods2007,
  Author         = {Woods, Carol M},
  Title          = {Empirical histograms in {I}tem {R}esponse {T}heory
                   with ordinal data},
  Journal        = {Educational and Psychological Measurement},
  Volume         = {67},
  Number         = {1},
  Pages          = {73--87},
  year           = 2007
}

@Book{wright1982,
  Author         = {Wright, B. D. and Masters, G. N.},
  Title          = {Rating scale analysis},
  Publisher      = {MESA Press},
  Address        = {Chicago},
  year           = 1982
}

@Misc{xxM,
  Author         = {Mehta, Paras},
  Title          = {{x}x{M}: {N}-{L}evel structural equation modeling},
  titleaddon     = {Computer software},
  year           = 2013
}

@PhdThesis{ye1987,
  Author         = {Yinyu Ye},
  Title          = {Interior Algorithms for Linear, Quadratic, and
                   Linearly Constrained Non-Linear Programming},
  School         = {Department of {ESS}, Stanford University},
  year           = 1987
}

@Article{yen1993,
  Author         = {Yen, Wendy M},
  Title          = {Scaling performance assessments: {S}trategies for
                   managing local item dependence},
  Journal        = {Journal of Educational Measurement},
  Volume         = {30},
  Number         = {3},
  Pages          = {187--213},
  year           = 1993
}

@Article{yuan2013,
  Author         = {Yuan, Ke-Hai and Cheng, Ying and Patton, Jeff},
  Title          = {Information Matrices and Standard Errors for {MLE}s of
                   Item Parameters in {IRT}},
  Journal        = {Psychometrika},
  Pages          = {1--23},
  doi            = {10.1007/s11336-013-9334-4},
  year           = 2013
}

@Unpublished{zahery2014,
  Author         = {Zahery, M. and Gillespie, N. and Neale, M. C.},
  Title          = {High-performance constrained optimization in {R}:
                   {A}pplications to substance use},
  Note           = {Presented at the poster session of the 26th Annual
                   Convention of Association for Psychological Science},
  location       = {San Francisco, CA},
  month          = may,
  year           = 2014
}

@Manual{ifatools,
  title =	 {{ifaTools}: Toolkit for Item Factor Analysis with
                  OpenMx},
  Author         = {Pritikin, J. N.},
  year =	 {2015},
  note =	 {R package version 0.8},
  url =		 {https://CRAN.R-project.org/package=ifaTools},
  urldate        = {2016-02-24},
  version        = {0.8},
  titleaddon     = {Computer software},
}

@Manual{pritikin2013a,
  title =	 {rpf: Response Probability Functions},
  Author         = {Pritikin, J. N.},
  year =	 {2015},
  note =	 {R package version 0.51},
  url =		 {https://CRAN.R-project.org/package=rpf},
  urldate        = {2016-02-24},
  version        = {0.51},
  titleaddon     = {Computer software},
}










