@Article{Belin:95,
  author = {T. R Belin and D. B. Rubin},
  journal = {Journal of the American Statistical Association},
  number = {90},
  pages = {694--707},
  title = {A Method for Calibrating False- Match Rates in Record Linkage},
  year = {1995},
}

@Article{Gu:03,
  author = {L. Gu and R. Baxter and D. Vickers and C. Rainsford},
  journal = {CSIRO Mathematical and Information Sciences Technical Report},
  number = {83},
  title = {Record Linkage: Current Practice and Future Directions},
  volume = {3},
  year = {2003},
}

@Article{Baxter:03,
  author = {R. Baxter and P. Christen and T. Churches},
  journal = {ACM SIGKDD},
  pages = {25--27},
  title = {A Comparison of Fast Blocking Methods for Record Linkage},
  volume = {3},
  year = {2003},
}

@Misc{joinup,
  author = {{JOINUP}},
  title = {{Download RELAIS on Joinup Website}},
  url = {https://joinup.ec.europa.eu/solution/relais-record-linkage-istat},
  year = {2015},
}

@Misc{webistat,
  author = {{ISTAT}},
  title = {{Download RELAIS on Istat Website}},
  url = {https://www.istat.it/en/methods-and-tools/methods-and-it-tools/process/processing-tools/relais},
  year = {2015},
}

@Article{Fellegi+Sunter:69,
  author = {I. Fellegi and A. Sunter},
  journal = {Journal of the American Statistical Association},
  number = {64},
  pages = {1183--1210},
  title = {A Theory for Record Linkage},
  year = {1969},
}

@Article{Gearhart:13,
  author = {Jared L. Gearhart and Kristin L. Adair and Justin D. {Detry Richard J.and Durfee} and Katherine A. Jones and Nathaniel Martin},
  journal = {Sandia National Laboratories Report},
  pages = {4--62},
  title = {Comparison of Open-Source Linear Programming Solvers},
  year = {2013},
}

@Article{Jaro:89,
  author = {Matthew A Jaro},
  journal = {Journal of American Statistical Society},
  number = {84},
  pages = {414--420},
  title = {Advances in Record Linkage Methodologies as Applied to Matching the 1985 Census of Tampa, Florida},
  volume = {84},
  year = {1989},
}

@Article{Karmarkar:84,
  author = {N. Karmarkar},
  journal = {Combinatorica},
  number = {4},
  pages = {373--395},
  title = {A New Polynomial-Time Algorithm For Linear Programming},
  volume = {4},
  year = {1984},
}

@Article{Larsen+Rubin:01,
  author = {M. D. Larsen and D. B. Rubin},
  journal = {Journal of the American Statistical Association},
  number = {79},
  pages = {32--41},
  title = {Iterative Automated Record Linkage Using Mixture Models},
  year = {2001},
}

@Article{Newcombe:59,
  author = {H. Newcombe and J. Kennedy and S. Axford and A. James},
  journal = {Science},
  number = {130},
  pages = {954--959},
  title = {Automatic Linkage of Vital Records},
  volume = {130},
  year = {1959},
}

@Article{winkler:95,
  author = {W. E. Winkler},
  journal = {Business Survey Methods (B.G. Cox et al, ed.)},
  pages = {355--384},
  title = {Matching and Record Linkage},
  year = {1995},
}

@Manual{slam,
  title = {Slam: Sparse Lightweight Arrays and Matrices},
  author = {Kurt Hornik and David Meyer and Christian Buchta},
  year = {2014},
  note = {R package version 0.1-32},
  url = {http://CRAN.R-project.org/package=slam},
}

@Manual{lpSolve,
  title = {lpSolve: Interface to Lpsolve v. 5.5 to Solve Linear Integer Programs},
  author = {Michel Berkelaar and {others}},
  year = {2013},
  note = {R package version 5.6.7},
  url = {http://CRAN.R-project.org/package=lpSolve},
}

@Manual{intpoint,
  title = {Intpoint: Linear Programming Solver by the Interior Point Method and Graphically (Two Dimensions)},
  author = {Alejandro Quintela {del Rio}},
  year = {2012},
  note = {R package version 1.0},
  url = {http://CRAN.R-project.org/package=intpoint},
}

@Manual{Rglpk,
  title = {Rglpk: R/GNU Linear Programming Kit Interface},
  author = {Stefan Theussl and Kurt Hornik},
  year = {2014},
  note = {R package version 0.6-0},
  url = {http://CRAN.R-project.org/package=Rglpk},
}

@Manual{ROI,
  title = {ROI.plugin.clp: 'Clp (Coin-or Linear Programming)' Plugin for the 'R' Optimization Interface},
  author = {Benoit Thieurmel},
  year = {2017},
  note = {R package version 0.4},
  url = {https://CRAN.R-project.org/package=ROI.plugin.clp},
}

@Article{Sadinle:17,
  author = {Mauricio Sadinle},
  title = {Bayesian Estimation of Bipartite Matchings for Record Linkage},
  journal = {Journal of the American Statistical Association},
  volume = {112},
  number = {518},
  pages = {600-612},
  year = {2017},
  publisher = {Taylor \& Francis},
}

@Article{Stoerts:17,
  author = {R. Stoerts and R. Hall and S. Fienberg},
  title = {A Bayesian Approach to Graphical Record Linkage and De-Duplication},
  journal = {Journal of the American Statistical Association},
  pages = { 1660--1672},
  year = {2017},
  publisher = {Taylor \& Francis},
}

@Article{Tancredi:13,
  author = {A. Tancredi and B. Liseo},
  title = {A Hierarchical Bayesian Approach to Record Linkage and Population Size Problems},
  journal = {The Annals of Applied Statistics},
  pages = { 1553--1585},
  year = {2013},
}

@Article{hernandez:98,
  author = {M. A. Hernandez and S. J. Stolfo},
  journal = {Journal Data Mining and Knowledge Discovery},
  volume = {2},
  number = {1},
  pages = {9--37},
  title = {Real-World Data Is Dirty: Data Cleansing and The Merge Purge Problem},
  year = {1998},
}

@Article{cibella:2012,
  author = {N. Cibella and M. Scannapieco and L. Tosco and T. Tuoto and L. Valentino},
  journal = {Estadistica espanola},
  volume = {54},
  number = {179},
  pages = {311--328},
  title = {Record Linkage with RELAIS: Experiences and Challenges},
  year = {2012},
}

@Article{cibella:2007,
  author = {N. Cibella and M. Fortini and R. Spina and M. Scannapieco and L. Tosco and T. Tuoto},
  journal = {Rivista di Statistica Ufficiale},
  number = {2-3},
  pages = {55--68},
  title = {Relais: An Open Source Toolkit for Record Linkage},
  year = {2007},
}
