@Misc{AirlineDataSet,
  author = {{RITA}},
  note = {Research and Innovation Technology Administration,
                  Bureau of Transportation Statistics},
  year = {2009},
  title = {The {A}irline On-Time Performance Data Set Website},
  url = {http://stat-computing.org/dataexpo/2009/},
}

@Article{Dean2008,
  author = {Jeffrey Dean and Sanjay Ghemawat},
  title = {Map{R}educe: Simplified Data Processing on Large   Clusters},
  journal = {Communications of the ACM},
  volume = {51},
  number = {1},
  year = {2008},
  pages = {107--113},
  numpages = {7},
  url = {https://doi.org/10.1145/1327452.1327492},
}

@Article{Guha2012,
  author = {Saptarshi Guha and Ryan Hafen and Jeremiah Rounds and Jin Xia and Jianfu Li and Bowei Xi and William S. Cleveland},
  title = {Large complex data: divide and recombine ({D}{\&}{R})   with {RHIPE}},
  journal = {Stat},
  volume = {1},
  number = {1},
  pages = {53--67},
  year = {2012},
  url = {https://doi.org/10.1002/sta4.7},
}

@Misc{Hadoop,
  author = {{The Apache Software Foundation}},
  year = {2013},
  note = {Apache Hadoop Streaming, available at
                  \url{http://hadoop.apache.org}.},
}

@Article{Hartigan1975,
  author = {J. A. Hartigan},
  journal = {The Annals of Statistics},
  number = {3},
  pages = {573--580},
  publisher = {The Institute of Mathematical Statistics},
  title = {Necessary and Sufficient Conditions for Asymptotic   Joint Normality of a Statistic and Its Subsample   Values},
  volume = {3},
  year = {1975},
}

@Article{Kane2013,
  title = {Scalable Strategies for Computing with Massive Data},
  author = {Michael J. Kane and John Emerson and Stephen Weston},
  journal = {Journal of Statistical Software},
  year = {2013},
  volume = {55},
  number = {14},
  pages = {1--19},
  url = {https://doi.org/10.18637/jss.v055.i14},
}

@Article{Kleiner2011,
  title = {A Scalable Bootstrap for Massive Data},
  author = {Ariel Kleiner and Ameet Talwalkar and Purnamrita Sarkar and Michael I Jordan},
  journal = {Journal of the Royal Statistical Society B},
  volume = {76},
  number = {4},
  pages = {795--816},
  year = {2014},
  url = {https://doi.org/10.1111/rssb.12050},
}

@Article{Matloff2014,
  author = {Norman Matloff},
  title = {Software Alchemy: Turning Complex Statistical   Computations into Embarrassingly-Parallel Ones},
  journal = {Journal of Statistical Software, Articles},
  volume = {71},
  number = {4},
  year = {2016},
  pages = {1--15},
  url = {https://doi.org/10.18637/jss.v071.i04},
}

@Manual{Matrix,
  title = {Matrix: Sparse and Dense Matrix Classes and Methods},
  author = {Douglas Bates and Martin Maechler},
  year = {2017},
  note = {R package version 1.2-8},
  url = {https://CRAN.R-project.org/package=Matrix},
}

@Article{Spark,
  title = {Spark: Cluster Computing with Working Sets},
  author = {Matei Zaharia and Mosharaf Chowdhury and Michael J Franklin and Scott Shenker and Ion Stoica},
  journal = {HotCloud},
  volume = {10},
  pages = {10--10},
  year = {2010},
  url = {http://dl.acm.org/citation.cfm?id=1863103.1863113},
}

@Manual{ff,
  title = {{ff}: Memory-Efficient Storage of Large Data on Disk   and Fast Access Functions},
  author = {Daniel Adler and Christian Gläser and Oleg Nenadic and Jens Oehlschlägel and Walter Zucchini},
  year = {2014},
  note = {R package version 2.2-13},
  url = {https://CRAN.R-project.org/package=ff},
}

@Manual{foreach,
  title = {{foreach}: Provides Foreach Looping Construct for R},
  author = {{Revolution Analytics} and Steve Weston},
  year = {2015},
  note = {R package version 1.4.3},
  url = {https://CRAN.R-project.org/package=foreach},
}

@Manual{iotools,
  title = {{iotools}: I/O Tools for Streaming},
  author = {Taylor Arnold and Simon Urbanek},
  year = {2015},
  note = {R package version 0.1-12},
  url = {https://CRAN.R-project.org/package=iotools},
}

@Book{friedman2001elements,
  title = {The Elements of Statistical Learning: Data Mining,   Inference, and Prediction},
  author = {Jerome Friedman and Trevor Hastie and Robert Tibshirani},
  year = {2001},
  publisher = {Springer-Verlag},
  url = {https://doi.org/10.1007/978-0-387-21606-5},
}

@Manual{iterators,
  title = {{iterators}: Provides Iterator Construct for R},
  author = {{Revolution Analytics} and Steve Weston},
  year = {2015},
  note = {R package version 1.0.8},
  url = {https://CRAN.R-project.org/package=iterators},
}

@Manual{readr,
  title = {{readr}: Read Tabular Data},
  author = {Hadley Wickham and Jim Hester and Romain Francois},
  year = {2016},
  note = {R package version 1.0.0},
  url = {https://CRAN.R-project.org/package=readr},
}

@Article{rodeh2008b,
  title = {B-Trees, Shadowing, and Clones},
  author = {Ohad Rodeh},
  journal = {ACM Transactions on Storage (TOS)},
  volume = {3},
  number = {4},
  pages = {Article No.~2},
  year = {2008},
  publisher = {ACM},
  url = {https://doi.org/10.1145/1326542.1326544},
}

@InProceedings{zhou2002implementing,
  title = {Implementing Database Operations Using {SIMD}   Instructions},
  author = {Jingren Zhou and Kenneth A Ross},
  booktitle = {Proceedings of the 2002 ACM SIGMOD International   Conference on Management of Data},
  pages = {145--156},
  year = {2002},
  organization = {ACM},
}
@book{matrix,
author = {D.~{Bates and M.~Maechler}},
title = {{Matrix: Sparse and Dense Matrix Classes and Methods, }},
publisher = {R package version 1.2-8},
year = {2017},
url = {https://CRAN.R-project.org/package=Matrix}
}

