@Article{akaike1974new,
  title = {A New Look at the Statistical Model Identification},
  author = {Hirotugu Akaike},
  journal = {IEEE Transactions on Automatic Control},
  volume = {19},
  number = {6},
  pages = {716--723},
  year = {1974},
  publisher = {IEEE},
  url = {https://doi.org/10.1109/TAC.1974.1100705},
}

@Book{aera2014standards,
  title = {Standards for Educational and Psychological Testing},
  author = {{American Educational Research Association (AERA), American Psychological Association (APA), National Council on Measurement in Education (NCME)}},
  year = {2014},
  publisher = {American Educational Research Association}
}

@Article{andrich1978rating,
  title = {A Rating Formulation for Ordered Response Categories},
  author = {David Andrich},
  journal = {Psychometrika},
  volume = {43},
  number = {4},
  pages = {561--573},
  year = {1978},
  publisher = {Springer-Verlag},
  url = {https://doi.org/10.1007/BF02293814},
}

@Article{angoff1973item,
  title = {Item-Race Interaction on a Test of Scholastic Aptitude},
  author = {William H Angoff and Susan F Ford},
  journal = {Journal of Educational Measurement},
  volume = {10},
  number = {2},
  pages = {95--105},
  year = {1973},
  publisher = {John Wiley \& Sons},
  url = {https://doi.org/10.1002/j.2333-8504.1971.tb00812.x},
}

@Article{bock1972estimating,
  title = {Estimating Item Parameters and Latent Ability When Responses Are Scored in Two or More Nominal Categories},
  author = {R Darrell Bock},
  journal = {Psychometrika},
  volume = {37},
  number = {1},
  pages = {29--51},
  year = {1972},
  publisher = {Springer-Verlag},
  url = {https://doi.org/10.1007/BF02291411},
}

@Book{brennan2006educational,
  title = {Educational Measurement},
  author = {Robert L Brennan},
  year = {2006},
  publisher = {Praeger Publishers},
}

@Article{cronbach1951coefficient,
  title = {Coefficient Alpha and the Internal Structure of Tests},
  author = {Lee J Cronbach},
  journal = {Psychometrika},
  volume = {16},
  number = {3},
  pages = {297--334},
  year = {1951},
  publisher = {Springer-Verlag},
  url = {https://doi.org/10.1007/BF02310555},
}

@Article{drabinova2017detection,
  title = {Detection of Differential Item Functioning with Nonlinear Regression: {A} Non-{IRT} Approach Accounting for Guessing},
  author = {Adéla Drabinová and Patrícia Martinková},
  journal = {Journal of Educational Measurement},
  volume = {54},
  number = {4},
  pages = {498--517},
  year = {2017},
  publisher = {John Wiley \& Sons},
  url = {https://doi.org/10.1111/jedm.12158},
}

@Article{drabinova2018difnlr,
  title = {{difNLR}: Generalized Logistic Regression Models for {DIF} and {DDF} Detection},
  author = {Adéla Drabinová and Patrícia Martinková},
  journal = {The R Journal},
  year = {2018},
  note = {Submitted},
}

@Article{ebel1954procedures,
  title = {Procedures for the Analysis of Classroom Tests},
  author = {Robert L Ebel},
  journal = {Educational and Psychological Measurement},
  volume = {14},
  number = {2},
  pages = {352--364},
  year = {1954},
  url = {https://doi.org/10.1177/001316445401400215},
}

@Book{haladyna2011handbook,
  title = {Handbook of Test Development},
  editor = {Steven M Downing and Thomas M Haladyna},
  year = {2011},
  publisher = {Lawrence Erlbaum Associates, Inc.},
}

@Article{johnson2007marginal,
  title = {Marginal Maximum Likelihood Estimation of Item Response Models in {R}},
  author = {Matthew S Johnson},
  journal = {Journal of Statistical Software},
  volume = {20},
  number = {10},
  pages = {1--24},
  year = {2007},
  publisher = {American Statistical Association},
  url = {https://doi.org/10.18637/jss.v020.i10},
}

@Book{lord1980applications,
  title = {Applications of Item Response Theory to Practical Testing Problems},
  author = {Frederic M Lord},
  year = {1980},
  publisher = {Routledge},
}

@Article{mantel1959statistical,
  title = {Statistical Aspects of the Analysis of Data from Retrospective Studies of Disease},
  author = {Nathan Mantel and William Haenszel},
  journal = {Journal of the national cancer institute},
  volume = {22},
  number = {4},
  pages = {719--748},
  year = {1959},
  publisher = {Oxford University Press},
  url = {https://doi.org/10.1093/jnci/22.4.719},
}

@Article{martinkova2018disparities,
  title = {Disparities in Ratings of Internal and External Applicants: {A} Case for Model-Based Inter-Rater Reliability},
  author = {Patr\'icia Martinkov\'{a} and Dan Goldhaber and Elena Erosheva},
  journal = {PloS ONE},
  volume = {13},
  number = {10},
  pages = {e0203002},
  year = {2018},
  publisher = {Public Library of Science},
  url = {https://doi.org/10.1371/journal.pone.0203002},
}

@InProceedings{martinkova2017semi,
  title = {Semi-Real-Time Analyses of Item Characteristics for Medical School Admission Tests},
  author = {Patr\'icia Martinkov\'a and L {\v S}t{\v e}p\'anek and A Drabinov\'a and J Houdek and M Vejra{\v z}ka and {\v C} {\v S}tuka},
  booktitle = {Computer Science and Information Systems (FedCSIS), 2017 Federated Conference on},
  pages = {189--194},
  year = {2017},
  organization = {IEEE},
  url = {https://doi.org/10.15439/2017F380},
}

@Article{martinkova2017checking,
  title = {Checking Equity: {Why} Differential Item Functioning Analysis Should Be a Routine Part of Developing Conceptual Assessments},
  author = {Patrícia Martinková and Adéla Drabinová and Yuan-Ling Liaw and Elizabeth A Sanders and Jenny L McFarland and Rebecca M Price},
  journal = {CBE-Life Sciences Education},
  volume = {16},
  number = {2},
  pages = {rm2},
  year = {2017},
  publisher = {Am Soc Cell Biol},
  url = {https://doi.org/10.1187/cbe.16-10-0307},
}

@Article{martinkova2017shinyitemanalysis,
  title = {{ShinyItemAnalysis}: {A}nal\'{y}za P\v{r}ij\'{i}mac\'ich a Jin\'{y}ch Znalostn\'{i}ch \v{c}i Psychologick\'{y}ch Test\r{u} [{ShinyItemAnalysis}: {A}nalyzing Admission and Other Educational and Psychological Tests]},
  author = {Patricia Martinkov\'{a} and Adela Drabinov\'{a} and Jakub Houdek},
  year = {2017},
  journal = {TESTF\'ORUM},
  volume = {6},
  number = {9},
  pages = {16-35},
  url = {https://doi.org/10.5817/TF2017-9-129},
}

@Manual{martinkova2018shiny,
  title = {{ShinyItemAnalysis}: {T}est and Item Analysis via {shiny}},
  author = {Patrícia Martinkov\'{a} and Ad\'{e}la Drabinová and Ond{\v r}ej Leder and Jakub Houdek},
  year = {2018},
  note = {R package version 1.2.9},
  url = {https://CRAN.R-project.org/package=ShinyItemAnalysis},
}

@Article{masters1982rasch,
  title = {A {Rasch} Model for Partial Credit Scoring},
  author = {Geoff N Masters},
  journal = {Psychometrika},
  volume = {47},
  number = {2},
  pages = {149--174},
  year = {1982},
  publisher = {Springer-Verlag},
  url = {https://doi.org/10.1007/BF02296272},
}

@Article{mcfarland2017development,
  title = {Development and Validation of the Homeostasis Concept Inventory},
  author = {Jenny L McFarland and Rebecca M Price and Mary Pat Wenderoth and Patrícia Martinková and William Cliff and Joel Michael and Harold Modell and Ann Wright},
  journal = {CBE-Life Sciences Education},
  volume = {16},
  number = {2},
  pages = {ar35},
  year = {2017},
  publisher = {Am Soc Cell Biol},
  url = {https://doi.org/10.1187/cbe.16-10-0305},
}

@Article{muraki1992generalized,
  title = {A Generalized Partial Credit Model: {A}pplication of an {EM} Algorithm},
  author = {Eiji Muraki},
  journal = {ETS Research Report Series},
  volume = {1992},
  number = {1},
  year = {1992},
  publisher = {John Wiley \& Sons},
  url = {https://doi.org/10.1002/j.2333-8504.1992.tb01436.x},
}

@Article{orlando2000fit,
  title = {Likelihood-Based Item Fit Indices for Dichotomous Item Response Theory Models},
  author = {Maria Orlando and David Thissen},
  journal = {Applied Psychological Measurement},
  volume = {24},
  number = {1},
  pages = {50--64},
  year = {2000},
  publisher = {Sage Publications Sage CA: Thousand Oaks, CA},
  url = {https://doi.org/10.1177/2F01466216000241003},
}

@Article{raju1988area,
  title = {The Area between Two Item Characteristic Curves},
  author = {Nambury S Raju},
  journal = {Psychometrika},
  volume = {53},
  number = {4},
  pages = {495--502},
  year = {1988},
  publisher = {Springer-Verlag},
  url = {https://doi.org/10.1007/BF02294403},
}

@Article{raju1990determining,
  title = {Determining the Significance of Estimated Signed and Unsigned Areas between Two Item Response Functions},
  author = {Nambury S Raju},
  journal = {Applied Psychological Measurement},
  volume = {14},
  number = {2},
  pages = {197--207},
  year = {1990},
  publisher = {Sage Publications Sage CA: Thousand Oaks, CA},
  url = {https://doi.org/10.1177/014662169001400208},
}

@Book{rasch1960studies,
  title = {Studies in Mathematical Psychology: I. Probabilistic Models for Some Intelligence and Attainment Tests},
  author = {Georg Rasch},
  year = {1960},
  publisher = {Nielsen \& Lydiche},
}

@Article{rijmen2003nonlinear,
  title = {A Nonlinear Mixed Model Framework for Item Response Theory},
  author = {Frank Rijmen and Francis Tuerlinckx and Paul {De Boeck} and Peter Kuppens},
  journal = {Psychological methods},
  volume = {8},
  number = {2},
  pages = {185},
  year = {2003},
  publisher = {US: American Psychological Association},
  url = {https://doi.org/10.1037/1082-989X.8.2.185},
}

@Article{rosseel2012lavaan,
  title = {{lavaan}: An {R} Package for Structural Equation Modeling},
  author = {Yves Rosseel},
  journal = {Journal of Statistical Software},
  year = {2012},
  volume = {48},
  number = {2},
  pages = {1--36},
  url = {https://doi.org/10.18637/jss.v048.i02},
}

@Article{samejima1970estimation,
  title = {Estimation of Latent Ability Using a Response Pattern of Graded Scores},
  author = {Fumiko Samejima},
  journal = {Psychometrika},
  volume = {34},
  number = {1},
  pages = {1--97},
  year = {1969},
  publisher = {Springer-Verlag},
  url = {https://doi.org/10.1007\%2FBF03372160},
}

@Article{schwarz1978estimating,
  title = {Estimating the Dimension of a Model},
  author = {Gideon Schwarz},
  journal = {The Annals of Statistics},
  volume = {6},
  number = {2},
  pages = {461--464},
  year = {1978},
  publisher = {Institute of Mathematical Statistics},
  url = {https://doi.org/10.1214/aos/1176344136},
}

@Article{swaminathan1990detecting,
  title = {Detecting Differential Item Functioning Using Logistic Regression Procedures},
  author = {Hariharan Swaminathan and H Jane Rogers},
  journal = {Journal of Educational measurement},
  volume = {27},
  number = {4},
  pages = {361--370},
  year = {1990},
  publisher = {John Wiley \& Sons},
  url = {https://doi.org/10.1111/j.1745-3984.1990.tb00754.x},
}

@Book{van2017handbook,
  title = {Handbook of Item Response Theory},
  author = {Wim J {van der Linden}},
  year = {2017},
  publisher = {Chapman and Hall/CRC},
}

@Article{zinbarg2005cronbach,
  title = {Cronbach’s $\alpha$, Revelle’s $\beta$, and McDonald’s $\omega_H$: Their Relations with Each Other and Two Alternative Conceptualizations of Reliability},
  author = {Richard E Zinbarg and William Revelle and Iftah Yovel and Wen Li},
  journal = {Psychometrika},
  volume = {70},
  number = {1},
  pages = {123--133},
  year = {2005},
  publisher = {Springer-Verlag},
  url = {https://doi.org/10.1007/s11336-003-0974-7},
}

@Manual{corrplot,
  title = {{corrplot}: Visualization of a Correlation Matrix},
  author = {Taiyun Wei and Viliam Simko},
  year = {2017},
  note = {R package version 0.84},
  url = {https://CRAN.R-project.org/package=corrplot},
}

@Manual{cowplot,
  title = {{cowplot}: Streamlined Plot Theme and Plot Annotations for 'ggplot2'},
  author = {Claus O. Wilke},
  year = {2018},
  note = {R package version 0.9.3},
  url = {https://CRAN.R-project.org/package=cowplot},
}

@Manual{CTT,
  title = {{CTT}: Classical Test Theory Functions},
  author = {John T. Willse},
  year = {2018},
  note = {R package version 2.3.3},
  url = {https://CRAN.R-project.org/package=CTT},
}

@Manual{data.table,
  title = {{data.table}: Extension of 'data.frame'},
  author = {Matt Dowle and Arun Srinivasan},
  year = {2018},
  note = {R package version 1.11.8},
  url = {https://CRAN.R-project.org/package=data.table},
}

@Article{deltaPlotR,
  title = {{deltaPlotR}: An {R} Package for Differential Item Functioning Analysis with {Angoff's} Delta Plot},
  author = {David Magis and Bruno Facon},
  journal = {Journal of Statistical Software, Code Snippets},
  year = {2014},
  volume = {59},
  number = {1},
  pages = {1--19},
  url = {https://doi.org/10.18637/jss.v059.c01},
}

@Manual{difNLR,
  title = {{difNLR}: {DIF} and {DDF} Detection by Non-Linear Regression Models},
  author = {Adela Drabinová and Patricia Martinková and Karel Zvára},
  year = {2018},
  note = {R package version 1.2.2},
  url = {https://CRAN.R-project.org/package=difNLR},
}

@Article{difR,
  title = {A General Framework and an {R} Package for the Detection of Dichotomous Differential Item Functioning},
  author = {D. Magis and S. Beland and F. Tuerlinckx and P. {De Boeck}},
  journal = {Behavior Research Methods},
  year = {2010},
  volume = {42},
  pages = {847--862},
  url = {https://doi.org/10.3758/BRM.42.3.847},
}

@Manual{DT,
  title = {DT: A Wrapper of the JavaScript Library 'DataTables'},
  author = {Yihui Xie and Joe Cheng and Xianying Tan},
  year = {2018},
  note = {R package version 0.5},
  url = {https://CRAN.R-project.org/package=DT},
}

@Manual{ggdendro,
  title = {{ggdendro}: Create Dendrograms and Tree Diagrams Using 'ggplot2'},
  author = {Andrie {de Vries} and Brian D. Ripley},
  year = {2016},
  note = {R package version 0.1-20},
  url = {https://CRAN.R-project.org/package=ggdendro},
}

@Book{ggplot2,
  author = {Hadley Wickham},
  title = {{ggplot2}: Elegant Graphics for Data Analysis},
  publisher = {Springer-Verlag},
  year = {2016},
  url = {http://ggplot2.org},
}

@Manual{gridExtra,
  title = {{gridExtra}: Miscellaneous Functions for 'Grid' Graphics},
  author = {Baptiste Auguie},
  year = {2017},
  note = {R package version 2.3},
  url = {https://CRAN.R-project.org/package=gridExtra},
}

@Manual{knitr,
  title = {{knitr}: A General-Purpose Package for Dynamic Report Generation in {R}},
  author = {Yihui Xie},
  year = {2018},
  note = {R package version 1.20},
  url = {https://CRAN.R-project.org/package=knitr},
}

@Book{lattice,
  title = {Lattice: Multivariate Data Visualization with {R}},
  author = {Deepayan Sarkar},
  publisher = {Springer-Verlag},
  address = {New York},
  year = {2008},
  url = {http://lmdvr.r-forge.r-project.org},
}

@Manual{latticeExtra,
  title = {latticeExtra: Extra Graphical Utilities Based on Lattice},
  author = {Deepayan Sarkar and Felix Andrews},
  year = {2016},
  note = {R package version 0.6-28},
  url = {https://CRAN.R-project.org/package=latticeExtra},
}

@Article{ltm,
  title = {{ltm}: An {R} Package for Latent Variable Modelling and Item Response Theory Analyses},
  author = {Dimitris Rizopoulos},
  journal = {Journal of Statistical Software},
  year = {2006},
  volume = {17},
  number = {5},
  pages = {1--25},
  url = {https://doi.org/10.18637/jss.v017.i05},
}

@Book{mass,
  title = {Modern Applied Statistics with {S}},
  author = {W. N. Venables and B. D. Ripley},
  publisher = {Springer-Verlag},
  edition = {4th},
  address = {New York},
  year = {2002},
  url = {http://www.stats.ox.ac.uk/pub/MASS4},
}

@Manual{mirt,
  title = {{mirt}: Multidimensional Item Response Theory},
  author = {Phil Chalmers},
  year = {2018},
  note = {R package version 1.29},
  url = {https://CRAN.R-project.org/package=mirt},
}

@Manual{moments,
  title = {{moments}: Moments, Cumulants, Skewness, Kurtosis and Related Tests},
  author = {Lukasz Komsta and Frederick Novomestky},
  year = {2015},
  note = {R package version 0.14},
  url = {https://CRAN.R-project.org/package=moments},
}

@Article{msm,
  title = {Multi-State Models for Panel Data: The {msm} Package for {R}},
  author = {Christopher H. Jackson},
  journal = {Journal of Statistical Software},
  year = {2011},
  volume = {38},
  number = {8},
  pages = {1--29},
  url = {https://doi.org/10.18637/jss.v038.i08},
}

@Manual{plotly,
  title = {{plotly} for {R}},
  author = {Carson Sievert},
  year = {2018},
  url = {https://plotly-book.cpsievert.me},
}

@Manual{psych,
  title = {{psych}: Procedures for Psychological, Psychometric, and Personality Research},
  author = {William Revelle},
  year = {2018},
  note = {R package version 1.8.10},
  url = {https://CRAN.R-project.org/package=psych},
}

@Manual{psychometric,
  title = {{psychometric}: Applied Psychometric Theory},
  author = {Thomas D. Fletcher},
  year = {2010},
  note = {R package version 2.2},
  url = {https://CRAN.R-project.org/package=psychometric},
}

@Article{reshape2,
  title = {Reshaping Data with the {reshape} Package},
  author = {Hadley Wickham},
  journal = {Journal of Statistical Software},
  year = {2007},
  volume = {21},
  number = {12},
  pages = {1--20},
  url = {https://doi.org/10.18637/jss.v021.i12},
}

@Manual{rmarkdown,
  title = {{rmarkdown}: Dynamic Documents for {R}},
  author = {JJ Allaire and Yihui Xie and Jonathan McPherson and Javier Luraschi and Kevin Ushey and Aron Atkins and Hadley Wickham and Joe Cheng and Winston Chang},
  year = {2018},
  note = {R package version 1.10},
  url = {https://CRAN.R-project.org/package=rmarkdown},
}

@Manual{shiny,
  title = {{shiny}: Web Application Framework for {R}},
  author = {Winston Chang and Joe Cheng and JJ Allaire and Yihui Xie and Jonathan McPherson},
  year = {2018},
  note = {R package version 1.2.0},
  url = {https://CRAN.R-project.org/package=shiny},
}

@Manual{shinyBS,
  title = {shinyBS: Twitter Bootstrap Components for {shiny}},
  author = {Eric Bailey},
  year = {2015},
  note = {R package version 0.61},
  url = {https://CRAN.R-project.org/package=shinyBS},
}

@Manual{shinydashboard,
  title = {{shinydashboard}: Create Dashboards with 'shiny'},
  author = {Winston Chang and Barbara {Borges Ribeiro}},
  year = {2018},
  note = {R package version 0.7.1},
  url = {https://CRAN.R-project.org/package=shinydashboard},
}

@Manual{ShinyItemAnalysis,
  title = {{ShinyItemAnalysis}: Test and Item Analysis via {shiny}},
  author = {Patricia Martinkova and Adela Drabinova and Ondrej Leder and Jakub Houdek},
  year = {2018},
  note = {R package version 1.2.9},
}

@Manual{shinyjs,
  title = {{shinyjs}: Easily Improve the User Experience of Your {shiny} Apps in Seconds},
  author = {Dean Attali},
  year = {2018},
  note = {R package version 1.0},
  url = {https://CRAN.R-project.org/package=shinyjs},
}

@Manual{stringr,
  title = {{stringr}: Simple, Consistent Wrappers for Common String Operations},
  author = {Hadley Wickham},
  year = {2018},
  note = {R package version 1.3.1},
  url = {https://CRAN.R-project.org/package=stringr},
}

@Manual{xtable,
  title = {{xtable}: Export Tables to LaTeX or HTML},
  author = {David B. Dahl and David Scott and Charles Roosen and Arni Magnusson and Jonathan Swinton},
  year = {2018},
  note = {R package version 1.8-3},
  url = {https://CRAN.R-project.org/package=xtable},
}
