@Article{2008Menkveld,
  title = {Splitting Orders in Overlapping Markets: A Study of Cross-Listed Stocks},
  author = {Albert J Menkveld},
  journal = {Journal of Financial Intermediation},
  volume = {17},
  number = {2},
  pages = {145--174},
  year = {2008},
  publisher = {Elsevier},
  url = {https://doi.org/10.1016/j.jfi.2007.05.004},
}

@Book{2013Foucaultetal,
  title = {Market Liquidity: Theory, Evidence, and Policy},
  author = {Thierry Foucault and Marco Pagano and Ailsa Röell},
  year = {2013},
  publisher = {Oxford University Press},
  url={https://doi.org/10.1093/acprof:oso/9780199936243.001.0001}
}

@Article{2009DuarteandYoung,
  title = {Why Is {PIN} Priced?},
  author = {Jefferson Duarte and Lance Young},
  journal = {Journal of Financial Economics},
  volume = {91},
  number = {2},
  pages = {119--138},
  year = {2009},
  publisher = {Elsevier},
  url = {https://doi.org/10.1016/j.jfineco.2007.10.008},
}

@Manual{2016RCoreTeam,
  author = {{R Core Team}},
  title = {R: A Language and Environment for Statistical Computing},
  year = {2016},
  address = {Vienna, Austria},
}

@Article{2016ErsanandAlici,
  title = {An Unbiased Computation Methodology for Estimating the Probability of Informed Trading {(PIN)}},
  author = {Oguz Ersan and Asli Alici},
  journal = {Journal of International Financial Markets, Institutions and Money},
  year = {2016},
  volume = {43},
  pages = {74--94},
  publisher = {Elsevier},
  url = {https://doi.org/10.1016/j.intfin.2016.04.001},
}

@Article{2015Ganetal,
  title = {A Faster Estimation Method for the Probability of Informed Trading Using Hierarchical Agglomerative Clustering},
  author = {Quan Gan and Wang Chun Wei and David Johnstone},
  journal = {Quantitative Finance},
  volume = {15},
  number = {11},
  pages = {1805--1821},
  year = {2015},
  publisher = {Taylor \& Francis},
  url = {https://doi.org/10.1080/14697688.2015.1023336},
}


@article{2013Zagaglia,
  author = {Paolo Zagaglia},
  title = {{PIN: Measuring Asymmetric Information in Financial Markets
          with R}},
  year = {2013},
  journal = {{The R Journal}},
  url = {https://journal.r-project.org/archive/2013/RJ-2013-008/index.html},
  pages = {80--86},
  volume = {5},
  number = {1}
}

@Manual{2012Zagaglia,
  title = {{FinAsym}},
  author = {Paolo Zagaglia},
  year = {2012},
  note = {R~package version~1.0},
  url={https://CRAN.R-project.org/package=FinAsym}
}

@Article{2013Mullner,
  title = {Fastcluster: Fast Hierarchical, Agglomerative Clustering Routines for R and Python},
  author = {Daniel Müllner},
  journal = {Journal of Statistical Software},
  volume = {53},
  number = {9},
  pages = {1--18},
  year = {2013},
  publisher = {Foundation for Open Access Statistics},
  url = {https://doi.org/10.18637/jss.v053.i09},
}

@Article{2012YanandZhang,
  title = {An Improved Estimation Method and Empirical Properties of the Probability of Informed Trading},
  author = {Yuxing Yan and Shaojun Zhang},
  journal = {Journal of Banking \& Finance},
  volume = {36},
  number = {2},
  pages = {454--467},
  year = {2012},
  publisher = {Elsevier},
  url = {https://doi.org/10.1016/j.jbankfin.2011.08.003},
}

@Article{2011LinandKe,
  title = {A Computing Bias in Estimating the Probability of Informed Trading},
  author = {Hsiou-Wei William Lin and Wen-Chyan Ke},
  journal = {Journal of Financial Markets},
  volume = {14},
  number = {4},
  pages = {625--640},
  year = {2011},
  publisher = {Elsevier},
  url = {https://doi.org/10.1016/j.finmar.2011.03.001},
}

@Article{2010Easleyetal,
  title = {Factoring Information into Returns},
  author = {David Easley and Soeren Hvidkjaer and Maureen O'Hara},
  journal = {Journal of Financial and Quantitative Analysis},
  year = {2010},
  publisher = {Cambridge Univ Press},
  url = {https://doi.org/10.1017/s0022109010000074},
}

@Article{2007Aktasetal,
  title = {The {PIN} Anomaly around $M\&A$ Announcements},
  author = {Nihat Aktas and Eric {De Bodt} and Fany Declerck and Herve {Van Oppens}},
  journal = {Journal of Financial Markets},
  volume = {10},
  number = {2},
  pages = {169--191},
  year = {2007},
  publisher = {Elsevier},
  url = {https://doi.org/10.1016/j.finmar.2006.09.003},
}

@Article{2006OddersWhiteandReady,
  title = {Credit Ratings and Stock Liquidity},
  author = {Elizabeth R Odders-White and Mark J Ready},
  journal = {Review of Financial Studies},
  volume = {19},
  number = {1},
  pages = {119--157},
  year = {2006},
  publisher = {Soc Financial Studies},
  url = {https://doi.org/10.1093/rfs/hhj004}
}

@Article{2006EllulandPagano,
  title = {{IPO} Underpricing and after-Market Liquidity},
  author = {Andrew Ellul and Marco Pagano},
  journal = {Review of Financial Studies},
  volume = {19},
  number = {2},
  pages = {381--421},
  year = {2006},
  publisher = {Soc Financial Studies},
  url = {https://doi.org/10.1093/rfs/hhj018}
}

@Article{2002Easleyetal,
  title = {Is Information Risk a Determinant of Asset Returns?},
  author = {David Easley and Soeren Hvidkjaer and Maureen O'Hara},
  journal = {The Journal of Finance},
  volume = {57},
  number = {5},
  pages = {2185--2221},
  year = {2002},
  publisher = {John Wiley \& Sons},
  url = {https://doi.org/10.1111/1540-6261.00493},
}

@Article{2001Easleyetal,
  title = {How Stock Splits Affect Trading: A Microstructure Approach},
  author = {David Easley and Maureen O'Hara and Gideon Saar},
  journal = {Journal of Financial and Quantitative Analysis},
  volume = {36},
  number = {01},
  pages = {25--51},
  year = {2001},
  publisher = {Cambridge Univ Press},
  url = {https://doi.org/10.2307/2676196},
}

@Article{1998Easleyetal,
  title = {Financial Analysts and Information-Based Trade},
  author = {David Easley and Maureen O'Hara and Joseph Paperman},
  journal = {Journal of Financial Markets},
  volume = {1},
  number = {2},
  pages = {175--201},
  year = {1998},
  publisher = {Elsevier},
  url = {https://doi.org/10.1016/s1386-4181(98)00002-0},
}

@Article{1996Easleyetal,
  title = {Liquidity, Information, and Infrequently Traded Stocks},
  author = {David Easley and Nicholas M Kiefer and Maureen O'Hara and Joseph B Paperman},
  journal = {The Journal of Finance},
  volume = {51},
  number = {4},
  pages = {1405--1436},
  year = {1996},
  publisher = {John Wiley \& Sons},
  url = {https://doi.org/10.1111/j.1540-6261.1996.tb04074.x},
}

@Article{1991LeeandReady,
  title = {Inferring Trade Direction from Intraday Data},
  author = {Charles Lee and Mark J Ready},
  journal = {The Journal of Finance},
  volume = {46},
  number = {2},
  pages = {733--746},
  year = {1991},
  publisher = {John Wiley \& Sons},
  url = {https://doi.org/10.1111/j.1540-6261.1991.tb02683.x},
}

