@TechReport{HFRA09,
  author = {N. Hansen and S. Finck and R. Ros and A. Auger},
  title = {Real-Parameter Black-Box Optimization Benchmarking 2009: Noiseless Functions Definitions},
  institution = {INRIA},
  country = {France},
  number = {RR-6829},
  year = {2009},
}

@Book{CLV06,
  author = {Carlos A. Coello Coello and Gary B. Lamont and David A. {Van Veldhuizen}},
  title = {Evolutionary Algorithms for Solving Multi-Objective Problems (Genetic and Evolutionary Computation)},
  year = {2006},
  publisher = {Springer-Verlag},
  address = {Secaucus, NJ, USA},
  url = {https://doi.org/10.1007/978-0-387-36797-2},
  doi = {10.1007/978-0-387-36797-2},
}

@TechReport{W15,
  author = {Simon Wessing},
  title = {The Multiple Peaks Model 2},
  institution = {TU Dortmund},
  country = {Germany},
  number = {TR15-2-001},
  year = {2015},
}

@TechReport{ZZZSL09,
  author = {Qingfu Zhang and Aimin Zhou and Shizheng Zhao and Ponnuthurai Nagaratnam Suganthan and Wudong Liu},
  title = {Multiobjective Optimization Test Instances for the CEC 2009 Special Session and Competition},
  institution = {School of Computer Science and Electronic Engieering, University of Essex, Colchester},
  country = {UK},
  number = {CES-487},
  year = {2009},
}

@Article{JY13,
  author = {Momin Jamil and Xin{-}She Yang},
  title = {A Literature Survey of Benchmark Functions for Global Optimisation Problems},
  journal = {{IJMNO}},
  volume = {4},
  number = {2},
  pages = {150--194},
  year = {2013},
  url = {https://doi.org/10.1504/ijmmno.2013.055204},
  doi = {10.1504/ijmmno.2013.055204},
}

@Misc{TB14,
  howpublished = {\url{https://cran.r-project.org/web/views/Optimization.html}},
  title = {CRAN Task View: Optimization and Mathematical Programming. Version 2015-11-17},
  author = {Stefan Theussl and Hans W. Borchers},
}

@InProceedings{DTLZ02,
  author = {K. Deb and L. Thiele and M. Laumanns and E. Zitzler},
  booktitle = {Evolutionary Computation, 2002. CEC '02. Proceedings of the 2002 Congress on},
  title = {Scalable Multi-Objective Optimization Test Problems},
  year = {2002},
  volume = {1},
  pages = {825-830},
  url = {https://doi.org/10.1109/cec.2002.1007032},
  doi = {10.1109/cec.2002.1007032},
}

@Article{ZDT00,
  author = {Eckart Zitzler and Kalyanmoy Deb and Lothar Thiele},
  title = {Comparison of Multiobjective Evolutionary Algorithms: Empirical Results},
  journal = {Evolutionary Computation},
  year = {2000},
  volume = {8},
  pages = {173--195},
  url = {https://doi.org/10.1162/106365600568202},
  doi = {10.1162/106365600568202}
}

@Manual{R_emoa,
  title = {{emoa: Evolutionary Multiobjective Optimization Algorithms}},
  author = {Olaf Mersmann},
  year = {2012},
  note = {R package version 0.5-0},
  url = {http://CRAN.R-project.org/package=emoa},
}

@Manual{R_mco,
  title = {{mco: Multiple Criteria Optimization Algorithms and Related Functions}},
  author = {Olaf Mersmann},
  year = {2014},
  note = {R package version 1.0-15.1},
  url = {http://CRAN.R-project.org/package=mco},
}

@Manual{R_ecr,
  title = {{ecr: Evolutionary Computation in R}},
  author = {Jakob Bossek},
  year = {2017},
  note = {R package version 2.0.0},
  url = {https://github.com/jakobbossek/ecr2},
}

@Manual{R_smoof,
  title = {{smoof: Single and Multi-Objective Optimization Test Functions}},
  author = {Jakob Bossek},
  year = {2017},
  note = {R package version 1.5},
  url = {https://github.com/jakobbossek/smoof},
}

@Manual{R_ParamHelpers,
  title = {{ParamHelpers: Helpers for Parameters in Black-Box Optimization, Tuning and Machine Learning}},
  author = {Bernd Bischl and Michel Lang and Jakob Bossek and Daniel Horn and Jakob Richter and Pascal Kerschke},
  year = {2016},
  note = {R package version 1.9},
  url = {https://github.com/berndbischl/ParamHelpers},
}

@Book{R_ggplot2,
  author = {Hadley Wickham},
  title = {{ggplot2: Elegant Graphics for Data Analysis}},
  publisher = {Springer-Verlag},
  year = {2009},
  isbn = {978-0-387-98140-6},
  url = {https://doi.org/10.1007/978-0-387-98141-3},
  doi = {10.1007/978-0-387-98141-3},
}

@Manual{R_cec2005benchmark,
  title = {{cec2005benchmark: Benchmark for the CEC 2005 Special Session on Real-Parameter Optimization}},
  author = {Yasser Gonzalez-Fernandez and Marta Soto},
  year = {2015},
  note = {{R} package version 1.0.4},
  url = {http://CRAN.R-project.org/package=cec2005benchmark},
}

@Manual{R_cec2013,
  title = {{cec2013: Benchmark Functions for the Special Session and Competition on Real-Parameter Single Objective Optimization at CEC-2013}},
  author = {Mauricio Zambrano-Bigiarini and Yasser Gonzalez-Fernandez},
  year = {2015},
  note = {{R} package version 0.1-5},
  url = {http://CRAN.R-project.org/package=cec2013},
}

@Manual{R_flacco,
  title = {{flacco: Feature-Based Landscape Analysis of Continuous and Constraint Optimization Problems}},
  author = {Pascal Kerschke and Jan Dagefoerde},
  year = {2015},
  note = {R package version 1.1},
  url = {http://CRAN.R-project.org/package=flacco},
}

@Manual{R_soobench,
  title = {{soobench: Single Objective Optimization Benchmark Functions}},
  author = {Olaf Mersmann and Bernd Bischl},
  year = {2012},
  note = {R package version 1.0-73},
  url = {http://CRAN.R-project.org/package=soobench},
}

@Article{R_globalOptTests,
  title = {Continuous Global Optimization in {R}},
  author = {Katharine M. Mullen},
  journal = {JOURNAL of Statistical Software},
  year = {2014},
  volume = {60},
  number = {6},
  pages = {1--45},
  url = {https://doi.org/10.18637/jss.v060.i06},
  doi = {10.18637/jss.v060.i06},
}

@Article{HHVW06,
  author = {Simon Huband and Philip Hingston and Luigi Barone and R. Lyndon While},
  journal = {IEEE Trans. Evolutionary Computation},
  number = {5},
  pages = {477--506},
  title = {A Review of Multiobjective Test Problems and a Scalable Test Problem Toolkit.},
  volume = {10},
  year = {2006},
  doi = {10.1109/TEVC.2005.861417},
  url = {https://doi.org/10.1109/TEVC.2005.861417},
}
