@manual{Fellows2018,
	author = {Ian Fellows},
	title  = {wordcloud: Word Clouds (Version 2.6)},
	year   = {2018},
	url    = {https://CRAN.R-project.org/package=wordcloud}
}
@manual{Feinerer2024tm,
	author = {Ingo Feinerer and Kurt Hornik},
	title  = {tm: Text Mining Package (Version 0.7-14)},
	year   = {2024},
	url    = {https://CRAN.R-project.org/package=tm}
}
@article{saitou1987neighbor,
	author = {Saitou, Naruya and Nei, Masatoshi},
	journal = {Molecular biology and evolution},
	number = {4},
	pages = {406--425},
	title = {The neighbor-joining method: a new method for reconstructing phylogenetic trees.},
	volume = {4},
	year = {1987}
}
@article{yu2017ggtree,
	author = {Yu, Guangchuang and Smith, David K and Zhu, Huachen and Guan, Yi and Lam, Tommy Tsan-Yuk},
	journal = {Methods in Ecology and Evolution},
	number = {1},
	pages = {28--36},
	publisher = {Wiley Online Library},
	title = {ggtree: an {R} package for visualization and annotation of phylogenetic trees with their covariates and other associated data},
	volume = {8},
	year = {2017}
}
@manual{Schliep2023,
	author = {Klaus Schliep and Emmanuel Paradis and Leonardo de Oliveira Martins and Alastair Potts and Iris Bardel-Kahr and Tim W. White and Cyrill Stachniss and Michelle Kendall and Keren Halabi and Richel Bilderbeek and Kristin Winchell and Liam Revell and Mike Gilchrist and Jeremy Beaulieu and Brian O'Meara and Long Qu and Joseph Brown and Santiago Claramunt},
	title  = {phangorn: Phylogenetic Reconstruction and Analysis (Version 2.11.1)},
	year   = {2023},
	url    = {https://CRAN.R-project.org/package=phangorn}
}
@manual{Paradis2024,
	author = {Emmanuel Paradis and Simon Blomberg and Ben Bolker and Joseph Brown and Santiago Claramunt and Julien Claude and Hoa Sien Cuong and Richard Desper and Gilles Didier and Benoit Durand and Julien Dutheil and R. J. Ewing and Olivier Gascuel and Thomas Guillerme and Christoph Heibl and Anthony Ives and Bradley Jones and Franz Krah and Daniel Lawson and Vincent Lefort and Pierre Legendre and Jim Lemon and Guillaume Louvel and Eric Marcon and Rosemary McCloskey and Johan Nylander and Rainer Opgen-Rhein and Andrei-Alin Popescu and Manuela Royer-Carenzi and Klaus Schliep and Korbinian Strimmer and Damien de Vienne},
	title  = {ape: Analyses of Phylogenetics and Evolution (Version 5.8)},
	year   = {2024},
	url    = {https://CRAN.R-project.org/package=ape}
}
@manual{Gregory2024,
	author = {Gregory R. Warnes and Ben Bolker and Lodewijk Bonebakker and Robert Gentleman and Wolfgang Huber and Andy Liaw and Thomas Lumley and Martin Maechler and Arni Magnusson and Steffen Moeller and Marc Schwartz and Bill Venables and Tal Galili},
	title  = {gplots: Various {R} Programming Tools for Plotting Data (Version 3.1.3.1)},
	year   = {2024},
	url    = {https://CRAN.R-project.org/package=gplots}
}
@manual{Su2021,
	author = {Wei Su and Brady Johnston},
	title  = {r3dmol: Create Interactive 3D Visualizations of Molecular Data (Version 0.1.2)},
	year   = {2021},
	url    = {https://CRAN.R-project.org/package=r3dmol}
}
@article{bodenhofer2015msa,
	author = {Bodenhofer, Ulrich and Bonatesta, Enrico and Horej{\v{s}}-Kainrath, Christoph and Hochreiter, Sepp},
	journal = {Bioinformatics},
	number = {24},
	pages = {3997--3999},
	publisher = {Oxford University Press},
	title = {{msa}: an {R} package for multiple sequence alignment},
	volume = {31},
	year = {2015}
}
@manual{KorkmazYamasan2024,
	author = {Korkmaz, Selcuk and Yamasan, Bilge Eren},
	title  = {{rPDBapi}: A Comprehensive Interface for Accessing the Protein Data Bank (Version 2.1)},
	year   = {2024},
	url    = {https://CRAN.R-project.org/package=rPDBapi}
}
@manual{Biostrings2024,
	author = {Pages, H and Aboyoun, P and Gentleman, R and DebRoy, S},
	title  = {Biostrings: Efficient Manipulation of Biological Strings (Version 2.72.1)},
	year   = {2024},
	url    = {https://bioconductor.org/packages/Biostrings}
}
@article{BJ2006aa,
	author = {Grant B.J. and Rodrigues A.P.C. and ElSawy K.M. and McCammon J.A. and Caves L.S.D.},
	journal = {Bioinformatics},
	month = {Nov},
	organization = {University of California, San Diego, La Jolla, CA 92093, USA.},
	pages = {2695--2696},
	title = {{Bio3D}: An {R} package for the comparative analysis of protein structures.},
	volume = {22},
	year = {2006}
}
@manual{Wickham2023ad,
	author = {Hadley Wickham and Jim Hester and Jeroen Ooms},
	title  = {{xml2}: Parse XML (Version 1.3.6)},
	year   = {2023},
	url    = {https://CRAN.R-project.org/package=xml2}
}
@article{Ooms2014aa,
	author = {Jeroen Ooms},
	journal = {arXiv:1403.2805 [stat.CO]},
	title = {The {jsonlite} Package: A Practical and Consistent Mapping Between {JSON} Data and {R} Objects},
	url = {https://arxiv.org/abs/1403.2805},
	year = {2014}
}
@manual{Wickham2023ac,
	author = {Hadley Wickham},
	title  = {{httr}: Tools for Working with URLs and {HTTP} (Version 1.4.7)},
	year   = {2023},
	url    = {https://CRAN.R-project.org/package=httr}
}
@manual{Bache2022aa,
	author = {Stefan Milton Bache and Hadley Wickham},
	title  = {{magrittr}: A Forward-Pipe Operator for {R} (Version 2.0.3)},
	year   = {2022},
	url    = {https://CRAN.R-project.org/package=magrittr}
}
@manual{Wickham2023ab,
	author = {Hadley Wickham and Lionel Henry},
	title  = {{purrr}: Functional Programming Tools (Version 1.0.2)},
	year   = {2023},
	url    = {https://CRAN.R-project.org/package=purrr}
}
@manual{Wickham2023aa,
	author = {Hadley Wickham and Romain Fran{\c{c}}ois and Lionel Henry and Kirill M{\"u}ller and Davis Vaughan},
	title  = {{dplyr}: A Grammar of Data Manipulation (Version 1.1.4)},
	year   = {2023},
	url    = {https://CRAN.R-project.org/package=dplyr}
}
@article{gilpin2016pypdb,
	author = {Gilpin, William},
	journal = {Bioinformatics},
	number = {1},
	pages = {159--160},
	publisher = {Oxford University Press},
	title = {PyPDB: a {Python} {API} for the protein data bank},
	volume = {32},
	year = {2016}
}
@article{cock2009biopython,
	author = {Cock, Peter JA and Antao, Tiago and Chang, Jeffrey T and Chapman, Brad A and Cox, Cymon J and Dalke, Andrew and Friedberg, Iddo and Hamelryck, Thomas and Kauff, Frank and Wilczynski, Bartek and others},
	journal = {Bioinformatics},
	number = {11},
	pages = {1422},
	publisher = {Oxford University Press},
	title = {Biopython: freely available {Python} tools for computational molecular biology and bioinformatics},
	volume = {25},
	year = {2009}
}
@article{lafita2019biojava,
	author = {Lafita, Aleix and Bliven, Spencer and Prli{\'c}, Andreas and Guzenko, Dmytro and Rose, Peter W and Bradley, Anthony and Pavan, Paolo and Myers-Turnbull, Douglas and Valasatava, Yana and Heuer, Michael and others},
	journal = {PLoS computational biology},
	number = {2},
	pages = {e1006791},
	publisher = {Public Library of Science San Francisco, CA USA},
	title = {BioJava 5: A community driven open-source bioinformatics library},
	volume = {15},
	year = {2019}
}
@article{korkmaz2018investigation,
	author = {Korkmaz, Selcuk and Duarte, Jose M and Prli{\'c}, Andreas and Goksuluk, Dincer and Zararsiz, Gokmen and Saracbasi, Osman and Burley, Stephen K and Rose, Peter W},
	journal = {PloS one},
	number = {6},
	pages = {e0197176},
	publisher = {Public Library of Science San Francisco, CA USA},
	title = {Investigation of protein quaternary structure via stoichiometry and symmetry {\i}nformation},
	volume = {13},
	year = {2018}
}
@article{burley2022rcsb,
	author = {Burley, Stephen K and Bhikadiya, Charmi and Bi, Chunxiao and Bittrich, Sebastian and Chen, Li and Crichlow, Gregg V and Duarte, Jose M and Dutta, Shuchismita and Fayazi, Maryam and Feng, Zukang and others},
	journal = {Protein Science},
	number = {1},
	pages = {187--208},
	publisher = {Wiley Online Library},
	title = {RCSB Protein Data Bank: Celebrating 50 years of the {PDB} with new tools for understanding and visualizing biological macromolecules in 3D},
	volume = {31},
	year = {2022}
}
