@article{bader:1982,
	title = "Statistical Aspects of Fibre and Bundle Strength in Hybrid Composites",
	journal = "in Progress in Science and Engineering of Composites, T. Hayashi , K. Kawata and S. Umekawa , eds., ICCM-IV, Tokyo",
	year = "1982",
	author = "M. Bader and A. Priest"
}

@article{cordeir:1994,
	title = "Bias correction in ARMA models",
	journal = "Statistics and Probability Letters",
	volume = "19",
	number = "3",
	pages = "169 - 176",
	year = "1994",
	author = "G. M. Cordeiro and R. Klein"
}

@article{cox:1968,
	author = {D. R. Cox and E. J. Snell},
	journal = {Journal of the Royal Statistical Society. Series B (Methodological)},
	number = {2},
	pages = {248--275},
	title = {A General Definition of Residuals},
	volume = {30},
	year = {1968}
}

@article{fitdistrplus:2015,
	author = {M. Delignette-Muller and C. Dutang},
	title = {fitdistrplus: An R Package for Fitting Distributions},
	journal = {Journal of Statistical Software, Articles},
	volume = {64},
	number = {4},
	year = {2015},
	pages = {1--34},
}

@article{efron:1979,
	Author = {B. Efron},
	Journal = {Annals of Statistics},
	Number = 7,
	Pages = {1--26},
	Title = {Bootstrap methods: Another look at the Jackknife},
	Year = 1979
}

@article{efron:1986,
	author = "B. Efron and R. Tibshirani",
	journal = "Statistical Science",
	journal = "Statist. Sci.",
	month = "02",
	number = "1",
	pages = "54--75",
	title = "Bootstrap Methods for Standard Errors, Confidence Intervals, and Other Measures of Statistical Accuracy",
	volume = "1",
	year = "1986"
}

@article{firth:1993,
	author = {D. Firth},
	title = "{Bias reduction of maximum likelihood estimates}",
	journal = {Biometrika},
	volume = {80},
	number = {1},
	pages = {27-38},
	year = {1993},
	month = {03},
}

@article{ghitany:2011,
	title = "A two-parameter weighted Lindley distribution and its applications to survival data",
	journal = "Mathematics and Computers in Simulation",
	volume = "81",
	number = "6",
	pages = "1190 - 1201",
	year = "2011",
	author = "M.E. Ghitany and F. Alqallaf and D.K. Al-Mutairi and H.A. Husain",
}

@article{ghitany:2017,
	author = {M. E. Ghitany and Pingfan Song and Shaochen Wang},
	title = {New modified moment estimators for the two-parameter weighted Lindley distribution},
	journal = {Journal of Statistical Computation and Simulation},
	volume = {87},
	number = {16},
	pages = {3225-3240},
	year  = {2017},
	URL = { 
	https://doi.org/10.1080/00949655.2017.1363205
	}
}

@article{kim:2020,
	author = {Hyoung-Moon Kim and Yu-Hyeong Jang},
	title = {New Closed-Form Estimators for Weighted Lindley Distribution},
	journal = {submitted},
	year = {2020}
}

@article{mtools:2017,
	author = {J. Mazucheli and A. Menezes and S. Nadarajah},
	title = {mle.tools: An R Package for Maximum Likelihood Bias Correction},
	year = {2017},
	journal = {The R Journal},
	pages = {268--290},
	volume = {9},
	number = {2}
}

@article{mazucheli:2013,
	title = "Comparison of estimation methods for the parameters of the weighted Lindley distribution",
	journal = "Applied Mathematics and Computation",
	volume = "220",
	pages = "463 - 471",
	year = "2013",
	author = "J. Mazucheli and F. Louzada and M.E. Ghitany",
}

@article{lindleyr,
	title = "Package \pkg{LindleyR}",
	year = "2016",
	url = "https://cran.r-project.org/web/packages/LindleyR/LindleyR.pdf",
	author = "J. Mazucheli and L. Fernandes and R. de Oliveira",
}

@article{wang:2000,
	title = "A new model with bathtub-shaped failure rate using an additive Burr XII distribution",
	journal = "Reliability Engineering and System Safety",
	volume = "70",
	number = "3",
	pages = "305 - 312",
	year = "2000",
	author = "F.K Wang"
}

@article{wang:2017,
	author = {Min Wang and Wentao Wang},
	title = {Bias-Corrected maximum likelihood estimation of the parameters of the weighted Lindley distribution},
	journal = {Communications in Statistics - Simulation and Computation},
	volume = {46},
	number = {1},
	pages = {530-545},
	year  = {2017},
	URL = { 
	https://doi.org/10.1080/03610918.2014.970696
	}	
}

@article{owen:2000,
	author={W. J. {Owen} and W. J. {Padgett}},
	journal={IEEE Transactions on Reliability}, 
	title={A Birnbaum-Saunders accelerated life model}, 
	year={2000},
	volume={49},
	number={2},
	pages={224-229}
}