@Manual{R,
  title = {R: A Language and Environment for Statistical Computing},
  author = {{R Core Team}},
  organization = {R Foundation for Statistical Computing},
  address = {Vienna, Austria},
  year = {2012},
  note = {{ISBN} 3-900051-07-0},
  url = {http://www.R-project.org/},
}

@article{ihaka:1996,
  Author = {Ihaka, Ross and Gentleman, Robert},
	Journal = {Journal of Computational and Graphical Statistics},
	Number = 3,
	Pages = {299--314},
	Title = {R: A Language for Data Analysis and Graphics},
	Volume = 5,
	Year = 1996}

@Manual{shiny,
    title = {shiny: Web Application Framework for R},
    author = {{RStudio Inc.}},
    year = 2013,
    note = {R package version 0.6.0},
    url = {http://CRAN.R-project.org/package=shiny}
  }

@Manual{rpostgresql,
    title = {RPostgreSQL: R interface to the PostgreSQL database system},
    author = {Joe Conway and Dirk Eddelbuettel and Tomoaki Nishiyama and Sameer Kumar Prayaga and Neil Tiffin},
    year = {2013},
    note = {R package version 0.4},
    url = {http://CRAN.R-project.org/package=RPostgreSQL}
}

@Manual{rodbc,
    title = {RODBC: ODBC Database Access},
    author = {Brian Ripley and from 1999 to Oct 2002 Michael Lapsley},
    year = {2013},
    note = {R package version 1.3-7},
    url = {http://CRAN.R-project.org/package=RODBC},
}

@Manual{madlib,
  title = {MADlib},
  author = {{Pivotal Inc.}},
  year = {2013},
  note = {version 1.4},
  url = {http://madlib.net}
}

@manual{gpdb,
    title = {Greenplum Database},
    author = {{Pivotal Inc.}},
    year = {2013},
    note = {version 4.2.4},
    url = {http://www.gopivotal.com/products/pivotal-greenplum-database}
}

@Manual{hawq,
  title = {HAWQ},
  author = {{Pivotal Inc.}},
  year = {2013},
  note = {version 1.0},
  url = {http://www.gopivotal.com/pivotal-products/pivotal-data-fabric/pivotal-hd}
}

@Manual{pivotalr,
  title = {PivotalR},
  author = {{Pivotal Inc.}},
  year = {2013},
  note = {version 0.1.8},
  url = {http://cran.r-project.org/web/packages/PivotalR/index.html}
}

@Manual{hdfs,
  title = {HDFS},
  author = {{The Apache Software Foundation}},
  year = 2013,
note = {version 0.23},
  url = {http://hadoop.apache.org/docs/stable/hdfs_user_guide.html}
}

@misc{hadoop,
  title = {Hadoop},
  organization = {{The Apache Software Foundation}},
  url = {http://hadoop.apache.org/}
}

@Manual{stats,
    title = {R: A Language and Environment for Statistical Computing},
    author = {{R Core Team}},
    organization = {R Foundation for Statistical Computing},
    address = {Vienna, Austria},
    year = {2013},
    url = {http://www.R-project.org/},
}

@Manual{dplyr,
title = {dplyr: a grammar of data manipulation},
    author = {Hadley Wickham and Romain Francois},
    note = {version 0.1},
    year = {2013},
    url = {https://github.com/hadley/dplyr}
}

@manual{RHadoop,
    title = {RHadoop},
    author = {{Revolution Analytics Company}},
    year = {2012},
    url = {https://github.com/RevolutionAnalytics/RHadoop/wiki}
}

@article{RHIPE,
    title = {Large complex data: divide and recombine (D\&R) with RHIPE},
    author = {Saptarshi Guha and Ryan Hafen and Jeremiah Rounds and Jin Xia and Jianfu Li and Bowei Xi and William S. Cleveland},
    journal = {Stat},
    volume = 1,
    number = 1,
    pages = {53-67},
    year = {2012}
}

@manual{RHive,
    title = {RHive},
    author = {NexR},
    note = {version 2.0},
    year = {2013},
    url = {https://github.com/nexr/RHive}
}

@manual{teradatar,
    title = {teradataR},
    author = {{Teradata Corporation}},
    organization = {Teradata Corporation},
    note = {version 1.0.1},
    year = {2012},
    url = {http://downloads.teradata.com/download/applications/teradata-r}
}

\bibliography{qian}


