@book{rao1997cointegration,
  title={Cointegration for the applied economist},
  author={Rao, B Bhaskara},
  year={1997},
  publisher={Allied Publishers}
}
@article{haseeb2019impact,
  title={The impact of renewable energy on economic well-being of Malaysia: Fresh evidence from auto regressive distributed lag bound testing approach},
  author={Haseeb, Muhammad and Abidin, Irwan Shah Zainal and Hye, Qazi Muhammad Adnan and Hartani, Nira Hariyatie},
  journal={International Journal of Energy Economics and Policy},
  volume={9},
  number={1},
  pages={269},
  year={2019},
doi={10.32479/ijeep.7229},
  publisher={EconJournals}
}
@article{reda2020using,
  title={Using the ARDL bound testing approach to study the inflation rate in Egypt},
  author={Reda, Abonazel Mohamed and Nourhan, Elnabawy},
  journal={Economic consultant},
  number={3 (31)},
  pages={24--41},
  year={2020},
doi={10.46224/ecoc.2020.3.2},
  publisher={Общество с ограниченной ответственностью {\guillemotleft}Научно-образовательная инициатива{\guillemotright}}
}

@article{hussain2019environmental,
  title={Environmental Impact of Sectoral Energy Consumption on Economic Growth in Malaysia: Evidence from ARDL Bound Testing Approach.},
  author={Hussain, Hafezali Iqbal and Salem, Milad Abdelnabi and Rashid, Aimi Zulhazmi Abdul and Kamarudin, Fakarudin},
  journal={Ekoloji Dergisi},
  number={107},
  year={2019}
}

@article{magaji2020impact,
  title={The impact of  price shocks on exchange rate and economic growth in Nigeria: an ARDL bound test cointegration approach},
  author={Magaji, Mustapha and Singla, Sonia},
  journal={Journal of Economics and Environment},
  volume={1},
  number={2},
  pages={24--39},
  year={2020}
}
@article{amaira2019analysis,
  title={Analysis of the relationship between governance and economic growth: new evidence from tunisia an ARDL bounds testing approach},
  author={Amaira, Bouzid},
  journal={Magallat al-Tanmiyat wa-al-Siyasat al-Iqtisadiyyat},
  volume={21},
  number={1},
  pages={21--37},
  year={2019},
doi={10.34066/0271-021-001-004},
  publisher={Arab Planning Institute}
}
@article{menegaki2019ardl,
  title={The ARDL method in the energy-growth nexus field; best implementation strategies},
  author={Menegaki, Angeliki N},
  journal={Economies},
  volume={7},
  number={4},
  pages={105},
  year={2019},
doi={10.3390/economies7040105},
  publisher={MDPI}
}
@article{yilanci2020brics,
  title={Are BRICS countries pollution havens? Evidence from a bootstrap ARDL bounds testing approach with a Fourier function},
  author={Yilanci, Veli and Bozoklu, Seref and Gorus, Muhammed Sehid},
  journal={Sustainable Cities and Society},
  volume={55},
  pages={102035},
  year={2020},
doi={10.1016/j.scs.2020.102035},
  publisher={Elsevier}
}

@article{sam2019augmented,
  title={An augmented autoregressive distributed lag bounds test for cointegration},
  author={Sam, Chung Yan and McNown, Robert and Goh, Soo Khoon},
  journal={Economic Modelling},
  volume={80},
  pages={130--141},
  year={2019},
doi={10.1016/j.econmod.2018.11.001},
  publisher={Elsevier}
}
@article{khan2019effect,
  title={Effect of energy consumption and economic growth on carbon dioxide emissions in Pakistan with dynamic ARDL simulations approach},
  author={Khan, Muhammad Kamran and Teng, Jian-Zhou and Khan, Muhammad Imran},
  journal={Environmental Science and Pollution Research},
  volume={26},
  pages={23480--23490},
  year={2019},
doi={10.1007/s11356-019-05640-x},
  publisher={Springer}
}
@article{abbasi2021energy,
  title={How energy consumption, industrial growth, urbanization, and CO2 emissions affect economic growth in Pakistan? A novel dynamic ARDL simulations approach},
  author={Abbasi, Kashif Raza and Shahbaz, Muhammad and Jiao, Zhilun and Tufail, Muhammad},
  journal={Energy},
  volume={221},
  pages={119793},
  year={2021},
doi={10.1016/j.energy.2021.119793},
  publisher={Elsevier}
}
@article{nawaz2019natural,
  title={Natural resources as blessings and finance-growth nexus: A bootstrap ARDL approach in an emerging economy},
  author={Nawaz, Kishwar and Lahiani, Amine and Roubaud, David},
  journal={Resources Policy},
  volume={60},
  pages={277--287},
  year={2019},
doi={10.1016/j.resourpol.2019.01.007},
  publisher={Elsevier}
}



@article{davidson1978econometric,
    author = {Davidson, James E. H. and Hendry, David F. and Srba, Frank and Yeo, Stephen},
    title = "{Econometric Modelling of the Aggregate Time-Series Relationship Between Consumers' Expenditure and Income in the United Kingdom}",
    journal = {The Economic Journal},
    volume = {88},
    number = {352},
    pages = {661-692},
    year = {1978},
    month = {12},
    doi =  {10.2307/2231972}
}


@article{bertelli2022bootstrap,
  title={Bootstrap cointegration tests in ARDL models},
  author={Bertelli, Stefano and Vacca, Gianmarco and Zoia, Maria},
  journal={Economic Modelling},
  volume={116},
  pages={105987},
  year={2022},
doi={10.1016/j.econmod.2022.105987},
  publisher={Elsevier}
}

@book{banerjee1993co,
  title={Co-integration, error correction, and the econometric analysis of non-stationary data},
  author={Banerjee, Anindya and Dolado, Juan J and Galbraith, John W and Hendry, David},
  year={1993},
doi={10.1093/0198288107.001.0001},
  publisher={Oxford university press}
}

@article{banerjee1998error,
  title={Error-correction mechanism tests for cointegration in a single-equation framework},
  author={Banerjee, Anindya and Dolado, Juan and Mestre, Ricardo},
  journal={Journal of time series analysis},
  volume={19},
  number={3},
  pages={267--283},
  year={1998},
doi={ 10.1111/1467-9892.00091},
  publisher={Wiley Online Library}
}

@article{narayan2005saving,
  title={The saving and investment nexus for China: evidence from cointegration tests},
  author={Narayan, Paresh Kumar},
  journal={Applied economics},
  volume={37},
  number={17},
  pages={1979--1990},
  year={2005},
doi={10.1080/00036840500278103},
  publisher={Taylor \& Francis}
}


@book{lutkepohl2005,
  title={New introduction to multiple time series analysis},
  author={L{\"u}tkepohl, Helmut},
  year={2005},
doi={10.1007/978-3-540-27752-1},
  publisher={Springer Science \& Business Media}
}

@article{beran1988prepivoting,
  title={Prepivoting test statistics: a bootstrap view of asymptotic refinements},
  author={Beran, Rudolf},
  journal={Journal of the American Statistical Association},
  volume={83},
  number={403},
  pages={687--697},
  year={1988},
doi={10.1080/01621459.1988.10478649},
  publisher={Taylor \& Francis}
}

@article{chang2003sieve,
  title={A sieve bootstrap for the test of a unit root},
  author={Chang, Yoosoon and Park, Joon Y},
  journal={Journal of Time Series Analysis},
  volume={24},
  number={4},
  pages={379--400},
  year={2003},
doi={ 10.1111/1467-9892.00312},
  publisher={Wiley Online Library}
}

@book{patterson2006palgrave,
  title={Palgrave handbook of econometrics},
  author={Patterson, Kerry and Mills, Terence C},
  year={2006},
  publisher={Palgrave Macmillan}
}

@article{granger1981some,
  title={Some properties of time series data and their use in econometric model specification},
  author={Granger, Clive WJ},
  journal={Journal of econometrics},
  volume={16},
  number={1},
  pages={121--130},
  year={1981},
doi={10.1016/0304-4076(81)90079-8},
  publisher={North-Holland}
}

@inproceedings{ko2011bootstrap,
  title={A Bootstrap Granger Causality Test from Exchange Rates to Fundamentals},
  author={Ko, Hsiu-Hsin},
  booktitle={International Conference on Economics and Finance Research},
  year={2011}
}

@article{chang2006bootstrapping,
  title={Bootstrapping cointegrating regressions},
  author={Chang, Yoosoon and Park, Joon Y and Song, Kevin},
  journal={Journal of Econometrics},
  volume={133},
  number={2},
  pages={703--739},
  year={2006},
doi={10.1016/S0304-4076(97)00043-2},
  publisher={Elsevier}
}

@article{matsaglia1974equalities,
  title={Equalities and inequalities for ranks of matrices},
  author={Matsaglia, George and PH Styan, George},
  journal={Linear and multilinear Algebra},
  volume={2},
  number={3},
  pages={269--292},
  year={1974},
doi={10.1080/03081087408817070},
  publisher={Taylor \& Francis}
}

@article{miller1988saving,
  title={Are saving and investment co-integrated?},
  author={Miller, Stephen M},
  journal={Economics Letters},
  volume={27},
  number={1},
  pages={31--34},
  year={1988},
doi={10.1016/0165-1765(88)90215-7},
  publisher={Elsevier}
}

@article{morley2006causality,
  title={Causality between economic growth and immigration: An ARDL bounds testing approach},
  author={Morley, Bruce},
  journal={Economics Letters},
  volume={90},
  number={1},
  pages={72--76},
  year={2006},
doi={10.1016/j.econlet.2005.07.008},
  publisher={Elsevier}
}

@article{mcnown2018bootstrapping,
  title={Bootstrapping the autoregressive distributed lag test for cointegration},
  author={McNown, Robert and Sam, Chung Yan and Goh, Soo Khoon},
  journal={Applied Economics},
  volume={50},
  number={13},
  pages={1509--1521},
  year={2018},
doi={10.1080/00036846.2017.1366643},
  publisher={Taylor \& Francis}
}

@article{nkoro2016autoregressive,
  title={Autoregressive Distributed Lag (ARDL) cointegration technique: application and interpretation},
  author={Nkoro, Emeka and Uko, Aham Kelvin and others},
  journal={Journal of Statistical and Econometric Methods},
  volume={5},
  number={4},
  pages={63--91},
  year={2016}
}

@article{davidson2005case,
  title={The case against JIVE},
  author={Davidson, Russell and MacKinnon, James G},
  journal={Journal of Applied Econometrics},
  volume={21},
  number={6},
  pages={827--833},
  year={2005},
doi={ 10.1002/jae.873},
  publisher={Wiley Online Library}
}

@article{McNown2017,
title = {Re-examining foreign direct investment, exports, and economic growth in asian economies using a bootstrap ARDL test for cointegration},
journal = {Journal of Asian Economics},
volume = {51},
pages = {12-22},
year = {2017},
issn = {1049-0078},
doi={10.1016/j.asieco.2017.06.001},
author = {Goh, Soo Khoon and Sam, Chung Yan and McNown, Robert}
}

@article{kanioura2005critical,
  title={Critical values for an F-test for cointegration in a multivariate model},
  author={Kanioura, Athina and Turner, Paul},
  journal={Applied Economics},
  volume={37},
  number={3},
  pages={265--270},
  year={2005},
doi={10.1080/00036840412331315051},
  publisher={Taylor \& Francis}
}

@article{kripfganz2020response,
  title={Response Surface Regressions for Critical Value Bounds and Approximate p-values in Equilibrium Correction Models 1},
  author={Kripfganz, Sebastian and Schneider, Daniel C},
  journal={Oxford Bulletin of Economics and Statistics},
  volume={82},
  number={6},
  pages={1456--1481},
  year={2020},
doi={ 10.1111/obes.12377},
  publisher={Wiley Online Library}
}

@article{narayan2004crime,
  title={Crime rates, male youth unemployment and real income in Australia: evidence from Granger causality tests},
  author={Narayan, Paresh Kumar and Smyth, Russell},
  journal={Applied Economics},
  volume={36},
  number={18},
  pages={2079--2095},
  year={2004},
doi={10.1080/0003684042000261842},
  publisher={Taylor \& Francis}
}

@article{mills2001real,
  title={The real exchange rate and the output response in four EU accession countries},
  author={Mills, Terence C and Pentecost, Eric J},
  journal={Emerging Markets Review},
  volume={2},
  number={4},
  pages={418--430},
  year={2001},
doi={10.1016/S1566-0141(01)00027-9},
  publisher={Elsevier}
}



@article{pesaran2001,
  title={Bounds testing approaches to the analysis of level relationships},
  author={Pesaran, M Hashem and Shin, Yongcheol and Smith, Richard J},
  journal={Journal of applied econometrics},
  volume={16},
  number={3},
  pages={289--326},
  year={2001},
doi={10.1002/jae.616},
  publisher={Wiley Online Library}
}

@article{nar2015,
  title={The financial econometrics of price discovery and predictability},
  author={Narayan, Seema and Smyth, Russell},
  journal={International Review of Financial Analysis},
  volume={42},
  pages={380--393},
  year={2015},
doi={10.1016/j.irfa.2015.09.003},
  publisher={Elsevier}
}

@article{li2000bootstrapping,
  title={On bootstrapping regressions with unit root processes},
  author={Li, Hongyi and Xiao, Zhijie},
  journal={Statistics \& probability letters},
  volume={48},
  number={3},
  pages={261--267},
  year={2000},
doi={10.1016/S0167-7152(00)00005-5},
  publisher={Elsevier}
}

@article{kremers1992power,
  title={The power of cointegration tests},
  author={Kremers, Jeroen JM and Ericsson, Neil R and Dolado, Juan J},
  journal={Oxford bulletin of economics and statistics},
  volume={54},
  number={3},
  pages={325--348},
  year={1992},
 doi={10.1111/j.1468-0084.1992.tb00005.x},
  publisher={Wiley Online Library}
}

@article{johansen1990maximum,
  title={Maximum likelihood estimation and inference on cointegration—with applications to the demand for money},
  author={Johansen, S{\o}ren and Juselius, Katarina},
  journal={Oxford Bulletin of Economics and statistics},
  volume={52},
  number={2},
  pages={169--210},
doi={ 10.1111/j.1468-0084.1990.mp52002003.x},
  year={1990}
}
@article{johansen1992cointegration,
  title={Cointegration in partial systems and the efficiency of single-equation analysis},
  author={Johansen, S{\o}ren},
  journal={Journal of econometrics},
  volume={52},
  number={3},
  pages={389--402},
  year={1992},
doi={10.1016/0304-4076(92)90019-N},
  publisher={Elsevier}
}

@article{harris1998small,
  title={Small sample testing for cointegration using the bootstrap approach},
  author={Harris, Richard ID and Judge, Guy},
  journal={Economics Letters},
  volume={58},
  number={1},
  pages={31--37},
  year={1998},
doi={10.1016/S0165-1765(97)00275-9},
  publisher={Elsevier}
}

@article{ferretti1996unit,
  title={Unit root bootstrap tests for AR (1) models},
  author={Ferretti, Nelida and Romo, Juan},
  journal={Biometrika},
  volume={83},
  number={4},
  pages={849--860},
  year={1996},
doi={10.1093/biomet/83.4.849},
  publisher={Oxford University Press}
}

@article{engle1987co,
  title={Co-integration and error correction: representation, estimation, and testing},
  author={Engle, Robert F and Granger, Clive WJ},
  journal={Econometrica: journal of the Econometric Society},
  pages={251--276},
  year={1987},
doi={10.2307/1913236},
  publisher={JSTOR}
}

@article{chang2006bootstrapping,
  title={Bootstrapping cointegrating regressions},
  author={Chang, Yoosoon and Park, Joon Y and Song, Kevin},
  journal={Journal of Econometrics},
  volume={133},
  number={2},
  pages={703--739},
  year={2006},
doi={10.1016/S0304-4076(97)00043-2},
  publisher={Elsevier}
}

@article{engleyoo87,
title = {Forecasting and testing in co-integrated systems},
journal = {Journal of Econometrics},
volume = {35},
number = {1},
pages = {143-159},
year = {1987},
doi = {10.1016/0304-4076(87)90085-6},
author = {Robert F. Engle and Byung Sam Yoo}
}

@INPROCEEDINGS{Mackinnon91,
    author = {James G. Mackinnon},
    title = {Critical values for cointegration tests},
    booktitle = {Eds.), Long-Run Economic Relationship: Readings in Cointegration},
    year = {1991},
    publisher = {Oxford Press}
}

@article{gabriel2002,
  title={A simple method of testing for cointegration subject to multiple regime changes},
  author={Gabriel, Vasco J and Psaradakis, Zacharias and Sola, Martin},
  journal={Economics Letters},
  volume={76},
  number={2},
  pages={213--221},
  year={2002},
  publisher={Elsevier}
}

@article{cook2006power,
  title={The power of single equation tests for cointegration},
  author={Cook, Steven},
  journal={Applied Economics Letters},
  volume={13},
  number={5},
  pages={265--267},
  year={2006},
doi={10.1080/13504850500398534},
  publisher={Taylor \& Francis}
}


@article{maddala1998,
  title={Unit roots, cointegration, and structural change},
  author={Maddala, Gangadharrao S and Kim, In-Moo},
  year={1998},
doi={10.1017/CBO9780511751974},
  publisher={Cambridge university press}
}

@article{arranz2000,
author = {Arranz, Miguel A. and Escribano, Alvaro},
title = {Cointegration Testing Under Structural Breaks: A Robust Extended Error Correction Model},
journal = {Oxford Bulletin of Economics and Statistics},
volume = {62},
number = {1},
pages = {23-52},
doi = {10.1111/1468-0084.00158},
year = {2000}
}
@article{ericsson2002,
  title={Distributions of error correction tests for cointegration},
  author={Ericsson, Neil R and MacKinnon, James G},
  journal={The Econometrics Journal},
  volume={5},
  number={2},
  pages={285--318},
  year={2002},
doi={10.1111/1368-423X.00085},
  publisher={Oxford University Press Oxford, UK}
}
@article{johansen1991,
  title={Estimation and hypothesis testing of cointegration vectors in Gaussian vector autoregressive models},
  author={Johansen, S{\o}ren},
  journal={Econometrica: journal of the Econometric Society},
  pages={1551--1580},
  year={1991},
doi={10.2307/2938278},
  publisher={JSTOR}
}

@Manual{RSOFT,
    title = {R: A Language and Environment for Statistical Computing},
    author = {{R Core Team}},
    organization = {R Foundation for Statistical Computing},
    address = {Vienna, Austria},
    year = {2022},
    url = {https://www.R-project.org/},
  }
  
@Book{RCPP,
    title = {Seamless {R} and {C++} Integration with {Rcpp}},
    author = {Dirk Eddelbuettel},
    publisher = {Springer},
    address = {New York},
    year = {2013},
    note = {ISBN 978-1-4614-6867-7},
    doi = {10.1007/978-1-4614-6868-4},
  }
  
   @Manual{PKGARDL,
    title = {{ARDL}: ARDL, ECM and Bounds-Test for Cointegration},
    author = {Kleanthis Natsiopoulos and Nickolaos Tzeremes},
    year = {2021},
    note = {R package version 0.1.1},
    url = {https://CRAN.R-project.org/package=ARDL},
  }
  
  @Article{PKGVARS,
  title = {VAR, SVAR and SVEC Models: Implementation Within {R} Package {vars}},
  author = {Bernhard Pfaff},
  journal = {Journal of Statistical Software},
  year = {2008},
  volume = {27},
  number = {4},
  url = {https://www.jstatsoft.org/v27/i04/},
}
  @Manual{PKGDYNAMAC,
    title = {dynamac: Dynamic Simulation and Testing for Single-Equation ARDL Models},
    author = {Soren Jordan and Andrew Q. Philips},
    year = {2020},
    note = {R package version 0.1.11},
    url = {https://CRAN.R-project.org/package=dynamac},
  }

@Manual{PKGATSA,
title = {{aTSA}: Alternative Time Series Analysis},
  author = {Debin Qiu},
  year = {2015},
  note = {R package version 3.1.2},
  url = {https://CRAN.R-project.org/package=aTSA},
}

@Manual{bootCT,
title = {{bootCT}: Bootstrapping the ARDL Tests for Cointegration},
  author = {Gianmarco Vacca and Stefano Bertelli},
  year = {2023},
  note = {R package version 2.0.0},
}

@Book{ggplot,
    author = {Hadley Wickham},
    title = {ggplot2: Elegant Graphics for Data Analysis},
    publisher = {Springer-Verlag New York},
    year = {2016},
    isbn = {978-3-319-24277-4},
    url = {https://ggplot2.tidyverse.org},
  }

@Article{reshape2,
  title = {Reshaping Data with the {reshape} Package},
  author = {Hadley Wickham},
  journal = {Journal of Statistical Software},
  year = {2007},
  volume = {21},
  number = {12},
  pages = {1--20},
  url = {http://www.jstatsoft.org/v21/i12/},
}
@Manual{Rmisc,
title = {{Rmisc}: Ryan Miscellaneous},
  author = {Ryan M. Hope},
  year = {2022},
  note = {R package version 1.5.1},
  url = {https://CRAN.R-project.org/package=Rmisc},
}
@Manual{tseries,
title = {{tseries}: Time Series Analysis and Computational Finance},
  author = {Adrian Trapletti and Kurt Hornik},
  year = {2023},
  note = {R package version 0.10-54},
  url = {https://CRAN.R-project.org/package=tseries},
}
@Book{urca,
  title = {Analysis of Integrated and Cointegrated Time Series with R},
  author = {B. Pfaff},
  publisher = {Springer},
  edition = {Second},
  address = {New York},
  year = {2008},
  note = {ISBN 0-387-27960-1},
  url = {https://www.pfaffikus.de},
}
@Article{tidyverse,
  title = {Welcome to the {tidyverse}},
  author = {Hadley Wickham and Mara Averick and Jennifer Bryan and Winston Chang and Lucy D'Agostino McGowan and Romain François and Garrett Grolemund and Alex Hayes and Lionel Henry and Jim Hester and Max Kuhn and Thomas Lin Pedersen and Evan Miller and Stephan Milton Bache and Kirill Müller and Jeroen Ooms and David Robinson and Dana Paige Seidel and Vitalie Spinu and Kohske Takahashi and Davis Vaughan and Claus Wilke and Kara Woo and Hiroaki Yutani},
  year = {2019},
  journal = {Journal of Open Source Software},
  volume = {4},
  number = {43},
  pages = {1686},
  doi = {10.21105/joss.01686},
}

@Manual{pracma,
title = {{pracma}: Practical Numerical Math Functions},
  author = {Hans W. Borchers},
  year = {2022},
  note = {R package version 2.4.2},
  url = {https://CRAN.R-project.org/package=pracma},
}

@Manual{aod,
title = {{aod}: Analysis of Overdispersed Data},
  author = {{Lesnoff} and {M.} and {Lancelot} and {R.}},
  year = {2012},
  note = {R package version 1.3.2},
  url = {https://cran.r-project.org/package=aod},
}

@Manual{gtools,
title = {{gtools}: Various R Programming Tools},
  author = {Ben Bolker and Gregory R. Warnes and Thomas Lumley},
  year = {2022},
  note = {R package version 3.9.4},
  url = {https://CRAN.R-project.org/package=gtools},
}
@Manual{magrittr,
title = {{magrittr}: A Forward-Pipe Operator for R},
  author = {Stefan Milton Bache and Hadley Wickham},
  year = {2022},
  note = {R package version 2.0.3},
  url = {https://CRAN.R-project.org/package=magrittr},
}
@Manual{stringr,
title = {{stringr}: Simple, Consistent Wrappers for Common String Operations},
  author = {Hadley Wickham},
  year = {2022},
  note = {R package version 1.5.0},
  url = {https://CRAN.R-project.org/package=stringr},
}
@Manual{dplyr,
title = {{dplyr}: A Grammar of Data Manipulation},
  author = {Hadley Wickham and Romain François and Lionel Henry and Kirill Müller and Davis Vaughan},
  year = {2023},
  note = {R package version 1.1.2},
  url = {https://CRAN.R-project.org/package=dplyr},
}
@Manual{usethis,
title = {{usethis}: Automate Package and Project Setup},
  author = {Hadley Wickham and Jennifer Bryan and Malcolm Barrett and Andy Teucher},
  year = {2023},
  note = {R package version 2.2.2},
  url = {https://CRAN.R-project.org/package=usethis},
}

@Manual{RcppArmadillo2023,
title = {{RcppArmadillo}: `{Rcpp}' Integration for the `{Armadillo}' Templated Linear Algebra
Library},
  author = {Dirk Eddelbuettel and Romain Francois and Doug Bates and Binxiang Ni and Conrad Sanderson},
  year = {2023},
  note = {R package version 0.12.4.0.0},
  url = {https://CRAN.R-project.org/package=RcppArmadillo},
}

@Article{RcppArmadillo2014,
title = {{RcppArmadillo}: Accelerating R with high-performance C++ linear algebra},
  author = {Dirk Eddelbuettel and Conrad Sanderson},
  journal = {Computational Statistics and Data Analysis},
  year = {2014},
  volume = {71},
  month = {March},
  pages = {1054--1063},
  doi = {10.1016/j.csda.2013.02.005},
}

