
@article{sarriasmultinomial2017,
	title = {Multinomial {Logit} {Models} with {Continuous} and {Discrete} {Individual} {Heterogeneity} in {R}: {The} gmnl {Package}},
	volume = {79},
	copyright = {Copyright (c) 2017 Mauricio Sarrias, Ricardo Daziano},
	issn = {1548-7660},
	shorttitle = {Multinomial {Logit} {Models} with {Continuous} and {Discrete} {Individual} {Heterogeneity} in {R}},
	url = {https://www.jstatsoft.org/index.php/jss/article/view/v079i02},
	doi = {10.18637/jss.v079.i02},
	language = {en},
	number = {1},
	urldate = {2019-10-01},
	journal = {Journal of Statistical Software},
	author = {Sarrias, Mauricio and Daziano, Ricardo},
	month = jul,
	year = {2017},
	keywords = {latent class, mixed multinomial logit, preference heterogeneity, R, random parameters},
	pages = {1--46}
}

@Manual{mlogit2019,
    title = {mlogit: Multinomial Logit Models},
    author = {Yves Croissant},
    year = {2019},
    note = {R package version 1.0-1},
    url = {https://CRAN.R-project.org/package=mlogit},
  }

@Manual{r2008,
    title = {R: A Language and Environment for Statistical Computing},
    author = {{R Development Core Team}},
    organization = {R Foundation for Statistical Computing},
    address = {Vienna, Austria},
    year = {2008},
    note = {{ISBN} 3-900051-07-0},
    url = {http://www.R-project.org},
  }

@article{vonhaefenincorporating2003,
	title = {Incorporating Observed Choice into the Construction of Welfare Measures from Random Utility Models},
	volume = {45},
	issn = {0095-0696},
	doi = {10.1016/S0095-0696(02)00047-5},
	number = {2},
	urldate = {2019-07-11},
	journal = {Journal of Environmental Economics and Management},
	author = {von Haefen, Roger H},
	month = mar,
	year = {2003},
	keywords = {Random utility models, Simulation, Welfare measurement},
	pages = {145--165},
}

@techreport{federal20122014,
	address = {Ottawa, ON},
	title = {2012 {Canadian} {Nature} {Survey}: {Awareness}, Participation, and Expenditures in Nature-based Recreation, Conservation, and Subsistence Activities},
	institution = {Canadian Councils of Resource Ministers},
	author = {{Federal, Provincial, and Territorial Governments of Canada}},
	year = {2014}
}

@article{sobhanilatent2013,
	title = {A Latent Segmentation Based Multiple Discrete Continuous Extreme Value Model},
	volume = {58},
	issn = {0191-2615},
	doi = {10.1016/j.trb.2013.07.009},
	urldate = {2019-07-08},
	journal = {Transportation Research Part B: Methodological},
	author = {Anae Sobhani and Naveen Eluru and Ahmadreza Faghih-Imani},
	month = dec,
	year = {2013},
	keywords = {Accompaniment type, Activity type, Daily vehicle type and use decisions, Latent segmentation approaches, Mileage, Multiple discrete continuous models},
	pages = {154--169},
}

@article{hesson2006,
	title = {On the use of a {Modified} {Latin} {Hypercube} {Sampling} ({MLHS}) Method in the Estimation of a {Mixed} {Logit} {Model} for Vehicle Choice},
	volume = {40},
	issn = {0191-2615},
	doi = {10.1016/j.trb.2004.10.005},
	number = {2},
	journal = {Transportation Research Part B: Methodological},
	author = {Hess, Stephane and Train, Kenneth E. and Polak, John W.},
	month = feb,
	year = {2006},
	pages = {147--163}
}

@article{kuriyamalatent2010,
	title = {A Latent Segmentation Approach to a {Kuhn}–{Tucker} Model: {An} Application to Recreation Demand},
	volume = {60},
	issn = {0095-0696},
	shorttitle = {A latent segmentation approach to a {Kuhn}–{Tucker} model},
	doi = {10.1016/j.jeem.2010.05.005},
	number = {3},
	urldate = {2019-07-08},
	journal = {Journal of Environmental Economics and Management},
	author = {Koichi Kuriyama and Michael Hanemann and James Hilger},
	month = nov,
	year = {2010},
	keywords = {Beach recreation, Demand system, EM algorithms, Welfare analysis},
	pages = {209--220},
}

@article{muthuser2018,
    author =    {Chelsea Muth and Zita Oravecz Jonah and Gabry},
    journal =   {The Quantitative Methods for Psychology},
    publisher = {TQMP},
    title =     {User-friendly Bayesian Regression Modeling: A Tutorial with rstanarm and shinystan},
    year =      {2018},
    volume =    {14},
    number =    {2},
    pages =     {99-119},
    doi =       {10.20982/tqmp.14.2.p099}
}

@Article{gabrybayesplot2019,
  title = {Visualization in Bayesian Workflow},
  author = {Jonah Gabry and Daniel Simpson and Aki Vehtari and Michael Betancourt and Andrew Gelman},
  year = {2019},
  journal = {J. R. Stat. Soc. A},
  volume = {182},
  issue = {2},
  pages = {389-402},
  doi = {10.1111/rssa.12378},
}

@article{bhatmultiple2008,
	series = {A {Tribute} to the {Career} of {Frank} {Koppelman}},
	title = {The Multiple Discrete-continuous Extreme Value ({MDCEV}) Model: {Role} of Utility Function Parameters, Identification Considerations, and Model Extensions},
	volume = {42},
	issn = {0191-2615},
	shorttitle = {The multiple discrete-continuous extreme value ({MDCEV}) model},
	doi = {10.1016/j.trb.2007.06.002},
	number = {3},
	urldate = {2015-04-14},
	journal = {Transportation Research Part B: Methodological},
	author = {Bhat, Chandra R.},
	year = {2008},
	keywords = {Discrete-continuous system, Kuhn–Tucker demand systems, Mixed discrete choice, Multiple discreteness, Random utility maximization},
	pages = {274--303},
}

@article{vonhaefenestimation2004,
	title = {Estimation and {Welfare} {Analysis} with {Large} {Demand} {Systems}},
	volume = {22},
	issn = {0735-0015},
	abstract = {We develop an approach for estimating individual or household level preferences for a large set of quality-differentiated goods and for constructing Hicksian welfare measures within the demand system framework. Our approach uses a maximum simulated likelihood procedure to recover estimates of the structural parameters and a multistage. Monte Carlo Markov chain algorithm for constructing Hicksian consumer surplus estimates. We illustrate our approach with a recreation dataset consisting of day trips to 62 Mid-Atlantic beaches.},
	number = {2},
	urldate = {2016-11-07},
	journal = {Journal of Business \& Economic Statistics},
	author = {von Haefen, Roger H. and Phaneuf, Daniel J. and Parsons, George R.},
	year = {2004},
	pages = {194--205}
}

@article{phaneufestimation2000,
	title = {Estimation and {Welfare} {Calculations} in a {Generalized} {Corner} {Solution} {Model} with an {Application} to {Recreation} {Demand}},
	volume = {82},
	issn = {0034-6535},
	doi = {10.1162/003465300558650},
	number = {1},
	urldate = {2016-11-07},
	journal = {Review of Economics and Statistics},
	author = {Phaneuf, Daniel J. and Kling, Catherine L. and Herriges, Joseph A.},
	year = {2000},
	pages = {83--92},
}


@article{zeileisextended2010,
	title = {Extended {Model} {Formulas} in {R}: {Multiple} {Parts} and {Multiple} {Responses}},
	volume = {34},
	copyright = {Copyright (c) 2009 Achim Zeileis, Yves Croissant},
	issn = {1548-7660},
	shorttitle = {Extended {Model} {Formulas} in {R}},
	doi = {10.18637/jss.v034.i01},
	language = {en},
	number = {1},
	urldate = {2019-07-08},
	journal = {Journal of Statistical Software},
	author = {Zeileis, Achim and Croissant, Yves},
	month = apr,
	year = {2010},
	pages = {1--13},
}

@article{hessapollo2019,
	title = {Apollo: A Flexible, Powerful and Customisable Freeware Package for Choice Model Estimation and Application},
	issn = {1755-5345},
	shorttitle = {Apollo},
	doi = {10.1016/j.jocm.2019.100170},
	urldate = {2019-07-08},
	journal = {Journal of Choice Modelling},
	author = {Stephane Hess and David Palma},
	month = jun,
	year = {2019},
	keywords = {Apollo, choice modelling, discrete continuous, estimation, software},
	pages = {100170},
}

@unpublished{lloydsmitheconomics2019,
	title = {The {Economics} of {Outdoor} {Recreation} in {Canada}},
	publisher = {University of Saskatchewan working paper},
	author = {Lloyd-Smith, Patrick},
	year = {2019}
}

@misc{stan2019,
	title = {{RStan}: the {R} Interface to {Stan}. {R} Package Version 2.19},
	url = {https://mc-stan.org/rstan},
	author = {{Stan Development Team}},
	year = {2019}
}

@article{carpenterstan2017,
	title = {Stan: {A} {Probabilistic} {Programming} {Language}},
	volume = {76},
	issn = {1548-7660},
	doi = {10.18637/jss.v076.i01},
	number = {1},
	journal = {Journal of Statistical Software, Articles},
	author = {Carpenter, Bob and Gelman, Andrew and Hoffman, Matthew and Lee, Daniel and Goodrich, Ben and Betancourt, Michael and Brubaker, Marcus and Guo, Jiqiang and Li, Peter and Riddell, Allen},
	year = {2017},
	keywords = {Bayesian inference, Stan, algorithmic differentiation, probabilistic programming},
	pages = {1--32}
}
@article{lloydsmithnew2018,
title = "A New Approach to Calculating Welfare Measures in Kuhn-Tucker Demand Models",
journal = "Journal of Choice Modelling",
volume = "26",
pages = "19 - 27",
year = "2018",
issn = "1755-5345",
doi = {https://doi.org/10.1016/j.jocm.2017.12.002},
author = {Patrick Lloyd-Smith},
keywords = "Kuhn-Tucker model, Multiple discrete-continuous extreme value, Demand system, Welfare analysis",
}

@incollection{bhatmultiple2014,
title = {Multiple Discrete-continuous Choice Models: A Reflective Analysis and a Prospective View},
author = {Bhat, Chandra and Pinjari, Abdul},
year = {2014},
chapter = {19},
pages = {427-454},
booktitle = {Handbook of Choice Modelling},
editor = {Stephane Hess and Andrew Daly},
publisher = {Edward Elgar Publishing},
keywords = {Economics and Finance; Environment; Urban and Regional Studies},
}

@incollection{vonhaefenkuhn-tucker2005,
	address = {Dordrecht},
	title = {Kuhn-{Tucker} {Demand} {System} {Approaches} to {Non}-{Market} {Valuation}},
	isbn = {978-1-4020-3684-2},
	booktitle = {Applications of {Simulation} {Methods} in {Environmental} and {Resource} {Economics}},
	publisher = {Springer Netherlands},
	author = {von Haefen, Roger H. and Phaneuf, Daniel J.},
	editor = {Scarpa, Riccardo and Alberini, Anna},
	year = {2005},
	pages = {135--157}
}

@book{malerenvironment1974,
	author = {Mäler, K.G},
	title = {Environmental Economics: A Theoretical Inquiry},
	publisher = {Johns Hopkins University Press for Resources for the Future},
	year = {1974}
}

@BOOK{traindiscrete2003,
title = {Discrete Choice Methods with Simulation},
author = {Train, Kenneth},
year = {2009},
publisher = {Cambridge University Press},
}

@techreport{pinjaricomputationally2011,
	title = {Computationally Efficient Forecasting Procedures for {Kuhn}-{Tucker} Consumer Demand Model Systems: {Application} to residential energy consumption analysis},
	urldate = {2016-11-02},
	author = {Pinjari, Abdul Rawoof and Bhat, Chandra R.},
	year = {2011},
	publisher = {Department of Civil and Environmental Engineering, University of South Florida}
}
