%%%% Software
@Manual{R,
   author = {{\texttt{R} Core Team}},
   title = {\texttt{R}: A Language and Environment for Statistical Computing},
   organization = {R Foundation for Statistical Computing},
   year = {2015},
   address = {Vienna, Austria},
   url = {http://www.R-project.org/},
}
@Manual{GAM,
    title = {\pkg{gam}: Generalized Additive Models},
    author = {Trevor Hastie},
    note = {\texttt{R} package version 1.12},
    year = {2004},
    url = {https://CRAN.R-project.org/package=gam},
  }
@Article{gamlss,
    title = {Generalized Additive Models for Location, Scale and Shape,(with Discussion)},
    journal = {Applied Statistics},
    volume = {54},
    part = {3},
    pages = {507-554},
    year = {2005},
    author = {R. A. Rigby and D. M. Stasinopoulos},
    url={https://doi.org/10.1111/j.1467-9876.2005.00510.x}
  }
@Article{gamlss2,
    title = {Generalized Additive Models for Location Scale and Shape (\pkg{GAMLSS}) in \texttt{R}},
    author = {D. Mikis Stasinopoulos and Robert A. Rigby},
    journal  = {Journal of Statistical Software},
    year = {2007},
    vol = {23},
    issue = {7}
}
@Manual{gamlsscens,
    title = {\pkg{gamlss.cens}: Fitting an Interval Response Variable Using \code{gamlss.family}
distributions},
    author = {Mikis Stasinopoulos and Bob Rigby and Nicoleta Mortan},
    year = {2015},
    note = {\texttt{R} package version 4.3.1},
    url = {http://CRAN.R-project.org/package=gamlss.cens},
  }

@Manual{mgcv,
    title = {Mixed Gam Computation Vehicle with GCV/AIC/REML Smoothness Estimation},
    author = {Simon Wood},
    year = {2009},
    note = {\texttt{R} package version 1.8-10},
    url = {https://CRAN.R-project.org/package=mgcv}
  }
@Article{gamm,
   title = { Approximate Inference in Generalized Linear Mixed Models},
   author = { Breslow, N. E. and Clayton, D. G.},
   year = {1993},
    journal = {Journal of the American Statistical Association},
    volumn = {88},
    pages = {9-25},
    url={https://doi.org/10.1080/01621459.1993.10594284}
}
@manual{vgam,
  title = { \pkg{VGAM}: Vector Generalized Linear and Additive Models},
  author = {Yee T. W.},
  year = {2007},
  note = {\texttt{R} package version 1.0-2},
  url = {https://cran.r-project.org/web/packages/VGAM}
}
 @manual{spatsurv,
   title = {\pkg{spatsurv}: Bayesian Spatial Survival Analysis with Parametric Proportional Hazards Models},
   author = {Taylor, Benjamin M. and Rowlingson, Barry S. and Zheng, Ziyu},
   year = {2016},
   note = {\texttt{R} package version 0.9-14},
   url={https://cran.r-project.org/web/packages/spatsurv/}
 }
 @manual{mboost,
   title = {\pkg{mboost}: Model-Based Boosting},
   author = {Torsten Hothorn and Peter Buehlmann and  Thomas Kneib and Matthias Schmid and Benjamin Hofner},
   year = {2016},
   note = {\texttt{R} package version 2.7-0},
   url = {https://cran.r-project.org/web/packages/mboost/}
   }
   @manual{gamboostMSM,
   title = {\pkg{gamboostMSM}: Estimating Multistate Models Using \code{gamboost()}},
   author = {Reulen, Holger},
   year = {2014},
   note = {\texttt{R} package version 1.1.87},
   url = {https://cran.r-project.org/web/packages/gamboostMSM/},
   }
  @article{spatsurv2,
    title = {\pkg{spatsurv}: an \texttt{R} Package for Bayesian Inference with Spatial Survival Models},
    author = {Benjamin M. Taylor and Barry S. Rowlingson},
    year = {2014},
    journal = {Journal of Statistical Software},
    url={https://doi.org/10.18637/jss.v077.i04}
  }
   @article{BayesX,
    title = {Structured Additive Regression Models: An \texttt{R} Interface to \pkg{BayesX}},
    author = {Nikolaus Umlauf and Daniel Adler and Thomas Kneib and Stefan Lang and Achim Zeileis},
    journal = {Journal of Statistical Software},
    year = {2015},
    volume = {63},
    number = {21},
    pages = {1--46},
    url = {https://doi.org/10.18637/jss.v063.i21}
  }
  @manual{BayesX2,
    title = {\pkg{BayesX}: Software for Bayesian Inference in Structured
      Additive Regression Models},
    author = {Christiane Belitz and Andreas Brezger and Thomas Kneib
      and Stefan Lang and Nikolaus Umlauf},
    year = {2016},
    note = {Version 1.1},
    url = {http://www.BayesX.org/}
  }
 @manual{BayesX3,
    title = {\pkg{BayesX}: \texttt{R} Utilities Accompanying the Software Package \pkg{BayesX}},
    author = {Thomas Kneib and Felix Heinzl and Andreas Brezger and Daniel Sabanes Bove and Nadja Klein},
    year = {2014},
    note = {\texttt{R} package Version 0.2-9},
    url = {https://cran.r-project.org/web/packages/BayesX}
  }
  @manual{r2bayesX,
   title = {\pkg{R2BayesX}: Estimate Structured Additive Regression Models with \pkg{BayesX}},
   author = {Nikolaus Umlauf and Thomas Kneib and Stefan Lang and Achim Zeileis},
   year = {2016},
   note = {\texttt{R} package version 1.1-0},
   url = {https://cran.r-project.org/web/packages/R2BayesX/}
   }
%%% Methods:
@article{Hastie,
  author = "Trevor Hastie and Robert Tibshirani",
  title = "Generalized Additive Model",
   year = "1986",
   journal = "Statistical Science",
   volumn = "1",
   pages = "297-318",
   url={doi:10.1214/ss/1177013604}
}
@book{Hastiebook,
  author = "Chambers, J.M. and Hastie, Trevor J.",
  title = "Statistical Models in \texttt{S}",
  year = "1992",
  publisher = "Chapman and Hall/CRC",
  pages = "303-304"
}
@article{Kelsall,
   author = "Kelsall, Julia E. and Diggle, Peter J.",
   title= "Spatial Variation in Risk of Disease: A Nonparametric Binary Regression Approach",
   journal = "Applied Statistics",
   year = "1998",
   pages = "559-573",
   url={https://doi.org/10.1111/1467-9876.00128}
}
@article{Elliott,
    author  = "Elliott, Paul and Wartenberg, Daniel",
    title   = "Spatial Epidemioloty: Current Approaches and Future Challenges",
    year    = "2004",
    journal ="Environmental Health Perspectives",
    volume  = "112",
    pages   = "998-1106",
    url={https://doi.org/10.1289/ehp.6735}
}
@article{Webster,
    author  = "Webster, Thomas and Vieira, Veronica and Weinberg, Janice and Aschengrau, Ann",
    title   = "Method for Mapping Population-based Case-control Studies: An Application Using Generalized Additive Models",
    year    = "2006",
    journal ="International Journal of Health Geographics",
    volume  = "5",
    number   = "26",
    url={https://doi.org/10.1186/1476-072X-5-26}
}
@article{Efron,
    author  = "Efron, Bradley",
    title   = "The Efficiency of Cox's Likelihood Function for Censored Data",
    year    = "1977",
    journal ="Journal of the Americian Statistical Association",
    volume  = "72",
    pages   = "557-565",
    url={https://doi.org/10.1080/01621459.1977.10480613}
}
@article{Loess1,
    author  = "Cleveland, William S.",
    title   = "Robust Locally Weighted Regression and Smoothing Scatterplots",
    year    = "1979",
    journal =" Journal of the American Statistical Association ",
    volume  = "74",
    pages   = "829-836",
    url={https://doi.org/10.1080/01621459.1979.10481038}
}
@article{Loess2,
    author  = "Cleveland, William S.",
    title   = "\pkg{LOWESS}: A Program for Smoothing Scatterplots by Robust Locally Weighted Regression",
    year    = "1981",
    journal =" The American Statistician ",
    volume  = "35",
    pages   = "54"
}
@article{Loess3,
    author  = "Cleveland, William S. and Devlin, Susan J.",
    title   = "Locally-Weighted Regression: An Approach to Regression Analysis by Local Fitting",
    year    = "1988",
    journal =" Journal of the American Statistical Association ",
    volume  = "83",
    pages   = "596â€“610",
    url={ https://doi.org/10.1080/01621459.1988.10478639}
}
%%%% Application
@article{Baker,
    author  = "Baker, Stephen and Holt, Kathryn E. and Clements, Archie C.A. and Karkey, Abhilasha and Arjyal, Amit and Boni, Maciej F. and Dongol, Sabina and Hammond, Naomi and Koirala, Samir and Duy, Pham Thanh and Nga, Tran Vu Thieu and Campbell, James I. and Dolecek, Christiane and Basnyat, Buddha and Dougan, Gordon and Farrar, Jeremy J.",
    title   = "Combined High-resolution Genotyping and Geospatial Analysis Reveals Modes of Endemic Urban Typhoid Fever Transmission",
    year    = "2011",
    journal ="Open Biology",
    volume="1",
    number="2",
    pages="110008",
    publisher="Royal Society Journals",
    url={https://doi.org/10.1098/rsob.110008}
}
@article{Vieira,
    author  = "Vieira, Veronica M. and Webster, Thomas F. and Weinberg, Janice M. and Aschengrau, Ann",
    title   = "Spatial-Temporal Analysis of Breast Cancer in Upper Cape Cod, Massachusetts",
    year    = "2008",
    journal ="International Journal of the Health Geographics",
    volume  = "7",
    number   = "46",
    url={https://doi.org/10.1186/1476-072X-7-46}
}
@article{Bristow,
    author  = "Bristow, Robert E. and Chang, Jenny and Ziogas, Argyrios and Anton-Culver, Hoda and Vieira, Veronica, M.",
    title   = "Spatial Analysis of Adherence to Treatment Guidelines for Advanced-stage Ovarian Cancer and the Impact of Race and Socioeconomic Status",
    year    = "2014",
    journal ="Gynecologic Oncology",
    volume  = "134",
    pages   = "60-67",
    url={https://doi.org/10.1016/j.ygyno.2014.03.561}
}
@article{Akullian,
    author  = "Akullian, Adam and Kohler, Pamela and Kinuthia, John and Laserson, Kayla and Mills, Lisa A. and Okanda, John and Olilo, George and Ombok, Maurice and Odhiambo, Frank and Rao, Deepa and Wakefield, Jonathan and John-Stewart, Grace",
    title   = "Geographic Distribution of HIV Stigma Among Women of Childbearing Age in Rural Kenya",
    year    = "2014",
    journal ="AIDS",
    volume  = "28",
    pages   = "1665-1672",
    url={https://doi.org/10.1097/QAD.0000000000000318}
}
@article{Hoffman,
    author  = "Hoffman, Kate and Aschengrau, Ann and Webster, Thomas F. and Bartell, Scott M. and Vieira, Veronica M.",
    title   = "Associations Between Residence at Birth and Mental Health Disorders: A Spatial Analysis of Retrospective Cohort Data",
    year    = "2015",
    journal ="BMC Public Health",
    volume  = "15",
    number   = "688",
    url={https://doi.org/10.1186/s12889-015-2011-z}
}
@article{Henderson,
  author = {Robin Henderson and Silvia Shimakura and David Gorst},
  title = {Modeling Spaital Variation in Leukemia Survival Data},
   year = {2002},
   journal = {Journal of the American Statistical Association},
   volume = {97},
   pages = {965 - 975},
   url={https://doi.org/10.1198/016214502388618753}
}
%%% Not nessceary to cite
@article{Jerrett,
    author  = "Jerrett, Michael and Gale, Sara and Kontgis, Caitlin",
    title   = "Spatial Modeling in Environmental and Public health Research",
    year    = "2010",
    journal ="International Journal of the Environmental Research and Public Health",
    volume  = "7",
    pages   = "1302-1329"
}
@article{Vieira2,
    author  = {Vieira, Veronica and Webster, Thomas and Weinberg, Janice and Aschengrau, Ann},
    title = {Spatial Analysis of Bladder, Kidney, and Pancreatic Cancer on Upper Cape Cod: An Application of Generalized Additive Models to Case-Control Data},
    year = {2009},
    journal ={Environmental Health},
    volume  = {8},
    number   = {3}
}
