  @Book{Wickham2009,
    author = {Hadley Wickham},
    title = {ggplot2: Elegant Graphics for Data Analysis},
    publisher = {Springer-Verlag New York},
    year = {2009},
    url = {http://ggplot2.org},
    pages = {27},
    isbn = {978-0-387-98140-6},
  }
@article{Hartigan1972,
author = {Hartigan, J. A.},
journal = {Journal of the American Statistical Association},
number = {337},
pages = {123--129},
title = {{Direct clustering of a data matrix}},
volume = {67},
year = {1972},
URL = {https://doi.org/10.1080/01621459.1972.10481214},
}
@article{Kaiser2008,
author = {Kaiser, Sebastian and Leisch, Friedrich},
isbn = {978-3-7908-2083-6},
journal = {Compstat 2008---Proceedings in Computational Statistics},
pages = {201--208},
title = {{A toolbox for bicluster analysis in {\{}R{\}}}},
year = {2008}
}
@article{Toscher2009,
author = {T{\"{o}}scher, Andreas and Jahrer, Michael},
journal = {Netflix prize documentation},
number = {1},
title = {{The BigChaos solution to the Netflix prize 2009}},
year = {2009}
}
@article{Cheng2000,
author = {Cheng, Y and Church, G M},
journal = {Proceedings International Conference on Intelligent Systems for Molecular Biology ; ISMB. International Conference on Intelligent Systems for Molecular Biology},
title = {{Biclustering of expression data}},
volume = {8},
year = {2000}
}
@article{Busygin2008,
author = {Busygin, Stanislav and Prokopyev, Oleg and Pardalos, Panos M.},
journal = {Computers and Operations Research},
number = {9},
title = {{Biclustering in data mining}},
volume = {35},
year = {2008},
URL = {https://doi.org/10.1016/j.cor.2007.01.005}
}
@book{Wickham2016,
author = {Wickham, Hadley},
booktitle = {R package version 1.0.0},
title = {{tidyverse: Easily Install and Load 'Tidyverse' Packages.}},
url = {https://cran.r-project.org/package=tidyverse},
year = {2016}
}
@Manual{nycflights,
    title = {nycflights13: Flights that departed NYC in 2013},
    author = {Hadley Wickham},
    year = {2017},
    note = {R package version 0.2.2},
    url = {https://CRAN.R-project.org/package=nycflights13},
  }
@article{Li2018,
author = {Li, Jing and  Reisner, John and Pham, Hieu and Olafsson, Sigurdur and Vardeman, Stephen},
title = {{Biclustering for missing data}},
journal = {Information Sciences},
year = {2020},
volume = {510},
pages = {304--316},
url = {https://doi.org/10.1016/j.ins.2019.09.047}
}
@article{Kluger2003,
author = {Kluger, Yuval and Basri, Ronen and Chang, Joseph T. and Gerstein, Mark},
journal = {Genome Research},
isbn = {1088-9051},
number = {4},
pages = {703--716},
title = {{Spectral biclustering of microarray data: Coclustering genes and conditions}},
volume = {13},
URL = {https://doi.org/10.1101/gr.648603},
year = {2003}
}
@article{Rand1971,
author = {Rand, M},
isbn = {1216578109},
journal = {Journal of the American Statistical Association},
number = {336},
pages = {846--850},
title = {{Objective criteria for the evaluation of methods clustering}},
url = {https://doi.org/10.1080/01621459.1971.10482356},
volume = {66},
year = {1971}
}
 @article{Chang2010,
    title = {{clues}: An {R} Package for Nonparametric Clustering Based
      on Local Shrinking},
    author = {Fang Chang and Weiliang Qiu and Ruben H. Zamar and Ross
      Lazarus and Xiaogang Wang},
    journal = {Journal of Statistical Software},
    year = {2010},
    volume = {33},
    number = {4},
    pages = {1--16},
    url = {http://www.jstatsoft.org/v33/i04/},
  }

 @Manual{Wickham2019,
    title = {tidyr: Easily Tidy Data with 'spread()' and 'gather()' Functions},
    author = {Hadley Wickham and Lionel Henry},
    year = {2019},
    note = {R package version 0.8.3},
    url = {https://CRAN.R-project.org/package=tidyr},
  }

@article{CIS-3920,
  Author = {Goodall, David W.},
  Title = {A new similarity index based on probability},
  Journal = {Biometrics},
  Volume = {22},
  Year = {1966},
  Pages = {882--907},
  Keywords = {Uniform distribution, Multivariate analysis, Numerical taxonomy, Ranking}
}
@article{Hubert1985,
author = {Hubert, Lawrence and Arabie, Phipps},
doi = {10.1007/BF01908075},
issn = {01764268},
journal = {Journal of Classification},
keywords = {Consensus indices,Measures of agreement,Measures of association},
title = {{Comparing partitions}},
year = {1985}
}
@article{Harper2015,
author = {Harper, F. Maxwell and Konstan, Joseph A.},
journal = {ACM Transactions on Interactive Intelligent Systems},
title = {{The MovieLens datasets}},
year = {2015}
}
@article{Oghanbian2014,
    author = {Oghabian, Ali AND Kilpinen, Sami AND Hautaniemi, Sampsa AND Czeizler, Elena},
    journal = {PLOS ONE},
    publisher = {Public Library of Science},
    title = {Biclustering Methods: Biological Relevance and Application in Gene Expression Analysis},
    year = {2014},
    month = {03},
    volume = {9},
    url = {https://doi.org/10.1371/journal.pone.0090801},
    pages = {1-10},
    number = {3},
    doi = {10.1371/journal.pone.0090801}
}
@article{Lazzeroni2002,
archivePrefix = {arXiv},
arxivId = {arXiv:1011.1669v3},
author = {Lazzeroni, Laura and Owen, Art},
url = {https://doi.org/10.1017/CBO9781107415324.004},
eprint = {arXiv:1011.1669v3},
isbn = {1017-0405},
issn = {10170405},
journal = {Statistica Sinica},
pages = {61--86},
pmid = {25246403},
title = {{Plaid models for gene expression data}},
volume = {12},
year = {2002}
}
@article{Bergmann2003,
author = {Bergmann, Sven and Ihmels, Jan and Barkai, Naama},
url = {https://doi.org/10.1103/PhysRevE.67.031902},
isbn = {1539-3755 (Print)$\backslash$n1539-3755 (Linking)},
issn = {1063651X},
journal = {Physical Review E - Statistical Physics, Plasmas, Fluids, and Related Interdisciplinary Topics},
pmid = {12689096},
title = {{Iterative signature algorithm for the analysis of large-scale gene expression data}},
year = {2003}
}
@article{Tan2014,
author = {Tan, Kean Ming and Witten, Daniela M.},
URL = {https://doi.org/10.1080/10618600.2013.852554},
issn = {15372715},
journal = {Journal of Computational and Graphical Statistics},
keywords = {Clustering,Gene expression,Matrix-variate normal distribution,Unsupervised learning,â„“1penalty},
pmid = {25364221},
title = {{Sparse Biclustering of Transposable Data}},
year = {2014}
}

 @manual{iBBiG,
    title = {iBBiG: Iterative Binary Biclustering of Genesets},
    author = {Daniel Gusenleitner and Aedin Culhane},
    year = {2019},
    note = {R package version 1.28.0},
    url = {http://bcb.dfci.harvard.edu/~aedin/publications/},
  }
  @article{QUBIC,
    title = {{QUBIC}: a bioconductor package for qualitative biclustering analysis of gene co-expression data},
    author = {Yu Zhang and Juan Xie and Jinyu Yang and Anne Fennell and Chi Zhang and Qin Ma},
    journal = {Bioinformatics},
    year = {2017},
    volume = {33},
    number = {3},
    pages = {450--452},
    URL = {https://doi.org/10.1093/bioinformatics/btw635},
  }
  @manual{superbiclust,
    title = {superbiclust: Generating Robust Biclusters from a Bicluster Set (Ensemble Biclustering)},
    author = {Tatsiana Khamiakova},
    year = {2014},
    note = {R package version 1.1},
    url = {https://CRAN.R-project.org/package=superbiclust},
  }
  @manual{s4vd,
    title = {s4vd: Biclustering via Sparse Singular Value Decomposition Incorporating Stability Selection},
    author = {Martin Sill and Sebastian Kaiser},
    year = {2015},
    note = {R package version 1.1-1},
    url = {https://CRAN.R-project.org/package=s4vd},
  }

  @manual{BiBitR,
    title = {BiBitR: R Wrapper for Java Implementation of BiBit},
    author = {De Troyer Ewoud},
    year = {2017},
    note = {R package version 0.4.2},
  }
@article{Malosetti2013,
author = {Malosetti, Marcos and Ribaut, Jean Marcel and van Eeuwijk, Fred A.},
journal = {Frontiers in Physiology},
title = {{The statistical analysis of multi-environment data: Modeling genotype-by-environment interaction and its genetic basis}},
year = {2013},
volume = {4},
number = {44},
URL = {https://doi.org/10.3389/fphys.2013.00044}
}
@misc{USDA,
author = {U.S. Department of Agriculture, National Agricultural Statistics Service},
year = {2018},
title = {Data and statistics},
note = {Washington, DC: U.S. Department of Agriculture, National Agricultural Statistics Service},
URL = {http://www.nass.usda.gov/Data_and_Statistics/index.asp}
}
