@Article{yuan.2016,
  author = {W. Yuan and K. S. Chin and M. Hua and G. Dong and C. Wang},
  title = {Shape Classification of Wear Particles by Image Boundary Analysis Using Machine Learning Algorithms},
  journal = {Mechanical {S}ystems and {S}ignal {P}rocessing},
  year = {2016},
  volume = {72-73},
  pages = {346-358},
}

@Manual{Li.BD.2015,
  title = {BayesBD: Bayesian Boundary Detection in Images},
  author = {M. Li},
  year = {2015},
  note = {R package version 0.1},
}

@Manual{Syring.Li.BD.2016,
  title = {BayesBD: Bayesian Inference for Image Boundaries},
  author = {N. Syring and M. Li},
  year = {2017},
  note = {R package version 1.2},
}

@Manual{shiny,
  title = {Easy Web Applications in R.},
  author = {{RStudio, Inc}},
  year = {2016},
  note = {URL: \url{http://www.rstudio.com/shiny/}},
}

@Article{neal.2003,
  author = {R. Neal},
  title = {Slice Sampling},
  journal = {The Annals of Statistics},
  year = {2003},
  volume = {31},
  pages = {705-767},
  number = {3},
}

@Article{Li.2010,
  author = {C. Li and C. Xu and C. Gui and M. D. Fox},
  title = {Distance Regularized Level Set Evolution and Its Application to Image Segmentation.},
  journal = {{I}{E}{E}{E} {T}rans. {I}mage {P}rocessing},
  year = {2010},
  volume = {19},
  pages = {3243-3254},
  number = {12},
}

@Book{Rcpp,
  title = {Seamless {R} and {C++} Integration with {Rcpp}},
  author = {Dirk Eddelbuettel},
  publisher = {Springer-Verlag},
  address = {New York},
  year = {2013},
  note = {ISBN 978-1-4614-6867-7},
}

@Article{RcppArmadillo,
  title = {RcppArmadillo: Accelerating {R} with High-Performance {C}++ Linear Algebra},
  author = {Dirk Eddelbuettel and Conrad Sanderson},
  journal = {Computational Statistics \& Data Analysis},
  year = {2014},
  volume = {71},
  pages = {1054--1063},
  url = {http://dx.doi.org/10.1016/j.csda.2013.02.005},
}

@Article{MH,
  title = {Monte Carlo Sampling Methods Using {M}arkov Chains and Their Applications},
  author = {W. K. Hastings},
  journal = {Biometrika},
  year = {1970},
  volume = {57},
  number = {1},
  pages = {97--109},
}

@Article{PET,
  title = {F-{F}{D}{O}{P}{A} {P}{E}{T} Imaging of Brain Tumors: Comparison Study with {F}-{F}{D}{G} {P}{E}{T} Evaluation of Diagnostic Accuracy},
  author = {Wei Chen and Daniel H. S. Silverman and Delaloye Sibylle and Johannes Czernin and Nirav Kamdar and Whitney Pope and Nagichettiar Satyamurthy and Christiaan Schiepers and Timothy Cloughesy},
  journal = {Journal of Nuclear Medicine},
  year = {2006},
  volume = {47},
  number = {6},
  pages = {904--911},
}

@Article{Heppner:84,
  title = {Tumor Heterogeneity},
  author = {Gloria H. Heppner},
  journal = {Cancer research},
  volume = {44},
  pages = {2259--2265},
  year = {1984},
}

@InProceedings{ananda2012automatic,
  title = {Automatic Segmentation Framework for Primary Tumors from Brain {MRI}s Using Morphological Filtering Techniques},
  author = {Resmi S Ananda and Tessamma Thomas},
  booktitle = {Biomedical Engineering and Informatics (BMEI), 2012 5th International Conference on},
  pages = {238--242},
  year = {2012},
  organization = {IEEE},
}

@Article{van+van:09,
  author = {A. W. {van der Vaart} and J. H. {van Zanten}},
  title = {Adaptive {B}ayesian Estimation Using a {G}aussian Random Field with Inverse Gamma Bandwidth},
  journal = {Ann. Statist.},
  fjournal = {The Annals of Statistics},
  volume = {37},
  year = {2009},
  number = {5B},
  pages = {2655--2675},
  issn = {0090-5364},
  coden = {ASTSC7},
  mrclass = {62G05 (62C10 62G20)},
  mrnumber = {2541442},
  mrreviewer = {Carla R. Henriques},
  url = {https://doi.org/10.1214/08-aos678},
}

@Misc{Li.Ghosal.2015,
  author = {M. Li and S. Ghosal},
  title = {Bayesian Detection of Image Boundaries},
  url = {https://arxiv.org/abs/1508.05847},
  year = {2015},
}

@Article{MacKay:98,
  title = {Introduction to {G}aussian Processes},
  author = {David JC MacKay},
  journal = {NATO ASI Series F Computer and Systems Sciences},
  volume = {168},
  pages = {133--166},
  year = {1998},
  publisher = {Springer-Verlag},
}

@Article{Bha+Mit:12,
  title = {A Survey on Various Edge Detector Techniques},
  author = {Saket Bhardwaj and Ajay Mittal},
  journal = {Procedia Technology},
  volume = {4},
  pages = {220--226},
  year = {2012},
  publisher = {Elsevier},
}

@Article{Basu:02,
  title = {Gaussian-Based Edge-Detection Methods---a Survey},
  author = {Mitra Basu},
  journal = {IEEE Transactions on Systems, Man, and Cybernetics, Part C},
  volume = {32},
  number = {3},
  pages = {252--260},
  year = {2002},
  publisher = {Citeseer},
}

@Article{Fit+:10,
  jstor_articletype = {research-article},
  title = {Ecological Boundary Detection Using {B}ayesian Areal Wombling},
  author = {Matthew C. Fitzpatrick and Evan L. Preisser and Adam Porter and Joseph Elkinton and Lance A. Waller and Bradley P. Carlin and Aaron M. Ellison},
  journal = {Ecology},
  volume = {91},
  number = {12},
  pages = {3448--3455},
  url = {http://www.jstor.org/stable/29779525},
  issn = {00129658},
  language = {English},
  year = {2010},
  publisher = {Ecological Society of America},
  copyright = {Copyright © 2010 Ecological Society of America},
}

@Article{Lu+Car:05,
  author = {Haolan Lu and Bradley P. Carlin},
  year = {2005},
  title = {Bayesian Areal Wombling for Geographical Boundary Analysis},
  journal = {Geographical Analysis},
  volume = {37},
  number = {3},
  pages = {265-285},
  isbn = {0016-7363},
  language = {English},
  url = {http://proxying.lib.ncsu.edu/index.php?url=/docview/289033244?accountid=12725},
}

@Book{Waller+Gotway:04,
  author = {Lance A. Waller and Carol A. Gotway},
  title = {Applied Spatial Statistics for Public Health Data},
  series = {Wiley Series in Probability and Statistics},
  publisher = {John Wiley \& Sons},
  year = {2004},
  pages = {xviii+494},
  isbn = {0-471-38771-1},
  mrclass = {62-02 (62H11 62P10 62P12)},
  mrnumber = {2075123},
  url = {https://doi.org/10.1002/0471662682},
}

@Article{geman.1984,
  author = {S. Geman and D. Geman},
  title = {Stochastic Relaxation, {G}ibbs Distributions, and the {B}ayesian Restoration of Images},
  journal = {IEEE Transactions on Pattern Analysis and Machine Intelligence},
  year = {1984},
  volume = {PAMI-6},
  pages = {721-741},
  number = {6},
}

@Article{Ziou.Tabbone.1998,
  author = {D. Ziou and S. Tabbone},
  title = {Edge Detection Techniques -- An Overview},
  journal = {Pattern Recognition and Image Analysis C/C of Raspoznavaniye Obrazov I Analiz Izobrazhenii},
  year = {1998},
  volume = {8},
  pages = {537-559},
}

@Article{Maini.Aggarwal.2009,
  author = {R. Maini and H. Aggarwal},
  title = {Study and Comparison of Various Image Edge Detection Techniques},
  journal = {International Journal of Image Processing},
  year = {2009},
  volume = {3},
  pages = {1-11},
  number = {1},
}

@Article{Fitz.etal.2010,
  author = {M. C. Fitzpatrick and E. L. Preisser and A. Porter and J. Elkinton and L. A. Waller and B. P. Carlin and A. M. Ellison},
  title = {Ecological Boundary Detection Using {B}ayesian Areal Wombling},
  journal = {Ecology},
  year = {2010},
  volume = {91},
  pages = {3448-3455},
  number = {12},
}

@Article{Lu.Carlin.2004,
  author = {H. Lu and B. P. Carlin},
  title = {Bayesian Areal Wombling for Geographical Boundary Analysis},
  journal = {Geographical Analysis},
  year = {2004},
  volume = {37},
  pages = {265-285},
}

@Article{RadOnc,
  title = {Rad{O}nc: An {R} Package for Analysis of Dose-Volume Histogram and Three- Dimensional Structural Data.},
  author = {Reid F. Thompson},
  journal = {J. Rad. Onc. Info.},
  year = {2014},
  volume = {6},
  number = {1},
  pages = {98--100},
}

@Manual{RadOncR,
  title = {RadOnc: Analytical Tools for Radiation Oncology},
  author = {Reid F. Thompson},
  year = {2017},
  url = {https://CRAN.R-project.org/package=
RadOnc},
}

@Manual{mritc,
  title = {Mritc: MRI Tissue Classification},
  author = {Dai Feng and Luke Tierney},
  year = {2015},
  url = {https://CRAN.R-project.org/package=mritc},
}

@Manual{bayesImageS,
  title = {Bayesian Methods for Image Segmentation Using a {P}otts Model},
  author = {Matt Moores and Kerrie Mengersen and Dai Feng},
  year = {2017},
  url = {https://CRAN.R-project.org/package=bayesImageS},
}

@Manual{bayess,
  title = {Bayesian Essentials with {R}},
  author = {Christian P. Robert and Jean-Michel Marin},
  year = {2015},
  url = {https://CRAN.R-project.org/package=bayess},
}

@InCollection{bayes_image_book,
  title = {Advances in {B}ayesian Image Analysis.},
  author = {M. A. Hurn and O. K. Husby and H. Rue},
  editor = {P. J. Green and N. L. Hjort and S. Richardson},
  booktitle = {Highly Structured Stochastic Systems},
  publisher = {Oxford University Press},
  address = {Oxford},
  year = {2003},
  pages = {301-322},
}

@Book{gren_book,
  title = {Pattern Theory: From Representation to Inference.},
  author = {U. Grenander and M. I. Miller},
  publisher = {Oxford University Press},
  address = {New York},
  year = {2007},
}

@Book{marin_book,
  title = {Bayesian Essentials with {R}.},
  author = {Jean-Michel Marin and Christian P. Robert},
  publisher = {Springer-Verlag},
  year = {2014},
}

@Article{cucala,
  title = {“Bayesian Inference on a Mixture Model with Spatial Dependence.},
  author = {Lionel Cucala and Jean-Michel. Marin},
  journal = {J. Comput. Graph. Stat.},
  year = {2014},
  volume = {22},
  number = {3},
  pages = {584--597},
}
