@article {survivalCV,
author = {Verweij, Pierre J. M. and Van Houwelingen, Hans C.},
title = {Cross-validation in survival analysis},
journal = {Statistics in Medicine},
volume = {12},
number = {24},
publisher = {Wiley Subscription Services, Inc., A Wiley Company},
doi = {10.1002/sim.4780122407},
url = "https://doi.org/10.1002/sim.4780122407",
pages = {2305--2314},
year = {1993},
}

@article {BIC,
author = {Volinsky, Chris T. and Raftery, Adrian E.},
title = {Bayesian Information Criterion for Censored Survival Models},
journal = {Biometrics},
volume = {56},
number = {1},
publisher = {Blackwell Publishing Ltd},
doi = {10.1111/j.0006-341X.2000.00256.x},
url = "https://doi.org/10.1111/j.0006-341X.2000.00256.x",
pages = {256--262},
keywords = {Bayes factor, Cox proportional hazards model, Exponential distribution, Partial likelihood, Variable selection},
year = {2000},
}

@article {WICS:WICS55,
author = {Bühlmann, Peter and Yu, Bin},
title = {Boosting},
journal = {Wiley Interdisciplinary Reviews: Computational Statistics},
volume = {2},
number = {1},
publisher = {John Wiley & Sons, Inc.},
doi = {10.1002/wics.55},
url = "https://doi.org/10.1002/wics.55",
pages = {69--74},
keywords = {boosting, gradient descent, AdaBoost, L2Boost, base learner},
year = {2010},
}

@article{regularizationPaths,
   author = {Noah Simon and Jerome Friedman and Trevor Hastie and Rob Tibshirani},
   title = {Regularization Paths for Cox's Proportional Hazards Model via Coordinate Descent},
   journal = {Journal of Statistical Software, Articles},
   volume = {39},
   number = {5},
   year = {2011},
   pages = {1--13},
   doi = {10.18637/jss.v039.i05},
   url = "https://doi.org/10.18637/jss.v039.i05"
}

@article{EBIC,
author = {Chen, Jiahua and Chen, Zehua},
title = {Extended Bayesian information criteria for model selection with large model spaces},
journal = {Biometrika},
volume = {95},
number = {3},
pages = {759-771},
year = {2008},
doi = {10.1093/biomet/asn034},
url = "https://doi.org/10.1093/biomet/asn034"
}

@article{ boostingTutorial,
    title = {Model-based Boosting in {R}: A Hands-on Tutorial Using the {R} Package mboost},
    author = {Benjamin Hofner and Andreas Mayr and Nikolay Robinzonov and Matthias Schmid},
    journal = {Computational Statistics},
    year = {2014},
    volume = {29},
    pages = {3--35},
}

@article{ boosting2010,
    title = {Model-based Boosting 2.0},
    author = {Torsten Hothorn and Peter Bühlmann and Thomas Kneib and Matthias Schmid and Benjamin Hofner},
    journal = {Journal of Machine Learning Research},
    year = {2010},
    volume = {11},
    pages = {2109--2113},
 }
 
@article{boosting2007,
    title = {Boosting Algorithms: Regularization, Prediction and Model Fitting (with Discussion)},
    author = {Peter Bühlmann and Torsten Hothorn},
    journal = {Statistical Science},
    year = {2007},
    volume = {22},
    number = {4},
    pages = {477--505},
}

@article{friedman2000,
author = {Friedman, Jerome and Hastie, Trevor and Tibshirani, Robert},
doi = {10.1214/aos/1016218223},
url = {https://doi.org/10.1214/aos/1016218223},
journal = {The Annals of Statistics},
month = {04},
number = {2},
pages = {337--407},
publisher = {The Institute of Mathematical Statistics},
title = {Additive logistic regression: a statistical view of boosting (With discussion and a rejoinder by the authors)},
volume = {28},
year = {2000},
}

@article{lasso,
  title={The lasso method for variable selection in the Cox model},
  author={Tibshirani, Robert},
  journal={Statistics in medicine},
  volume={16},
  number={4},
  pages={385--395},
  year={1997},
  publisher={Wiley Online Library}
}

@article {penalizedCoxPH,
author = {Goeman, Jelle J.},
title = {L1 Penalized Estimation in the Cox Proportional Hazards Model},
journal = {Biometrical Journal},
volume = {52},
number = {1},
publisher = {WILEY-VCH Verlag},
doi = {10.1002/bimj.200900028},
pages = {70--84},
keywords = {Gradient ascent, Lasso, Penalty, Survival},
year = {2010},
}

@article{jiang2004,
author = "Jiang, Wenxin",
doi = "10.1214/aos/1079120128",
fjournal = "The Annals of Statistics",
journal = "Ann. Statist.",
month = "02",
number = "1",
pages = "13--29",
publisher = "The Institute of Mathematical Statistics",
title = "Process consistency for AdaBoost",
url = "https://doi.org/10.1214/aos/1079120128",
volume = "32",
year = "2004"
}

@article{Caldas,
	Author = {Naderi, A and Teschendorff, A E and Barbosa-Morais, N L and Pinder, S E and Green, A R and Powe, D G and Robertson, J F R and Aparicio, S and Ellis, I O and Brenton, J D and Caldas, C},
	Day = {28},
	Journal = {Oncogene},
	Month = {08},
	Pages = {1507--1516},
	Publisher = {Nature Publishing Group SN},
	Title = {A gene-expression signature to predict survival in breast cancer across independent data sets},
	Ty = {JOUR},
	Volume = {26},
	Year = {2006},
}

@article{Chin,
	Annote = {doi: 10.1016/j.ccr.2006.10.009},
	url = {https://doi.org/10.1016/j.ccr.2006.10.009},
	Author = {Chin, Koei and DeVries, Sandy and Fridlyand, Jane and Spellman, Paul T. and Roydasgupta, Ritu and Kuo, Wen-Lin and Lapuk, Anna and Neve, Richard M. and Qian, Zuwei and Ryder, Tom and Chen, Fanqing and Feiler, Heidi and Tokuyasu, Taku and Kingsley, Chris and Dairkee, Shanaz and Meng, Zhenhang and Chew, Karen and Pinkel, Daniel and Jain, Ajay and Ljung, Britt Marie and Esserman, Laura and Albertson, Donna G. and Waldman, Frederic M. and Gray, Joe W.},
	Booktitle = {Cancer Cell},
	Date-Added = {2017-12-18 17:38:47 +0000},
	Date-Modified = {2017-12-18 17:38:47 +0000},
	Doi = {10.1016/j.ccr.2006.10.009},
	Isbn = {1535-6108},
	Journal = {Cancer Cell},
	M3 = {doi: 10.1016/j.ccr.2006.10.009},
	Month = {2017/12/18},
	Number = {6},
	Pages = {529--541},
	Publisher = {Elsevier},
	Title = {Genomic and transcriptional aberrations linked to breast cancer pathophysiologies},
	Ty = {JOUR},
	Volume = {10},
	Year = {2006}
	}


@article{Miller,
author = {Miller, Lance D. and Smeds, Johanna and George, Joshy and Vega, Vinsensius B. and Vergara, Liza and Ploner, Alexander and Pawitan, Yudi and Hall, Per and Klaar, Sigrid and Liu, Edison T. and Bergh, Jonas}, 
title = {An expression signature for p53 status in human breast cancer predicts mutation status, transcriptional effects, and patient survival},
volume = {102}, 
number = {38}, 
pages = {13550-13555}, 
year = {2005}, 
doi = {10.1073/pnas.0506230102}, 
url = {https://doi.org/10.1073/pnas.0506230102},
journal = {Proceedings of the National Academy of Sciences of the United States of America} 
}

@article{BC_gene1,
  title={Psoriasin (S100A7) expression and invasive breast cancer},
  author={Al-Haddad, Sahar and Zhang, Zi and Leygue, Etienne and Snell, Linda and Huang, Aihua and Niu, Yulian and Hiller-Hitchcock, Tamara and Hole, Kate and Murphy, Leigh C and Watson, Peter H},
  journal={The American journal of pathology},
  volume={155},
  number={6},
  pages={2057--2066},
  year={1999},
  publisher={Elsevier}
}

@article{BC_gene2,
	Abstract = {Published prognostic gene signatures in breast cancer have few genes in common. Here we provide a rationale for this observation by studying the prognostic power and the underlying biological pathways of different gene signatures.},
	Author = {Yu, Jack X. and Sieuwerts, Anieta M. and Zhang, Yi and Martens, John WM and Smid, Marcel and Klijn, Jan GM and Wang, Yixin and Foekens, John A.},
	Da = {2007/09/25},
	Doi = {10.1186/1471-2407-7-182},
	url = {https://doi.org/10.1186/1471-2407-7-182},
	Id = {Yu2007},
	Isbn = {1471-2407},
	Journal = {BMC Cancer},
	Number = {1},
	Pages = {182},
	Title = {Pathway analysis of gene signatures predicting metastasis of node-negative primary breast cancer},
	Ty = {JOUR},
	Volume = {7},
	Year = {2007}
}
	
@article{WANG2005671,
  title={Gene-expression profiles to predict distant metastasis of lymph-node-negative primary breast cancer},
  author={Wang, Yixin and Klijn, Jan GM and Zhang, Yi and Sieuwerts, Anieta M and Look, Maxime P and Yang, Fei and Talantov, Dmitri and Timmermans, Mieke and Meijer-van Gelder, Marion E and Yu, Jack and others},
  journal={The Lancet},
  volume={365},
  number={9460},
  pages={671--679},
  year={2005},
  publisher={Elsevier}
}

@article {BC_geneZIC1,
author = {Boersma, Brenda J. and Reimers, Mark and Yi, Ming and Ludwig, Joseph A. and Luke, Brian T. and Stephens, Robert M. and Yfantis, Harry G. and Lee, Dong H. and Weinstein, John N. and Ambs, Stefan},
title = {A stromal gene signature associated with inflammatory breast cancer},
journal = {International Journal of Cancer},
volume = {122},
number = {6},
publisher = {Wiley Subscription Services, Inc., A Wiley Company},
doi = {10.1002/ijc.23237},
url = {https://doi.org/10.1002/ijc.23237},
pages = {1324--1332},
keywords = {inflammatory breast cancer, stroma, gene signature, prediction},
year = {2008},
}

@article{BCgeneCYP2B6,
author = {Tozlu, S and Girault, I and Vacher, S and Vendrell, J and Andrieu, C and Spyratos, F and Cohen, P and Lidereau, R and Bieche, I}, 
title = {Identification of novel genes that co-cluster with estrogen receptor alpha in breast tumor biopsy specimens, using a large-scale real-time reverse transcription-PCR approach},
volume = {13}, 
number = {4}, 
pages = {1109-1120}, 
year = {2006}, 
doi = {10.1677/erc.1.01120}, 
url = {https://doi.org/10.1677/erc.1.01120},
journal = {Endocrine-Related Cancer} 
}


@article{BCgeneELF5,
	Author = {Chakrabarti, Rumela and Hwang, Julie and Blanco, Mario Andres and Wei, Yong and Lukacisin, Martin and Romano, Rose-Anne and Smalley, Kirsten and Liu, Song and Yang, Qifeng and Ibrahim, Toni and Mercatali, Laura and Amadori, Dino and Haffty, Bruce G. and Sinha, Satrajit and Kang, Yibin},
	Da = {2012/11//},
	Date = {2012///},
	Db = {Academic OneFile},
	Dp = {Gale},
	Isbn = {14657392},
	Journal = {Nature Cell Biology},
	Keywords = {Breast cancer; Transcription factors},
	La = {English},
	M1 = {11},
	M2 = {1212},
	M3 = {Report},
	Month = {2018/2/7/},
	Pages = {1212--1222},
	Title = {Elf5 inhibits the epithelial-mesenchymal transition in mammary gland development and breast cancer metastasis by transcriptionally repressing snail2},
	Ty = {JOUR},
	Volume = {14},
	Year = {2012}
}
	
@Article{Krijgsman2012,
author="Krijgsman, Oscar
and Roepman, Paul
and Zwart, Wilbert
and Carroll, Jason S.
and Tian, Sun
and de Snoo, Femke A.
and Bender, Richard A.
and Bernards, Rene
and Glas, Annuska M.",
title="A diagnostic gene profile for molecular subtyping of breast cancer associated with treatment response",
journal="Breast Cancer Research and Treatment",
year="2012",
month="May",
day="01",
volume="133",
number="1",
pages="37--47",
doi="10.1007/s10549-011-1683-z",
url = {https://doi.org/10.1007/s10549-011-1683-z}
}

@Article{Blumenthal2007,
author="Blumenthal, Rosalyn D.
and Leon, Evelyn
and Hansen, Hans J.
and Goldenberg, David M.",
title="Expression patterns of CEACAM5 and CEACAM6 in primary and metastatic cancers",
journal="BMC Cancer",
year="2007",
month="Jan",
day="03",
volume="7",
number="1",
pages="2",
doi="10.1186/1471-2407-7-2",
url = {https://doi.org/10.1186/1471-2407-7-2}
}


@article{Kevin2016,
	Author = {He, Kevin and Li, Yanming and Zhu, Ji and Liu, Hongliang and Lee, Jeffrey E. and Amos, Christopher I. and Hyslop, Terry and Jin, Jiashun and Lin, Huazhen and Wei, Qinyi and Li, Yi},
	Doi = {10.1093/bioinformatics/btv517},
	url = {https://doi.org/10.1093/bioinformatics/btv517},
	Journal = {Bioinformatics},
	Number = {1},
	Pages = {50-57},
	Title = {Component-wise gradient boosting and false discovery control in survival analysis with high-dimensional covariates},
	Volume = {32},
	Year = {2016},
}

@article {Buhlmann2010,
author = {Meinshausen, Nicolai and Bühlmann, Peter},
title = {Stability selection},
journal = {Journal of the Royal Statistical Society: Series B (Statistical Methodology)},
volume = {72},
number = {4},
publisher = {Blackwell Publishing Ltd},
url = {http://dx.doi.org/10.1111/j.1467-9868.2010.00740.x},
doi = {10.1111/j.1467-9868.2010.00740.x},
pages = {417--473},
keywords = {High dimensional data, Resampling, Stability selection, Structure estimation},
year = {2010},
}

@Manual{mboostR,
  title = {mboost: Model-Based Boosting},
  author = {Torsten Hothorn and Peter Buehlmann and Thomas Kneib and Matthias Schmid and Benjamin Hofner},
  year = {2017},
  note = {R package version 2.8-1},
  url = {https://CRAN.R-project.org/package=mboost},
}

@Manual{RcppR,
  title = {Rcpp: Seamless R and C++ Integration},
  author = {Dirk Eddelbuettel and Romain Francois and JJ Allaire and Kevin Ushey and Qiang Kou and Nathan Russell and Douglas Bates and John Chambers},
  year = {2018},
  note = {R package version 0.12.15},
  url = {https://CRAN.R-project.org/package=Rcpp},
}

@Manual{RcppArmaR,
  title = {RcppArmadillo: 'Rcpp' Integration for the 'Armadillo' Templated Linear Algebra
Library},
  author = {Dirk Eddelbuettel and Romain Francois and Doug Bates and Binxiang Ni},
  year = {2018},
  note = {R package version 0.8.400.0.0},
  url = {https://CRAN.R-project.org/package=RcppArmadillo},
}

@Manual{RcppParallelR,
  title = {RcppParallel: Parallel Programming Tools for 'Rcpp'},
  author = {JJ Allaire and Romain Francois and Kevin Ushey and Gregory Vandenbrouck and Marcus Geelnard and {Intel}},
  year = {2018},
  note = {R package version 4.4.0},
  url = {https://CRAN.R-project.org/package=RcppParallel},
}

@Manual{survivalR,
  title = {survival: Survival Analysis},
  author = {Terry M Therneau},
  year = {2017},
  note = {R package version 2.41-3},
  url = {https://CRAN.R-project.org/package=survival},
}