

@book{wickham2009ggplot2,
  title={ggplot2: Elegant Graphics for Data Analysis},
  author={Wickham, Hadley},
  year={2009},
  publisher={Springer Science \& Business Media}
}

@Manual{lfda,
  title = {lfda: Local Fisher Discriminant Analysis},
  author = {Yuan Tang and Zachary Deane-Mayer},
  year = {2016},
  note = {R package version 1.1.1},
  url = {https://github.com/terrytangyuan/lfda},
}

  @Manual{ggfortify,
    title = {ggfortify: Data Visualization Tools for Statistical Analysis Results},
    author = {Masaaki Horikoshi and Yuan Tang},
    year = {2015},
    note = {R package version 0.1.0},
    url = {http://CRAN.R-project.org/package=ggfortify},
  }

@Manual{cluster,
  title = {cluster: Cluster Analysis Basics and Extensions},
  author = {Martin Maechler and Peter Rousseeuw and Anja Struyf and Mia Hubert and Kurt Hornik},
  year = {2015},
  note = {R package version 2.0.3 --- For new features, see the 'Changelog' file (in the package source)},
}
  
  
@Article{zoo,
  title = {zoo: S3 Infrastructure for Regular and Irregular Time Series},
  author = {Achim Zeileis and Gabor Grothendieck},
  journal = {Journal of Statistical Software},
  year = {2005},
  volume = {14},
  number = {6},
  pages = {1--27},
  url = {http://www.jstatsoft.org/v14/i06/},
}
  
@Manual{xts,
  title = {xts: eXtensible Time Series},
  author = {Jeffrey A. Ryan and Joshua M. Ulrich},
  year = {2014},
  note = {R package version 0.9-7},
  url = {http://CRAN.R-project.org/package=xts},
}

  
@Manual{timeSeries,
  title = {timeSeries: Rmetrics - Financial Time Series Objects},
  author = {Rmetrics Core Team and Diethelm Wuertz and Tobias Setz and Yohan Chalabi},
  year = {2015},
  note = {R package version 3022.101.2},
  url = {http://CRAN.R-project.org/package=timeSeries},
}

@Manual{forecast,
  title = {{forecast}: Forecasting functions for time series and linear models},
  author = {Rob J Hyndman},
  year = {2015},
  note = {R package version 6.2},
  url = {http://github.com/robjhyndman/forecast},
}

@Manual{changepoint,
  title = {{changepoint}: An {R} package for changepoint analysis},
  author = {Rebecca Killick and Kaylea Haynes and Idris A. Eckley},
  year = {2016},
  url = {http://CRAN.R-project.org/package=changepoint},
  note = {R package version 2.2.1},
}

@Article{strucchange,
  title = {strucchange: An {R} Package for Testing
                  for Structural Change in Linear Regression Models},
  author = {Achim Zeileis and Friedrich Leisch and Kurt Hornik and Christian Kleiber},
  journal = {Journal of Statistical Software},
  year = {2002},
  volume = {7},
  number = {2},
  pages = {1--38},
  url = {http://www.jstatsoft.org/v07/i02/},
}

@Article{dlm,
  title = {An {R} Package for Dynamic Linear Models},
  author = {Giovanni Petris},
  journal = {Journal of Statistical Software},
  year = {2010},
  volume = {36},
  number = {12},
  pages = {1--16},
  url = {http://www.jstatsoft.org/v36/i12/},
}

@Book{lattice,
    title = {Lattice: Multivariate Data Visualization with R},
    author = {Deepayan Sarkar},
    publisher = {Springer},
    address = {New York},
    year = {2008},
    note = {ISBN 978-0-387-75968-5},
    url = {http://lmdvr.r-forge.r-project.org},
  }
  
 @Manual{dplyr,
    title = {dplyr: A Grammar of Data Manipulation},
    author = {Hadley Wickham and Romain Francois},
    year = {2015},
    note = {R package version 0.4.3},
    url = {http://CRAN.R-project.org/package=dplyr},
  }
  
 @Manual{tidyr,
    title = {tidyr: Easily Tidy Data with `spread()` and `gather()` Functions},
    author = {Hadley Wickham},
    year = {2016},
    note = {R package version 0.4.1},
    url = {http://CRAN.R-project.org/package=tidyr},
  }
  
 @Manual{gridExtra,
    title = {gridExtra: Miscellaneous Functions for "Grid" Graphics},
    author = {Baptiste Auguie},
    year = {2016},
    note = {R package version 2.2.1},
    url = {http://CRAN.R-project.org/package=gridExtra},
  }
  
  @Manual{scales,
    title = {scales: Scale Functions for Visualization},
    author = {Hadley Wickham},
    year = {2016},
    note = {R package version 0.4.0},
    url = {http://CRAN.R-project.org/package=scales},
  }
 @book{gridExtra,
author = {B.~{Auguie}},
title = {{gridExtra: Miscellaneous Functions for "Grid" Graphics, }},
publisher = {R package version 2.2.1},
year = {2016},
url = {http://CRAN.R-project.org/package=gridExtra}
}
@book{ggfortify,
author = {M.~{Horikoshi and Y.~Tang}},
title = {{ggfortify: Data Visualization Tools for Statistical Analysis Results, }},
publisher = {R package version 0.1.0},
year = {2015},
url = {http://CRAN.R-project.org/package=ggfortify}
}
@book{xts-tang,
author = {J.~A. {Ryan and J.~M. Ulrich}},
title = {{xts: eXtensible Time Series, }},
publisher = {R package version 0.9-7},
year = {2014},
url = {http://CRAN.R-project.org/package=xts}
}
@book{lattice-tang,
author = {D.~{Sarkar}},
title = {{Lattice: Multivariate Data Visualization with R}},
publisher = {Springer New York},
year = {2008},
url = {http://lmdvr.r-forge.r-project.org},
isbn = {978-0-387-75968-5}
}
@book{scales,
author = {H.~{Wickham}},
title = {{scales: Scale Functions for Visualization, natexlaba}},
publisher = {R package version 0.4.0},
year = {2016},
url = {http://CRAN.R-project.org/package=scales}
}
@book{tidyr,
author = {H.~{Wickham}},
title = {{tidyr: Easily Tidy Data with `spread()` and `gather()` Functions, natexlabb}},
publisher = {R package version 0.4.1},
year = {2016},
url = {http://CRAN.R-project.org/package=tidyr}
}
@book{dplyr4,
author = {H.~{Wickham and R.~Francois}},
title = {{dplyr: A Grammar of Data Manipulation, }},
publisher = {R package version 0.4.3},
year = {2015},
url = {http://CRAN.R-project.org/package=dplyr}
}
@book{zoo-2,
author = {A.~{Zeileis and G.~Grothendieck}},
title = {{zoo: S3 infrastructure for regular and irregular time series}},
publisher = {Journal of Statistical Software 14 (6):},
pages = {1--27},
year = {2005},
url = {http://www.jstatsoft.org/v14/i06/}
}

@book{gridExtra,
author = {B.~{Auguie}},
title = {{gridExtra: Miscellaneous Functions for "Grid" Graphics, }},
publisher = {R package version 2.2.1},
year = {2016},
url = {http://CRAN.R-project.org/package=gridExtra}
}

