@Manual{R,
  title = {R: A Language and Environment for Statistical Computing},
  author = {{R Core Team}},
  organization = {R Foundation for Statistical Computing},
  address = {Vienna, Austria},
  year = {2017},
  url = {https://www.R-project.org/},
}

@Article{ihaka:1996,
  author = {Ross Ihaka and Robert Gentleman},
  journal = {Journal of Computational and Graphical Statistics},
  number = {3},
  pages = {299--314},
  title = {R: A Language for Data Analysis and Graphics},
  volume = {5},
  year = {1996},
  url = {https://doi.org/10.1080/10618600.1996.10474713},
}

@Book{Agresti02Book,
  address = {New York},
  author = {Alan Agresti},
  edition = {2nd},
  pages = {xvi+710},
  publisher = {John Wiley \& Sons},
  series = {Wiley Series in Probability and Statistics},
  title = {Categorical Data Analysis},
  year = {2002},
  isbn = {0-471-36093-7},
}

@Article{ZhangZhouZhouSun17mglm,
  author = {Yiwen Zhang and Hua Zhou and Jin Zhou and Wei Sun},
  journal = {J. Comput. Graph. Statist.},
  number = {1},
  pages = {1--13},
  title = {Regression Models for Multivariate Count   Data},
  volume = {26},
  year = {2017},
  issn = {1061-8600},
  url = {http://doi.org/10.1080/10618600.2016.1154063},
}

@Book{Venables02MASS4,
  address = {New York},
  author = {W. N. Venables and B. D. Ripley},
  edition = {4th},
  isbn = {0-387-95457-0},
  publisher = {Springer-Verlag},
  title = {Modern Applied Statistics with S},
  year = {2002},
  url = {http://www.stats.ox.ac.uk/pub/MASS4},
}

@Article{Yee10VGAM,
  author = {Thomas W. Yee},
  journal = {Journal of Statistical Software},
  number = {10},
  pages = {1--34},
  title = {The {VGAM} Package for Categorical Data Analysis},
  volume = {32},
  year = {2010},
  issn = {1548-7660},
  url = {http://www.jstatsoft.org/v32/i10},
}

@Manual{Yee12VGAM-Manual,
  author = {Thomas W. Yee},
  note = {R package version 0.9-0},
  title = {{VGAM}: Vector Generalized Linear and Additive   Models},
  year = {2012},
  url = {http://CRAN.R-project.org/package=VGAM},
}

@Book{Yee15VGAM-Book,
  title = {Vector Generalized Linear and Additive Models: With an Implementation in R},
  author = {Thomas W. Yee},
  year = {2015},
  publisher = {Springer-Verlag},
  address = {New York, USA},
}

@Manual{Yee17VGAM-Manual,
  title = {{VGAM}: Vector Generalized Linear and Additive Models},
  author = {Thomas W. Yee},
  year = {2017},
  note = {R package version 1.0-4},
  url = {https://CRAN.R-project.org/package=VGAM},
}

@Article{FriedmanHastieTibshirani10GLMCD,
  author = {Jerome H. Friedman and Trevor Hastie and Rob Tibshirani},
  journal = {Journal of Statistical Software},
  number = {1},
  pages = {1--22},
  title = {Regularization Paths for Generalized Linear Models   via Coordinate Descent},
  volume = {33},
  year = {2010},
  issn = {1548-7660},
  url = {http://www.jstatsoft.org/v33/i01},
}

@Article{Tvedebrink10Dirmult,
  author = {Torben Tvedebrink},
  journal = {Theoretical Population Biology},
  number = {3},
  pages = {200-210},
  title = {Overdispersion in Allelic Counts and   $\theta$-Correction in Forensic Genetics},
  volume = {78},
  year = {2010},
  issn = {0040-5809},
  url = {http://doi.org/10.1016/j.tpb.2010.07.002},
}

@Article{Baker94MLogit,
  author = {Stuart G. Baker},
  journal = {Journal of the Royal Statistical Society. Series D   (The Statistician)},
  number = {4},
  pages = {pp. 495-504},
  publisher = {Blackwell Publishing for the Royal Statistical   Society},
  title = {The Multinomial-Poisson Transformation},
  volume = {43},
  year = {1994},
  issn = {00390526},
  language = {English},
  url = {http://www.jstor.org/stable/2348134},
}

@Article{Lang96MLogit,
  author = {Joseph B. Lang},
  journal = {J. Roy. Statist. Soc. Ser. B},
  number = {1},
  pages = {253--266},
  title = {On the Comparison of Multinomial and {P}oisson   Log-Linear Models},
  volume = {58},
  year = {1996},
  issn = {0035-9246},
  url = {http://links.jstor.org/sici?sici=0035-9246(1996)58:1<253:
                  OTCOMA>2.0.CO;2-P&origin=MSN},
}

@Book{BoydVandenberghe04Book,
  address = {Cambridge},
  author = {Stephen Boyd and Lieven Vandenberghe},
  pages = {xiv+716},
  publisher = {Cambridge University Press},
  title = {{C}onvex {O}ptimization},
  year = {2004},
  isbn = {0-521-83378-7},
}

@Book{GrahamKnuthPatashnik94book,
  address = {Reading, MA},
  author = {Ronald L. Graham and Donald E. Knuth and Oren Patashnik},
  edition = {2nd},
  note = {A foundation for computer science},
  pages = {xiv+657},
  publisher = {Addison-Wesley Publishing Company},
  title = {Concrete Mathematics},
  year = {1994},
  isbn = {0-201-55802-5},
}

@Article{Connor69GDM,
  author = {Robert J. Connor and James E. Mosimann},
  journal = {J. Amer. Statist. Assoc.},
  pages = {194--206},
  title = {Concepts of Independence for Proportions with a   Generalization of the {D}irichlet Distribution},
  volume = {64},
  year = {1969},
  issn = {0162-1459},
}

@Article{Bouguila08GDM,
  address = {Los Alamitos, CA, USA},
  author = {Nizar Bouguila},
  journal = {IEEE Transactions on Knowledge and Data Engineering},
  number = {4},
  pages = {462-474},
  publisher = {IEEE Computer Society},
  title = {Clustering of Count Data Using Generalized Dirichlet   Multinomial Distributions},
  volume = {20},
  year = {2008},
  url = {http://doi.org/10.1109/TKDE.2007.190726},
  issn = {1041-4347},
}

@Article{ZhouLange10DMMLE,
  author = {H. Zhou and K. L. Lange},
  journal = {Journal of Computational and Graphical Statistics},
  pages = {645--665},
  title = {M{M} Algorithms for Some Discrete Multivariate   Distributions},
  volume = {19},
  year = {2010},
}

@Article{EfronHInkley78ExpVsObsInfo,
  author = {Bradley Efron and David V. Hinkley},
  journal = {Biometrika},
  number = {3},
  pages = {457--487},
  title = {Assessing the Accuracy of the Maximum Likelihood   Estimator: Observed versus Expected {F}isher   Information},
  volume = {65},
  year = {1978},
  issn = {0006-3444},
  url = {http://doi.org/10.1093/biomet/65.3.457},
}

@Article{FrankFriedman93Bridge,
  author = {Ildiko E. Frank and Jerome H. Friedman},
  journal = {Technometrics},
  number = {2},
  pages = {109--135},
  publisher = {American Statistical Association and American Society   for Quality},
  title = {A Statistical View of Some Chemometrics Regression   Tools},
  volume = {35},
  year = {1993},
  issn = {00401706},
  url = {http://doi.org/10.2307/1269656},
}

@Article{Tibshirani96Lasso,
  author = {Robert Tibshirani},
  journal = {J. Roy. Statist. Soc. Ser. B},
  number = {1},
  pages = {267--288},
  title = {Regression Shrinkage and Selection via the Lasso},
  volume = {58},
  year = {1996},
  issn = {0035-9246},
  url = {http://links.jstor.org/sici?sici=0035-9246(1996)58:1<267:
                  RSASVT>2.0.CO;2-G&origin=MSN},
}

@Article{ZouHastie05Enet,
  author = {Hui Zou and Trevor Hastie},
  journal = {J. R. Stat. Soc. Ser. B Stat. Methodol.},
  number = {2},
  pages = {301--320},
  title = {Regularization and Variable Selection via the Elastic   Net},
  volume = {67},
  year = {2005},
  issn = {1369-7412},
  url = {http://doi.org/10.1111/j.1467-9868.2005.00503.x},
}

@Article{FanLi01SCAD,
  author = {Jianqing Fan and Runze Li},
  journal = {J. Amer. Statist. Assoc.},
  number = {456},
  pages = {1348--1360},
  title = {Variable Selection via Nonconcave Penalized   Likelihood and Its Oracle Properties},
  volume = {96},
  year = {2001},
  issn = {0162-1459},
  url = {http://doi.org/10.1198/016214501753382273},
}

@Article{Zhang10MCP,
  author = {Cun-Hui Zhang},
  journal = {Ann. Statist.},
  number = {2},
  pages = {894--942},
  title = {Nearly Unbiased Variable Selection under Minimax   Concave Penalty},
  volume = {38},
  year = {2010},
  issn = {0090-5364},
  url = {http://doi.org/10.1214/09-AOS729},
}

@Article{YuanLin06GroupLasso,
  author = {Ming Yuan and Yi Lin},
  journal = {J. R. Stat. Soc. Ser. B Stat. Methodol.},
  number = {1},
  pages = {49--67},
  title = {Model Selection and Estimation in Regression with   Grouped Variables},
  volume = {68},
  year = {2006},
  issn = {1369-7412},
  url = {http://doi.org/10.1111/j.1467-9868.2005.00532.x},
}

@Article{Meier08GroupLasso,
  author = {Lukas Meier and Sara {van de Geer} and Peter BÃ¼hlmann},
  journal = {J. R. Stat. Soc. Ser. B Stat. Methodol.},
  number = {1},
  pages = {53--71},
  title = {The Group {L}asso for Logistic Regression},
  volume = {70},
  year = {2008},
  issn = {1369-7412},
}

@Article{Mazumder09SVDReg,
  author = {Rahul Mazumder and Trevor Hastie and Robert Tibshirani},
  journal = {Journal of Machine Learning Research},
  pages = {2287-2322},
  title = {Spectral Regularization Algorithms for Learning Large   Incomplete Matrices},
  volume = {11},
  year = {2010},
}

@Article{ZhouLi12MatrixLasso,
  author = {Hua Zhou and Lexin Li},
  journal = {Journal of Royal Statistical Society, Series B},
  pages = {463-483},
  title = {Regularized Matrix Regressions},
  volume = {76(2)},
  year = {2014},
}

@Article{Paul05DMFisherInfoMat,
  author = {Sudhir R. Paul and Uditha Balasooriya and Tathagata Banerjee},
  journal = {Biom. J.},
  number = {2},
  pages = {230--236},
  title = {Fisher Information Matrix of the   {D}irichlet-Multinomial Distribution},
  volume = {47},
  year = {2005},
  issn = {0323-3847},
}

@Article{ZhouZhang12EMvsMM,
  author = {Hua Zhou and Yiwen Zhang},
  journal = {Computational Statistics \& Data Analysis},
  pages = {3909--3920},
  publisher = {Elsevier},
  title = {{EM} vs {MM}: a Case Study},
  volume = {56},
  year = {2012},
}

@Article{Lange00OptTrans,
  author = {Kenneth Lange and David R. Hunter and Ilsoon Yang},
  journal = {J. Comput. Graph. Statist.},
  note = {With discussion, and a rejoinder by Hunter and Lange},
  number = {1},
  pages = {1--59},
  title = {Optimization Transfer Using Surrogate Objective   Functions},
  volume = {9},
  year = {2000},
  issn = {1061-8600},
}

@Article{ZhouLangeSuchard09MM-GPU,
  author = {H. Zhou and K. L. Lange and M. A. Suchard},
  journal = {Statistical Science},
  pages = {311-324},
  title = {Graphical Processing Units and High-Dimensional   Optimization},
  volume = {25},
  year = {2010},
}

@Manual{Sun2014isoform,
  author = {Wei Sun},
  note = {R package version 0.99.2},
  title = {Isoform: A Set of Tools for RNA Isoform Study Using   RNA-Seq Data},
  year = {2014},
  url = {http://www.bios.unc.edu/~weisun/software/isoform.htm},
}

@Article{Sun15IsoDOT,
  author = {Wei Sun and Yufeng Liu and James J. Crowley and {et al.}},
  journal = {J. Amer. Statist. Assoc.},
  number = {511},
  pages = {975--986},
  title = {Iso{DOT} Detects Differential {RNA}-Isoform   Expression/Usage with Respect to a Categorical or   Continuous Covariate with High Sensitivity and   Specificity},
  volume = {110},
  year = {2015},
  issn = {0162-1459},
  url = {http://doi.org/10.1080/01621459.2015.1040880},
}

@Manual{Chaudhuri06glmc,
  title = {Glmc: An R Package for Generalized Linear Models Subject to Constraints},
  author = {Sanjay Chaudhuri and Mark S. Handcock and Michael S. Rendall},
  year = {2006},
  url = {http://www.stat.washington.edu/handcock/combining},
}

@article{PowersHastieTibshirani17Nuclear,
  title={Nuclear penalized multinomial regression with an application to
predicting at-bat outcomes in baseball},
  author={Powers, Scott and Hastie, Trevor and Tibshirani, Robert},
  journal={To appear in special edition "Statistical Modelling for
Sports Analytics", Statistical Modelling},
}
w
