@Article{li2002bayesian,
  author = {Yi Li and Colin Campbell and Michael Tipping},
  journal = {Bioinformatics},
  number = {10},
  pages = {1332--1339},
  publisher = {Oxford University Press},
  title = {Bayesian Automatic Relevance Determination Algorithms for Classifying Gene Expression Data},
  volume = {18},
  year = {2002},
  bdsk-file-1 = {YnBsaXN0MDDSAQIDBFxyZWxhdGl2ZVBhdGhZYWxpYXNEYXRhXxAYLi4vUmVmZXJlbmNlcy8xODEzMzIucGRmTxEBlgAAAAABlgACAAAMTWFjaW50b3NoIEhEAAAAAAAAAAAAAAAAAAAAAAAAAEJEAAH/////CjE4MTMzMi5wZGYAAAAAAAAAAAAAAAAAAAAAAAAAAAAAAAAAAAAAAAAAAAAAAAAAAAAAAAAAAAAAAAAAAAAAAP////8AAAAAAAAAAAAAAAAAAQACAAAKIGN1AAAAAAAAAAAAAAAAAApSZWZlcmVuY2VzAAIAUi86VXNlcnM6anBtOkRvY3VtZW50czpSZXNlYXJjaDpSTERBOlJvYnVzdEdhU1A6UmpvdXJuYWxfMjAxOTpSZWZlcmVuY2VzOjE4MTMzMi5wZGYADgAWAAoAMQA4ADEAMwAzADIALgBwAGQAZgAPABoADABNAGEAYwBpAG4AdABvAHMAaAAgAEgARAASAFBVc2Vycy9qcG0vRG9jdW1lbnRzL1Jlc2VhcmNoL1JMREEvUm9idXN0R2FTUC9Sam91cm5hbF8yMDE5L1JlZmVyZW5jZXMvMTgxMzMyLnBkZgATAAEvAAAVAAIACv//AAAACAANABoAJAA/AAAAAAAAAgEAAAAAAAAABQAAAAAAAAAAAAAAAAAAAdk=},
}

@InCollection{mackay1996bayesian,
  author = {David J. C. MacKay},
  booktitle = {Models of Neural Networks III},
  chapter = {6},
  editor = {Eytan Domany and J. Leo {van Hemmen} and Klaus Schulten},
  pages = {211--254},
  publisher = {Springer-Verlag},
  title = {Bayesian Methods for Backpropagation Networks},
  year = {1996},
}

@Article{tipping2001sparse,
  author = {Michael E Tipping},
  journal = {Journal of machine learning research},
  number = {Jun},
  pages = {211--244},
  title = {Sparse Bayesian Learning and the Relevance Vector Machine},
  volume = {1},
  year = {2001},
  bdsk-file-1 = {YnBsaXN0MDDSAQIDBFxyZWxhdGl2ZVBhdGhZYWxpYXNEYXRhXxAcLi4vUmVmZXJlbmNlcy90aXBwaW5nMDFhLnBkZk8RAaYAAAAAAaYAAgAADE1hY2ludG9zaCBIRAAAAAAAAAAAAAAAAAAAAAAAAABCRAAB/////w50aXBwaW5nMDFhLnBkZgAAAAAAAAAAAAAAAAAAAAAAAAAAAAAAAAAAAAAAAAAAAAAAAAAAAAAAAAAAAAAAAAD/////AAAAAFBERiBDQVJPAAEAAgAACiBjdQAAAAAAAAAAAAAAAAAKUmVmZXJlbmNlcwACAFYvOlVzZXJzOmpwbTpEb2N1bWVudHM6UmVzZWFyY2g6UkxEQTpSb2J1c3RHYVNQOlJqb3VybmFsXzIwMTk6UmVmZXJlbmNlczp0aXBwaW5nMDFhLnBkZgAOAB4ADgB0AGkAcABwAGkAbgBnADAAMQBhAC4AcABkAGYADwAaAAwATQBhAGMAaQBuAHQAbwBzAGgAIABIAEQAEgBUVXNlcnMvanBtL0RvY3VtZW50cy9SZXNlYXJjaC9STERBL1JvYnVzdEdhU1AvUmpvdXJuYWxfMjAxOS9SZWZlcmVuY2VzL3RpcHBpbmcwMWEucGRmABMAAS8AABUAAgAK//8AAAAIAA0AGgAkAEMAAAAAAAACAQAAAAAAAAAFAAAAAAAAAAAAAAAAAAAB7Q==},
}

@Book{neal1996bayesian,
  author = {Radford M Neal},
  publisher = {Springer-Verlag},
  series = {Lecture Notes in Statistics},
  title = {Bayesian Learning for Neural Networks},
  volume = {118},
  year = {1996},
}

@Article{palomo2015save,
  author = {Jesús Palomo and Rui Paulo and Gonzalo García-Donato and {others}},
  journal = {Journal of Statistical Software},
  number = {13},
  pages = {1--23},
  title = {\pkg{SAVE}: An {R} Package for the Statistical Analysis of Computer Models},
  volume = {64},
  year = {2015},
}

@Article{matheron1963,
  author = {G. Matheron},
  journal = {Economic Geology},
  pages = {1246--1266},
  title = {Principles of Geostatistics},
  volume = {58},
  year = {1963},
  url = {https://doi.org/10.2113/gsecongeo.58.8.1246},
}

@Article{reichert2011,
  author = {P. Reichert and G. White and M. J. Bayarri and E. B. Pitman},
  journal = {Computational Statistics \& Data Analysis},
  number = {4},
  title = {Mechanism-Based Emulation of Dynamic Simulation Models: Concept and Application in Hydrology},
  volume = {55},
  year = {2011},
}

@Book{venables2002spatial,
  author = {W. N. Venables and B. D. Ripley},
  publisher = {Springer-Verlag},
  title = {Modern Applied Statistics with {S}},
  year = {2002},
}

@Manual{Nychka2016,
  author = {D. Nychka and R. Furrer and S. Sain},
  file = {:/Users/jpm/Documents/Research/RLDA/RobustGaSP/JSS Paper RobustGaSP/References/fields.pdf:PDF},
  title = {\pkg{fields}: Tools for Spatial Data. {R} Package Version 8.4-1},
  url = {https://CRAN.R-project.org/package=fields},
  year = {2016},
}

@Article{hoeffding1948class,
  author = {Wassily Hoeffding},
  journal = {The annals of mathematical statistics},
  pages = {293--325},
  publisher = {JSTOR},
  title = {A Class of Statistics with Asymptotically Normal Distribution},
  year = {1948},
}

@Article{Freedman63,
  author = {D. A. Freedman},
  journal = {Ann. Statist.},
  note = {MR0158483},
  pages = {1386--1403},
  title = {On the Asymptotic Behavior of Bayes$\,^{\circ}${\O} Estimates in the Discrete Case},
  volume = {34},
  year = {1963},
}

@Book{abramowitz1966handbook,
  author = {Milton Abramowitz and Irene A Stegun and {others}},
  publisher = {National Bureau of Standards-Applied Mathematics Series},
  title = {Handbook of Mathematical Functions},
  year = {1966},
}

@Article{Rao1966,
  author = {C. L. Rao},
  journal = {The Indian Journal of Statistics},
  pages = {251-260},
  title = {Characterisation of the Distribution of Random Variables in Linear Structural Relations},
  volume = {28},
  year = {1966},
}

@Article{Ferguson73,
  author = {T. S. Ferguson},
  journal = {Ann. Statist.},
  note = {MR0350949},
  pages = {209--230},
  title = {A Bayesian Analysis of Some Nonparametric Problems},
  volume = {1},
  year = {1973},
}

@Article{Ferguson74,
  author = {T. S. Ferguson},
  journal = {Ann. Statist.},
  note = {MR0438568},
  pages = {615--629},
  title = {Prior Distributions on Spaces of Probability Measures},
  volume = {2},
  year = {1974},
}

@Article{besag1974spatial,
  author = {Julian Besag},
  journal = {Journal of the Royal Statistical Society B},
  number = {2},
  pages = {192--236},
  publisher = {JSTOR},
  title = {Spatial Interaction and the Statistical Analysis of Lattice Systems},
  volume = {36},
  year = {1974},
}

@Article{Gideon1975,
  author = {G. Weiss},
  journal = {Journal of Applied Probability},
  pages = {831-836},
  title = {Time-Reversibility of Linear Stochastic Processes},
  volume = {23},
  year = {1975},
}

@Article{cox1975partial,
  author = {David R Cox},
  journal = {Biometrika},
  number = {2},
  pages = {269--276},
  publisher = {Biometrika Trust},
  title = {Partial Likelihood},
  volume = {62},
  year = {1975},
}

@Article{mckay1979comparison,
  author = {Michael D McKay and Richard J Beckman and William J Conover},
  journal = {Technometrics},
  number = {2},
  pages = {239--245},
  publisher = {Taylor \& Francis},
  title = {Comparison of Three Methods for Selecting Values of Input Variables in the Analysis of Output from a Computer Code},
  volume = {21},
  year = {1979},
}

@Article{nocedal1980updating,
  author = {Jorge Nocedal},
  journal = {Mathematics of computation},
  number = {151},
  pages = {773--782},
  title = {Updating Quasi-Newton Matrices with Limited Storage},
  volume = {35},
  year = {1980},
}

@Article{efron1981jackknife,
  author = {Bradley Efron and Charles Stein},
  journal = {The Annals of Statistics},
  pages = {586--596},
  publisher = {JSTOR},
  title = {The Jackknife Estimate of Variance},
  year = {1981},
}

@Article{lindsay1988composite,
  author = {Bruce G Lindsay},
  journal = {Contemporary Mathematics},
  number = {1},
  pages = {221--39},
  title = {Composite Likelihood Methods},
  volume = {80},
  year = {1988},
}

@Article{sacks1989design,
  author = {Jerome Sacks and William J Welch and Toby J Mitchell and Henry P Wynn},
  journal = {Statistical science},
  number = {4},
  pages = {409--423},
  publisher = {Institute of Mathematical Statistics},
  title = {Design and Analysis of Computer Experiments},
  volume = {4},
  year = {1989},
}

@Article{liu1989limited,
  author = {Dong C Liu and Jorge Nocedal},
  journal = {Mathematical programming},
  number = {1-3},
  pages = {503--528},
  publisher = {Springer-Verlag},
  title = {On the Limited Memory BFGS Method for Large Scale Optimization},
  volume = {45},
  year = {1989},
}

@Article{sobol1990sensitivity,
  author = {Il'ya Meerovich Sobol'},
  journal = {Matematicheskoe Modelirovanie},
  number = {1},
  pages = {112--118},
  publisher = {Russian Academy of Sciences, Branch of Mathematical Sciences},
  title = {On Sensitivity Estimation for Nonlinear Mathematical Models},
  volume = {2},
  year = {1990},
}

@Article{friedman1991multivariate,
  author = {Jerome H Friedman},
  journal = {The Annals of Statistics},
  number = {1},
  pages = {1--67},
  publisher = {JSTOR},
  title = {Multivariate Adaptive Regression Splines},
  volume = {19},
  year = {1991},
}

@PhdThesis{park1991tuning,
  author = {Jeong Soo Park},
  school = {University of Illinois at Urbana-Champaign Champaign},
  title = {Tuning Complex Computer Codes to Data and Optimal Designs},
  year = {1991},
}

@Article{Lavine92,
  author = {M. Lavine},
  journal = {Ann. Statist.},
  note = {MR1186248},
  pages = {1222--1235},
  title = {Some Aspects of P{\textregistered}{\AE}lya Tree Distributions for Statistical Modelling},
  volume = {20},
  year = {1992},
}

@Article{dawid1993hyper,
  author = {A Philip Dawid and Steffen L Lauritzen},
  journal = {The Annals of Statistics},
  pages = {1272--1317},
  publisher = {JSTOR},
  title = {Hyper Markov Laws in the Statistical Analysis of Decomposable Graphical Models},
  year = {1993},
}

@Book{cressie1993statistics,
  author = {Noel AC Cressie and Noel A Cassie},
  publisher = {John Wiley \& Sons},
  title = {Statistics for Spatial Data},
  year = {1993},
}

@Article{morris1993bayesian,
  author = {Max D Morris and Toby J Mitchell and Donald Ylvisaker},
  journal = {Technometrics},
  number = {3},
  pages = {243--255},
  publisher = {Taylor \& Francis Group},
  title = {Bayesian Design and Analysis of Computer Experiments: Use of Derivatives in Surface Prediction},
  volume = {35},
  year = {1993},
}

@Article{Lavine94,
  author = {M. Lavine},
  journal = {Ann. Statist.},
  note = {MR1311970},
  pages = {1161--1176},
  title = {More Aspects of P{\textregistered}{\AE}lya Tree Distributions for Statistical Modelling},
  volume = {22},
  year = {1994},
}

@Book{West1997,
  author = {M. West and P. J. Harrison},
  edition = {2nd},
  key = {WestHarrison.YellowBook.1997},
  publisher = {Springer-Verlag},
  title = {Bayesian Forecasting \& Dynamic Models},
  url = {http://www.stat.duke.edu/~mw/book.html},
  year = {1997},
}

@Book{gupta1999matrix,
  author = {Arjun K Gupta and Daya K Nagar},
  publisher = {CRC Press},
  title = {Matrix Variate Distributions},
  year = {1999},
}

@Article{aguilar2000jbes,
  author = {O. Aguilar and M. West},
  journal = {Journal of Business and Economic Statistics},
  pages = {338-357},
  title = {Bayesian Dynamic Factor Models and Portfolio Allocation},
  volume = {18},
  year = {2000},
}

@Book{Thomas2000,
  author = {Thomas A. Severini},
  edition = {1st},
  publisher = {Oxford University Press},
  title = {Likelihood Methods in Statistics},
  year = {2000},
}

@Article{fischer2000attribute1,
  author = {Gregory W Fischer and Mary Frances Luce and Jianmin Jia},
  journal = {Management Science},
  number = {1},
  pages = {88--103},
  publisher = {INFORMS},
  title = {Attribute Conflict and Preference Uncertainty: Effects on Judgment Time and Error},
  volume = {46},
  year = {2000},
}

@Article{fischer2000attribute2,
  author = {Gregory W Fischer and Jianmin Jia and Mary Frances Luce},
  journal = {Management Science},
  number = {5},
  pages = {669--684},
  publisher = {INFORMS},
  title = {Attribute Conflict and Preference Uncertainty: The RandMAU Model},
  volume = {46},
  year = {2000},
}

@Article{Berger01,
  author = {J. O. Berger and A. Guglielmi},
  journal = {Journal of the American Statistical Association},
  pages = {174-184},
  title = {Bayesian Testing of Parametric Model Versus Nonparamtric Alternatives},
  volume = {96},
  year = {2001},
}

@Article{berger2001objective,
  author = {James O Berger and Victor {De Oliveira} and Bruno Sansó},
  journal = {Journal of the American Statistical Association},
  number = {456},
  pages = {1361--1374},
  publisher = {Taylor \& Francis},
  title = {Objective Bayesian Analysis of Spatially Correlated Data},
  volume = {96},
  year = {2001},
}

@Article{kennedy2001bayesian,
  author = {Marc C Kennedy and Anthony O'Hagan},
  journal = {Journal of the Royal Statistical Society B},
  number = {3},
  pages = {425--464},
  publisher = {John Wiley \& Sons},
  title = {Bayesian Calibration of Computer Models},
  volume = {63},
  year = {2001},
}

@Article{sobol2001global,
  author = {Ilya M Sobol},
  journal = {Mathematics and computers in simulation},
  number = {1},
  pages = {271--280},
  publisher = {Elsevier},
  title = {Global Sensitivity Indices for Nonlinear Mathematical Models and Their Monte Carlo Estimates},
  volume = {55},
  year = {2001},
}

@Article{an2001quasi,
  author = {Jian An and Art Owen},
  journal = {Journal of complexity},
  number = {4},
  pages = {588--607},
  publisher = {Elsevier},
  title = {Quasi-Regression},
  volume = {17},
  year = {2001},
}

@Article{lim2002design,
  author = {Yong B Lim and Jerome Sacks and WJ Studden and William J Welch},
  journal = {Canadian Journal of Statistics},
  number = {1},
  pages = {109--126},
  publisher = {John Wiley \& Sons},
  title = {Design and Analysis of Computer Experiments When the Output Is Highly Correlated over the Input Space},
  volume = {30},
  year = {2002},
}

@Article{Hanson02,
  author = {T. Hanson and W. O. Johnson},
  journal = {Journal of the American Statistical Association},
  pages = {1020-1033},
  title = {Modeling Regression Error with a Mixture of Polya Trees},
  volume = {97},
  year = {2002},
}

@Article{oakley2002bayesian,
  author = {Jeremy Oakley and Anthony O'Hagan},
  journal = {Biometrika},
  number = {4},
  pages = {769--784},
  publisher = {Biometrika Trust},
  title = {Bayesian Inference for the Uncertainty Distribution of Computer Model Outputs},
  volume = {89},
  year = {2002},
}

@Article{higdon2002space,
  author = {Dave Higdon and {others}},
  journal = {Quantitative methods for current environmental issues},
  title = {Space and Space-Time Modeling Using Process Convolutions},
  volume = {37--56},
  year = {2002},
}

@InProceedings{west2003bayes7,
  author = {M. West},
  booktitle = {Bayesian Statistics 7},
  editor = {J. M. Bernardo and M. J. Bayarri and J. O. Berger and A. P. David and D. Heckerman and A. F. M. Smith and M. West},
  key = {fds32371},
  pages = {723-732},
  publisher = {Oxford University Press},
  title = {Bayesian Factor Regression Models in the \lq\lq Large P, Small N\rq\rq Paradigm},
  url = {http://ftp.isds.duke.edu/WorkingPapers/02-12.html},
  year = {2003},
}

@Article{pitman2003computing,
  author = {E Bruce Pitman and C Camil Nichita and Abani Patra and Andy Bauer and Michael Sheridan and Marcus Bursik},
  journal = {Physics of Fluids (1994-present)},
  number = {12},
  pages = {3638--3646},
  publisher = {AIP Publishing},
  title = {Computing Granular Avalanches and Landslides},
  volume = {15},
  year = {2003},
}

@Book{santner2003design,
  author = {Thomas J Santner and Brian J Williams and William I Notz},
  publisher = {Springer-Verlag},
  title = {The Design and Analysis of Computer Experiments},
  year = {2003},
}

@Article{gelfand2004nonstationary,
  author = {Alan E Gelfand and Alexandra M Schmidt and Sudipto Banerjee and CF Sirmans},
  journal = {Test},
  number = {2},
  pages = {263--312},
  publisher = {Springer-Verlag},
  title = {Nonstationary Multivariate Process Modeling through Spatially Varying Coregionalization},
  volume = {13},
  year = {2004},
}

@Article{dobra2004sparse,
  author = {Adrian Dobra and Chris Hans and Beatrix Jones and Joseph R Nevins and Guang Yao and Mike West},
  journal = {Journal of Multivariate Analysis},
  number = {1},
  pages = {196--212},
  publisher = {Elsevier},
  title = {Sparse Graphical Models for Exploring Gene Expression Data},
  volume = {90},
  year = {2004},
}

@Article{oakley2004probabilistic,
  author = {Jeremy E Oakley and Anthony O'Hagan},
  journal = {Journal of the Royal Statistical Society B},
  number = {3},
  pages = {751--769},
  publisher = {John Wiley \& Sons},
  title = {Probabilistic Sensitivity Analysis of Complex Models: a Bayesian Approach},
  volume = {66},
  year = {2004},
}

@Article{zhang2004inconsistent,
  author = {Hao Zhang},
  journal = {Journal of the American Statistical Association},
  number = {465},
  pages = {250--261},
  publisher = {Taylor \& Francis},
  title = {Inconsistent Estimation and Asymptotically Equal Interpolations in Model-Based Geostatistics},
  volume = {99},
  year = {2004},
}

@Article{taylor2004development,
  author = {B Taylor and A Lane},
  journal = {Journal of the Operational Research Society},
  number = {4},
  pages = {333--339},
  publisher = {Springer-Verlag},
  title = {Development of a Novel Family of Military Campaign Simulation Models},
  volume = {55},
  year = {2004},
}

@TechReport{seeger2005semiparametric,
  author = {Matthias Seeger and Yee-Whye Teh and Michael Jordan},
  title = {Semiparametric Latent Factor Models},
  institution = {UC Berkeley},
  year = {2005},
}

@Article{paulo2005default,
  author = {Rui Paulo},
  journal = {The Annals of statistics},
  number = {2},
  pages = {556--582},
  publisher = {JSTOR},
  title = {Default Priors for Gaussian Processes},
  volume = {33},
  year = {2005},
}

@Article{li2005analysis,
  author = {Runze Li and Agus Sudjianto},
  journal = {Technometrics},
  number = {2},
  title = {Analysis of Computer Experiments Using Penalized Likelihood in Gaussian Kriging Models},
  volume = {47},
  year = {2005},
}

@Article{patra2005parallel,
  author = {Abani K Patra and AC Bauer and CC Nichita and E Bruce Pitman and MF Sheridan and M Bursik and B Rupp and A Webber and AJ Stinton and LM Namikawa and {others}},
  journal = {Journal of Volcanology and Geothermal Research},
  number = {1},
  pages = {1--21},
  publisher = {Elsevier},
  title = {Parallel Adaptive Numerical Simulation of Dry Avalanches over Natural Terrain},
  volume = {139},
  year = {2005},
}

@InCollection{schonlau2006screening,
  author = {Matthias Schonlau and William J Welch},
  booktitle = {Screening},
  pages = {308--327},
  publisher = {Springer-Verlag},
  title = {Screening the Input Variables to a Computer Model via Analysis of Variance and Visualization},
  year = {2006},
}

@Article{Hanson06,
  author = {T. Hanson},
  journal = {Journal of the American Statistical Association},
  pages = {1548-1565},
  title = {Inference for Mixtures of Finite Polya Tree Models},
  volume = {101},
  year = {2006},
}

@Article{linkletter2006variable,
  author = {Crystal Linkletter and Derek Bingham and Nicholas Hengartner and David Higdon and Q Ye Kenny},
  journal = {Technometrics},
  number = {4},
  pages = {478-490},
  title = {Variable Selection for Gaussian Process Models in Computer Experiments},
  volume = {48},
  year = {2006},
}

@Article{bayarri2007computer,
  author = {MJ Bayarri and JO Berger and J Cafeo and G Garcia-Donato and F Liu and J Palomo and RJ Parthasarathy and R Paulo and J Sacks and D Walsh},
  journal = {The Annals of Statistics},
  number = {5},
  pages = {1874--1906},
  publisher = {JSTOR},
  title = {Computer Model Validation with Functional Output},
  volume = {35},
  year = {2007},
}

@Article{bayarri2007framework,
  author = {Maria J Bayarri and James O Berger and Rui Paulo and Jerry Sacks and John A Cafeo and James Cavendish and Chin-Hsu Lin and Jian Tu},
  journal = {Technometrics},
  number = {2},
  pages = {138-154},
  title = {A Framework for Validation of Computer Models},
  volume = {49},
  year = {2007},
}

@Article{carvalho2007dynamic,
  author = {Carlos M Carvalho and Mike West and {others}},
  journal = {Bayesian analysis},
  number = {1},
  pages = {69--97},
  publisher = {International Society for Bayesian Analysis},
  title = {Dynamic Matrix-Variate Graphical Models},
  volume = {2},
  year = {2007},
}

@InProceedings{sun2007objective,
  author = {Dongchu Sun and J Berger},
  booktitle = {Proceedings of ISBA 8th World Meeting on Bayesian Statistics},
  pages = {1--38},
  title = {Objective Bayesian Analysis for the Multivariate Normal Model},
  year = {2007},
}

@Article{tarantola2007estimating,
  author = {S Tarantola and D Gatelli and SS Kucherenko and W Mauntz and {others}},
  journal = {Reliability Engineering \& System Safety},
  number = {7},
  pages = {957--960},
  publisher = {Elsevier},
  title = {Estimating the Approximation Error When Fixing Unessential Factors in Global Sensitivity Analysis},
  volume = {92},
  year = {2007},
}

@Article{kennedy2008quantifying,
  author = {Marc Kennedy and Clive Anderson and Anthony O'Hagan and Mark Lomas and Ian Woodward and John Paul Gosling and Andreas Heinemeyer},
  journal = {Journal of the Royal Statistical Society A},
  number = {1},
  pages = {109--135},
  publisher = {John Wiley \& Sons},
  title = {Quantifying Uncertainty in the Biospheric Carbon Flux for England and Wales},
  volume = {171},
  year = {2008},
}

@Article{carvalho2008bfrm,
  author = {C. M. Carvalho and J. E. Lucas and Q. Wang and J. Chang and J. R. Nevins and M. West},
  journal = {Journal of the American Statistical Association},
  pages = {1438-1456},
  title = {High-Dimensional Sparse Factor Modelling - {A}pplications in Gene Expression Genomics},
  volume = {103},
  year = {2008},
}

@Article{kaufman2008covariance,
  author = {Cari G Kaufman and Mark J Schervish and Douglas W Nychka},
  journal = {Journal of the American Statistical Association},
  number = {484},
  pages = {1545-1555},
  title = {Covariance Tapering for Likelihood-Based Estimation in Large Spatial Data Sets},
  volume = {103},
  year = {2008},
}

@Article{Jeff08,
  author = {Peter Z. G Qian and Huaiqing Wu and C. F. Jeff Wu},
  eprint = {http://www.tandfonline.com/doi/pdf/10.1198/004017008000000262},
  journal = {Technometrics},
  number = {3},
  pages = {383-396},
  title = {Gaussian Process Models for Computer Experiments With Qualitative and Quantitative Factors},
  volume = {50},
  year = {2008},
  url = {https://doi.org/10.1198/004017008000000262},
}

@Article{rajaratnam2008flexible,
  author = {Bala Rajaratnam and Hélene Massam and Carlos M Carvalho and {others}},
  journal = {The Annals of statistics},
  number = {6},
  pages = {2818--2849},
  publisher = {Institute of Mathematical Statistics},
  title = {Flexible Covariance Estimation in Graphical Gaussian Models},
  volume = {36},
  year = {2008},
}

@Article{higdon2008computer,
  author = {Dave Higdon and James Gattiker and Brian Williams and Maria Rightley},
  journal = {Journal of the American Statistical Association},
  number = {482},
  pages = {570-583},
  title = {Computer Model Calibration Using High-Dimensional Output},
  volume = {103},
  year = {2008},
}

@Article{rougier2008efficient,
  author = {Jonathan Rougier},
  journal = {Journal of Computational and Graphical Statistics},
  number = {4},
  pages = {827--843},
  publisher = {Taylor \& Francis},
  title = {Efficient Emulators for Multivariate Deterministic Functions},
  volume = {17},
  year = {2008},
}

@Book{forrester2008engineering,
  author = {Alexander Forrester and Andras Sobester and Andy Keane},
  publisher = {John Wiley \& Sons},
  title = {Engineering Design via Surrogate Modelling: a Practical Guide},
  year = {2008},
}

@Article{petersen2008matrix,
  author = {Kaare Brandt Petersen and Michael Syskind Pedersen and {others}},
  journal = {Technical University of Denmark},
  pages = {15},
  title = {The Matrix Cookbook},
  volume = {7},
  year = {2008},
}

@Article{Bayarri09,
  author = {M. J. Bayarri and James O. Berger and Eliza S. Calder and Keith Dalbey and Simon Lunagomez and Abani K. Patra and E. Bruce Pitman and Elaine T. Spiller and Robert L. Wolpert},
  journal = {Technometrics},
  pages = {402-413},
  title = {Using Statistical and Computer Models to Quantify Volcanic Hazards},
  volume = {51},
  year = {2009},
}

@Article{bastos2009diagnostics,
  author = {Leonardo S Bastos and Anthony O'Hagan},
  journal = {Technometrics},
  number = {4},
  pages = {425--438},
  publisher = {Taylor \& Francis},
  title = {Diagnostics for Gaussian Process Emulators},
  volume = {51},
  year = {2009},
}

@Article{carvalho2009objective,
  author = {CARLOS M Carvalho and James G Scott},
  journal = {Biometrika},
  number = {3},
  pages = {497--512},
  publisher = {Biometrika Trust},
  title = {Objective Bayesian Model Selection in Gaussian Graphical Models},
  volume = {96},
  year = {2009},
}

@Article{wang2009bayesian,
  author = {Hao Wang and Mike West},
  journal = {Biometrika},
  number = {4},
  pages = {821--834},
  publisher = {Biometrika Trust},
  title = {Bayesian Analysis of Matrix Normal Graphical Models},
  volume = {96},
  year = {2009},
}

@Article{gramacy2009adaptive,
  author = {Robert B Gramacy and Herbert KH Lee},
  journal = {Technometrics},
  number = {2},
  pages = {130--145},
  publisher = {Taylor \& Francis},
  title = {Adaptive Design and Analysis of Supercomputer Experiments},
  volume = {51},
  year = {2009},
}

@TechReport{andrianakis2009parameter,
  author = {Yiannis Andrianakis and PG Challenor},
  institution = {MUCM Technical report 09/05, University of Southampton},
  title = {Parameter Estimation and Prediction Using Gaussian Processes},
  year = {2009},
}

@Article{rougier2009expert,
  author = {Jonathan Rougier and Serge Guillas and Astrid Maute and Arthur D Richmond},
  journal = {Technometrics},
  number = {4},
  pages = {414--424},
  publisher = {Taylor \& Francis},
  title = {Expert Knowledge and Multivariate Emulation: The Thermosphere--Ionosphere Electrodynamics General Circulation Model (TIE-GCM)},
  volume = {51},
  year = {2009},
}

@Article{dette2010generalized,
  author = {Holger Dette and Andrey Pepelyshev},
  journal = {Technometrics},
  number = {4},
  title = {Generalized Latin Hypercube Design for Computer Experiments},
  volume = {52},
  year = {2010},
}

@Article{conti2010bayesian,
  author = {Stefano Conti and Anthony O'Hagan},
  journal = {Journal of statistical planning and inference},
  number = {3},
  pages = {640--651},
  publisher = {Elsevier},
  title = {Bayesian Emulation of Complex Multi-Output and Dynamic Computer Models},
  volume = {140},
  year = {2010},
}

@Article{Wong10,
  author = {W. H. Wong and L. Ma},
  journal = {Ann. Statist.},
  note = {MR2662348},
  pages = {1433--1459},
  title = {Optional P\'{o}lya Tree and Bayesian Inference},
  volume = {38},
  year = {2010},
}

@Article{johnson2010use,
  author = {Valen E Johnson and David Rossell},
  journal = {Journal of the Royal Statistical Society B},
  number = {2},
  pages = {143--170},
  publisher = {John Wiley \& Sons},
  title = {On the Use of Non-Local Prior Densities in Bayesian Hypothesis Tests},
  volume = {72},
  year = {2010},
}

@Book{gelfand2010handbook,
  author = {Alan E Gelfand and Peter Diggle and Peter Guttorp and Montserrat Fuentes},
  publisher = {CRC Press},
  title = {Handbook of Spatial Statistics},
  year = {2010},
}

@Article{xiao2010model,
  author = {Manyu Xiao and Piotr Breitkopf and Rajan Filomeno Coelho and Catherine Knopf-Lenoir and Maryan Sidorkiewicz and Pierre Villon},
  journal = {Structural and multidisciplinary optimization},
  number = {4},
  pages = {555--574},
  publisher = {Springer-Verlag},
  title = {Model Reduction by CPOD and Kriging},
  volume = {41},
  year = {2010},
}

@Article{Johnson2010,
  author = {Valen E Johnson and David Rossell},
  journal = {Journal of the Royal Statistical Society B},
  number = {2},
  pages = {143--170},
  publisher = {John Wiley \& Sons},
  title = {On the Use of Non-Local Prior Densities in Bayesian Hypothesis Tests},
  volume = {72},
  year = {2010},
}

@Article{lindsay2011issues,
  author = {Bruce G Lindsay and Grace Y Yi and Jianping Sun},
  journal = {Statistica Sinica},
  number = {1},
  pages = {71},
  title = {Issues and Strategies in the Selection of Composite Likelihoods},
  volume = {21},
  year = {2011},
}

@Article{Ma11,
  author = {L. Ma and W. H. Wong},
  journal = {Journal of the American Statistical Association},
  note = {MR2662348},
  pages = {1433--1459},
  title = {Coupling Optional P\'{o}lya Trees and the Two Sample Problem},
  volume = {38},
  year = {2011},
}

@Article{Ranjan11,
  author = {P. Ranjan and R. Haynes and R. Karsten},
  journal = {Technometrics},
  pages = {366 - 378},
  title = {A Computationally Stable Approach to Gaussian Process Interpolation of Deterministic Computer Simulation Data},
  volume = {53},
  year = {2011},
}

@Article{kaufman2011efficient,
  author = {Cari G Kaufman and Derek Bingham and Salman Habib and Katrin Heitmann and Joshua A Frieman},
  journal = {The Annals of Applied Statistics},
  number = {4},
  pages = {2470--2492},
  publisher = {Institute of Mathematical Statistics},
  title = {Efficient Emulators of Computer Experiments Using Compactly Supported Correlation Functions, with an Application to Cosmology},
  volume = {5},
  year = {2011},
}

@Article{varin2011overview,
  author = {Cristiano Varin and Nancy Reid and David Firth},
  journal = {Statistica Sinica},
  number = {1},
  pages = {5--42},
  publisher = {Academia Sinica* Institute of Statistical Science},
  title = {An Overview of Composite Likelihood Methods},
  volume = {21},
  year = {2011},
}

@Article{Lindsay2011,
  author = {Bruce G Lindsay and Grace Y Yi and Jianping Sun},
  journal = {Statistica Sinica},
  number = {1},
  pages = {71},
  title = {Issues and Strategies in the Selection of Composite Likelihoods},
  volume = {21},
  year = {2011},
}

@Article{Kaufman2011,
  author = {Cari G Kaufman and Derek Bingham and Salman Habib and Katrin Heitmann and Joshua A Frieman},
  journal = {The Annals of Applied Statistics},
  number = {4},
  pages = {2470--2492},
  publisher = {Institute of Mathematical Statistics},
  title = {Efficient Emulators of Computer Experiments Using Compactly Supported Correlation Functions, with an Application to Cosmology},
  volume = {5},
  year = {2011},
}

@Article{ranjan2011computationally,
  author = {Pritam Ranjan and Ronald Haynes and Richard Karsten},
  journal = {Technometrics},
  number = {4},
  pages = {366--378},
  publisher = {Taylor \& Francis},
  title = {A Computationally Stable Approach to Gaussian Process Interpolation of Deterministic Computer Simulation Data},
  volume = {53},
  year = {2011},
}

@InProceedings{zhou2011dependent,
  author = {Mingyuan Zhou and Hongxia Yang and Guillermo Sapiro and David B Dunson and Lawrence Carin},
  booktitle = {International Conference on Artificial Intelligence and Statistics},
  pages = {883--891},
  title = {Dependent Hierarchical Beta Process for Image Interpolation and Denoising},
  year = {2011},
}

@Article{alvarez2011computationally,
  author = {Mauricio A Alvarez and Neil D Lawrence},
  journal = {Journal of Machine Learning Research},
  number = {5},
  pages = {1459--1500},
  title = {Computationally Efficient Convolved Multiple Output Gaussian Processes.},
  volume = {12},
  year = {2011},
}

@Article{alvarez2011kernels,
  author = {Mauricio A Álvarez and Lorenzo Rosasco and Neil D Lawrence},
  journal = {arXiv preprint arXiv:1106.6251},
  title = {Kernels for Vector-Valued Functions: a Review},
  year = {2011},
}

@PhdThesis{lopes2011development,
  author = {Danilo Lopes},
  school = {Duke University},
  title = {Development and Implementation of Bayesian Computer Model Emulators},
  year = {2011},
}

@Article{marrel2011global,
  author = {Amandine Marrel and Bertrand Iooss and Michel Jullien and Beatrice Laurent and Elena Volkova},
  journal = {Environmetrics},
  number = {3},
  pages = {383--397},
  publisher = {John Wiley \& Sons},
  title = {Global Sensitivity Analysis for Models with Spatially Dependent Outputs},
  volume = {22},
  year = {2011},
}

@Article{lee2011emulation,
  author = {LA Lee and KS Carslaw and KJ Pringle and GW Mann and DV Spracklen},
  journal = {Atmospheric Chemistry and Physics},
  number = {23},
  pages = {12253--12273},
  publisher = {Copernicus GmbH},
  title = {Emulation of a Complex Global Aerosol Model to Quantify Sensitivity to Uncertain Parameters},
  volume = {11},
  year = {2011},
}

@Article{savitsky2011variable,
  author = {Terrance Savitsky and Marina Vannucci and Naijun Sha},
  journal = {Statistical science: a review journal of the Institute of Mathematical Statistics},
  number = {1},
  pages = {130-149},
  publisher = {NIH Public Access},
  title = {Variable Selection for Nonparametric Gaussian Process Priors: Models and Computational Strategies},
  volume = {26},
  year = {2011},
}

@Article{ren2012objective,
  author = {Cuirong Ren and Dongchu Sun and Chong He},
  journal = {Journal of Statistical Planning and Inference},
  number = {7},
  pages = {1933--1946},
  publisher = {Elsevier},
  title = {Objective Bayesian Analysis for a Spatial Model with Nugget Effects},
  volume = {142},
  year = {2012},
}

@Article{gramacy2012cases,
  author = {Robert B Gramacy and Herbert KH Lee},
  journal = {Statistics and Computing},
  number = {3},
  pages = {713--722},
  publisher = {Springer-Verlag},
  title = {Cases for the Nugget in Modeling Computer Experiments},
  volume = {22},
  year = {2012},
}

@Article{andrianakis2012effect,
  author = {Ioannis Andrianakis and Peter G Challenor},
  journal = {Computational Statistics \& Data Analysis},
  number = {12},
  pages = {4215--4228},
  publisher = {Elsevier},
  title = {The Effect of the Nugget on Gaussian Process Emulators of Computer Models},
  volume = {56},
  year = {2012},
}

@Article{ba2012composite,
  author = {Shan Ba and V Roshan Joseph},
  journal = {The Annals of Applied Statistics},
  number = {4},
  pages = {1838--1860},
  publisher = {Institute of Mathematical Statistics},
  title = {Composite Gaussian Process Models for Emulating Expensive Functions},
  volume = {6},
  year = {2012},
}

@Article{dai2012multivariate,
  author = {Bin Dai and Shilin Ding and Grace Wahba},
  journal = {arXiv preprint arXiv:1206.1874},
  title = {Multivariate Bernoulli Distribution},
  year = {2012},
}

@Article{Ren2012,
  author = {Cuirong Ren and Dongchu Sun and Chong He},
  journal = {Journal of Statistical Planning and Inference},
  number = {7},
  pages = {1933--1946},
  publisher = {Elsevier},
  title = {Objective Bayesian Analysis for a Spatial Model with Nugget Effects},
  volume = {142},
  year = {2012},
}

@Article{paulo2012calibration,
  author = {Rui Paulo and Gonzalo García-Donato and Jesús Palomo},
  journal = {Computational Statistics \& Data Analysis},
  number = {12},
  pages = {3959--3974},
  publisher = {Elsevier},
  title = {Calibration of Computer Models with Multivariate Output},
  volume = {56},
  year = {2012},
}

@Article{roustant2012dicekriging,
  author = {Olivier Roustant and David Ginsbourger and Yves Deville},
  issn = {1548-7660},
  journal = {Journal of Statistical Software},
  number = {1},
  pages = {1--55},
  title = {DiceKriging, DiceOptim: Two R Packages for the Analysis of Computer Experiments by Kriging-Based Metamodeling and Optimization},
  volume = {51},
  year = {2012},
  url = {https://doi.org/10.18637/jss.v051.i01},
}

@Article{lee2012mapping,
  author = {LA Lee and KS Carslaw and KJ Pringle and GW Mann},
  journal = {Atmospheric Chemistry and Physics},
  number = {20},
  pages = {9739--9751},
  publisher = {Copernicus GmbH},
  title = {Mapping the Uncertainty in Global CCN Using Emulation},
  volume = {12},
  year = {2012},
}

@Article{kazianka2012objective,
  author = {Hannes Kazianka and Jürgen Pilz},
  journal = {Canadian Journal of Statistics},
  number = {2},
  pages = {304--327},
  publisher = {John Wiley \& Sons},
  title = {Objective Bayesian Analysis of Spatial Data with Uncertain Nugget and Range Parameters},
  volume = {40},
  year = {2012},
}

@Article{moon2012two,
  author = {Hyejung Moon and Angela M Dean and Thomas J Santner},
  journal = {Technometrics},
  number = {4},
  pages = {376--387},
  publisher = {Taylor \& Francis Group},
  title = {Two-Stage Sensitivity-Based Group Screening in Computer Experiments},
  volume = {54},
  year = {2012},
}

@Book{stein2012interpolation,
  author = {Michael L Stein},
  publisher = {Springer-Verlag},
  title = {Interpolation of Spatial Data: Some Theory for Kriging},
  year = {2012},
}

@Article{ren2013objective,
  author = {Cuirong Ren and Dongchu Sun and Sujit K Sahu},
  journal = {Canadian Journal of Statistics},
  number = {3},
  pages = {488--507},
  publisher = {John Wiley \& Sons},
  title = {Objective Bayesian Analysis of Spatial Models with Separable Correlation Functions},
  volume = {41},
  year = {2013},
}

@Article{eidsvik2013estimation,
  author = {Jo Eidsvik and Benjamin A Shaby and Brian J Reich and Matthew Wheeler and Jarad Niemi},
  journal = {Journal of Computational and Graphical Statistics},
  number = {just-accepted},
  publisher = {Taylor \& Francis},
  title = {Estimation and Prediction in Spatial Models with Block Composite Likelihoods},
  year = {2013},
}

@Article{fricker2013multivariate,
  author = {Thomas E Fricker and Jeremy E Oakley and Nathan M Urban},
  journal = {Technometrics},
  number = {1},
  pages = {47--56},
  publisher = {Taylor \& Francis},
  title = {Multivariate Gaussian Process Emulators with Nonseparable Covariance Structures},
  volume = {55},
  year = {2013},
}

@Article{picheny2013benchmark,
  author = {Victor Picheny and Tobias Wagner and David Ginsbourger},
  journal = {Structural and Multidisciplinary Optimization},
  number = {3},
  pages = {607--626},
  publisher = {Springer-Verlag},
  title = {A Benchmark of Kriging-Based Infill Criteria for Noisy Optimization},
  volume = {48},
  year = {2013},
}

@Manual{Dancik2013,
  author = {Garrett M. Dancik},
  note = {R package version 3.1.4},
  title = {Mlegp: Maximum Likelihood Estimates of Gaussian Processes},
  url = {https://CRAN.R-project.org/package=mlegp},
  year = {2013},
}

@Article{spiller2014automating,
  author = {Elaine T Spiller and MJ Bayarri and James O Berger and Eliza S Calder and Abani K Patra and E Bruce Pitman and Robert L Wolpert},
  journal = {SIAM/ASA Journal on Uncertainty Quantification},
  number = {1},
  pages = {126--152},
  publisher = {SIAM},
  title = {Automating Emulator Construction for Geophysical Hazard Maps},
  volume = {2},
  year = {2014},
}

@Article{le2014bayesian,
  author = {Loic {Le Gratiet} and Claire Cannamela and Bertrand Iooss},
  journal = {SIAM/ASA Journal on Uncertainty Quantification},
  number = {1},
  pages = {336--363},
  publisher = {SIAM},
  title = {A Bayesian Approach for Global Sensitivity Analysis of (Multifidelity) Computer Codes},
  volume = {2},
  year = {2014},
}

@Article{iooss2014review,
  author = {Bertrand Iooss and Paul Lemaître},
  journal = {arXiv preprint arXiv:1404.2405},
  title = {A Review on Global Sensitivity Analysis Methods},
  year = {2014},
}

@Article{berger2014effective,
  author = {James Berger and MJ Bayarri and LR Pericchi},
  journal = {Econometric Reviews},
  number = {1-4},
  pages = {197--217},
  publisher = {Taylor \& Francis},
  title = {The Effective Sample Size},
  volume = {33},
  year = {2014},
}

@Article{farah2014bayesian,
  author = {Marian Farah and Paul Birrell and Stefano Conti and Daniela De Angelis},
  journal = {Journal of the American Statistical Association},
  number = {508},
  pages = {1398--1411},
  publisher = {Taylor \& Francis},
  title = {Bayesian Emulation and Calibration of a Dynamic Epidemic Model for A/H1N1 Influenza},
  volume = {109},
  year = {2014},
}

@Article{peng2014choice,
  author = {Chien-Yu Peng and CF Jeff Wu},
  journal = {Journal of Computational and Graphical Statistics},
  number = {1},
  pages = {151--168},
  publisher = {Taylor \& Francis},
  title = {On the Choice of Nugget in Kriging Modeling for Deterministic Computer Experiments},
  volume = {23},
  year = {2014},
}

@Manual{nloptr2014,
  author = {Jelmer Ypma},
  note = {R package version 1.0.4},
  title = {Nloptr: {R} Interface to NLopt},
  url = {https://CRAN.R-project.org/package=nloptr},
  year = {2014},
}

@Article{bayarriprobabilistic,
  author = {MJ Bayarri and James Berger and Eliza Calder and Abani Patra and E Bruce Pitman and Elaine Spiller and Robert Wolpert},
  journal = {International Journal for Uncertainty Quantification},
  number = {4},
  publisher = {Begel House Inc.},
  title = {Probabilistic Quantification of Hazards: a Methodology Using Small Ensembles of Physics Based Simulations and Statistical Surrogates},
  volume = {5},
  year = {2015},
}

@Article{macdonald2015gpfit,
  author = {Blake MacDonald and Pritam Ranjan and Hugh Chipman},
  journal = {Journal of Statistical Software},
  number = {i12},
  publisher = {Foundation for Open Access Statistics},
  title = {GPfit: An R Package for Fitting a Gaussian Process Model to Deterministic Simulator Outputs},
  volume = {64},
  year = {2015},
}

@Article{Gu2018robustness,
  author = {Mengyang Gu and Xiaojing Wang and James O Berger},
  journal = {The Annals of Statistics},
  number = {6A},
  pages = {3038--3066},
  title = {Robust {G}aussian Stochastic Process Emulation},
  volume = {46},
  year = {2018},
}

@Manual{Gu2016RGaSPpackage,
  author = {Mengyang Gu and Jesus Palomo and James O Berger},
  note = {R package version 0.5.7},
  title = {RobustGaSP: Robust Gaussian Stochastic Process Emulation},
  url = {https://CRAN.R-project.org/package=RobustGaSP},
  year = {2016},
}

@Manual{DiceKrigingpackage,
  author = {Olivier Roustant and David Ginsbourger and Yves Deville},
  note = {R package version 1.5.6},
  title = {DiceKriging: Kriging Methods for Computer Experiments},
  url = {https://CRAN.R-project.org/package=DiceKriging},
  year = {2018},
}

@PhdThesis{Gu2016thesis,
  author = {Mengyang Gu},
  school = {Duke University},
  title = {Robust Uncertainty Quantification and Scalable Computation for Computer Models with Massive Output.},
  year = {2016},
}

@Article{Gu2016PPGaSPsup,
  author = {Mengyang Gu and James O Berger},
  journal = {Annals of Applied Statistcs},
  title = {Supplement to \lq\lq Parallel Partial {G}aussian Process Emulation for Computer Models with Massive Output\rq\rq},
  year = {2016},
}

@Article{gu2016parallel,
  author = {Mengyang Gu and James O Berger},
  journal = {The Annals of Applied Statistics},
  number = {3},
  pages = {1317--1347},
  publisher = {Institute of Mathematical Statistics},
  title = {Parallel Partial {G}aussian Process Emulation for Computer Models with Massive Output},
  volume = {10},
  year = {2016},
}

@Manual{lhs2016,
  author = {Rob Carnell},
  note = {R package version 0.13},
  title = {Lhs: Latin Hypercube Samples},
  url = {https://CRAN.R-project.org/package=lhs},
  year = {2016},
}

@Article{chen2016analysis,
  author = {Hao Chen and J Loeppky and Jerome Sacks and W Welch},
  journal = {Statistical science},
  number = {1},
  pages = {40--60},
  publisher = {Institute of Mathematical Statistics},
  title = {Analysis Methods for Computer Experiments: How to Assess and What Counts?},
  volume = {31},
  year = {2016},
}

@Manual{sensitivity2016,
  author = {Gilles Pujol and Bertrand Iooss and Alexandre Janon {with contributions from Khalid Boumhaout} and Sebastien Da Veiga and Jana Fruth and Laurent Gilquin and Joseph Guillaume and Loic {Le Gratiet} and Paul Lemaitre and Bernardo Ramos and Taieb Touati and Frank Weber},
  note = {R package version 1.12.2},
  title = {Sensitivity: Global Sensitivity Analysis of Model Outputs},
  url = {https://CRAN.R-project.org/package=sensitivity},
  year = {2016},
}

@Article{overstall2016multivariate,
  author = {Antony M Overstall and David C Woods},
  journal = {Journal of the Royal Statistical Society C},
  number = {4},
  pages = {483--505},
  publisher = {John Wiley \& Sons},
  title = {Multivariate Emulation of Computer Simulators: Model Selection and Diagnostics with Application to a Humanitarian Relief Model},
  volume = {65},
  year = {2016},
}

@Book{rasmussen2006gaussian,
  author = {Carl Edward Rasmussen and Christopher KI Williams},
  publisher = {The MIT Press, Cambridge, MA, USA},
  pages = {715--719},
  title = {Gaussian Processes for Machine Learning},
  volume = {38},
  year = {2006},
}

@Article{worley1987deterministic,
  author = {BA Worley},
  journal = {Available from National Technical Information Service},
  title = {Deterministic Uncertainty Analysis, ORNL-0628},
  volume = {5285},
  year = {1987},
}

@Article{gu2016nonseparable,
  author = {Mengyang Gu and Yanxun Xu},
  journal = {arXiv preprint arXiv:1711.11501},
  title = {Nonseparable {G}aussian Stochastic Process: A Unified View and Computational Strategy},
  year = {2017},
}

@Article{gu2018JRprior,
  author = {Mengyang Gu},
  journal = {Bayesian Analysis, In Press. arXiv preprint arXiv:1804.09329},
  title = {Jointly Robust Prior for {G}aussian Stochastic Process in Emulation, Calibration and Variable Selection},
  year = {2018},
}
