%%%%%%%%%%%%%%%%%%%%%%%%%%%%%%%%%%%%%%%%%%%%%%%%%%%%%%%%%%%%%%%%%%%%%%%%%%%%%%%%
%% NPROBUST: LSPARTITION Software Article
%% Date   : 07-AUG-2019
%% Authors: Cattaneo-Farrell-Feng
%%%%%%%%%%%%%%%%%%%%%%%%%%%%%%%%%%%%%%%%%%%%%%%%%%%%%%%%%%%%%%%%%%%%%%%%%%%%%%%%

@Article{Calonico-Cattaneo-Farrell_2018_JASA,
	Title                    = {On the Effect of Bias Estimation on Coverage Accuracy in Nonparametric Inference},
	Author                   = {Calonico, Sebastian and Matias D. Cattaneo and Max H. Farrell},
	url                      = {https://doi.org/10.1080/01621459.2017.1285776},
	Journal                  = {Journal of the American Statistical Association},
	Number                   = {522},
	Pages                    = {767-779},
	Volume                   = {113},
	Year                     = {2018}
}

@Article{Calonico-Cattaneo-Farrell_2019_JSS,
	Title                    = {\texttt{nprobust}: Nonparametric Kernel-Based Estimation and Robust Bias-Corrected Inference},
	Author                   = {Calonico, Sebastian and Matias D. Cattaneo and Max H. Farrell},
	url                      = {https://doi.org/10.18637/jss.v091.i08},
	Journal                  = {Journal of Statistical Software},
	Number                   = {8},
    Pages                    = {1-33},
    Volume                   = {91},
	Year                     = {2019}
}

@Article{Calonico-Cattaneo-Farrell_2019_wp,
  Title                    = {Coverage Error Optimal Confidence Intervals for Local Polynomial Regression},
  Author                   = {Calonico, Sebastian and Matias D. Cattaneo and Max H. Farrell},
  Journal                  = {\emph{arXiv:1808.01398}},
  url                      = {https://arxiv.org/abs/1808.01398},
  Year                     = {2020}
}

@Article{Cattaneo-Farrell_2013_JoE,
	Title                    = {Optimal Convergence Rates, Bahadur Representation, and Asymptotic Normality of Partitioning Estimators},
	Author                   = {Cattaneo, Matias D. and Max H. Farrell},
	url                      = {https://doi.org/10.1016/j.jeconom.2013.02.002},
	Journal                  = {Journal of Econometrics},
	Number                   = {2},
	Pages                    = {127--143},
	Volume                   = {174},
	Year                     = {2013}
}

@article{Cattaneo-Farrell-Feng_2020_AoS,
	author  = {Cattaneo, Matias D. and Max H. Farrell and Yingjie Feng},
	title   = {Large Sample Properties of Partitioning-Based Estimators},
	journal = {Annals of Statistics}, 
	volume  = {48}, 
	number  = {3}, 
	pages   = {1718--1741}, 
	year    = {2020},
	url     = {https://doi.org/10.1214/19-AOS1865},
}

@Book{Chui_2016_Book,
	Title                    = {An Introduction to Wavelets},
	Author                   = {Chui, Charles K},
	Publisher                = {Academic Press},
	Year                     = {1992},
	Address              ={Boston},
	url = {https://doi.org/10.1016/B978-0-12-174584-4.50005-0},
	collection           ={Wavelet analysis and its applications; vol. 1}
}

@Article{Cohen_1993_ACHA,
	Title                    = {Wavelets on the Interval and Fast Wavelet Transforms},
	Author                   = {Cohen, Albert and Daubechies, Ingrid and Vial, Pierre},
	url                      = {https://doi.org/10.1006/acha.1993.1005},
	Journal                  = {Applied and Computational Harmonic Analysis},
	Number                   = {1},
	Pages                    = {54--81},
	Volume                   = {1},
	Year                     = {1993}
}

@article{Long-Ervin_2000_AS,
	author  = {Long, J. Scott and Laurie H. Ervin},
	title   = {Using Heteroscedasticity Consistent Standard Errors in the Linear Regression Model},
	journal = {The American Statistician},
	volume={54}, 
	number={3}, 
	pages={217--224}, 
	year={2000},
	url ={https://doi.org/10.1080/03610918.2012.750354}
	
}


@book{Fan-Gijbels_1996_Book,
  author    = {Fan, J. and I. Gijbels},
  title     = {Local Polynomial Modelling and Its Applications},
  publisher = {Routledge}, address={New York}, year={2018},
  url={https://doi.org/10.1201/9780203748725}
}

@Manual{ggplot2,
	title = {ggplot2: Create Elegant Data Visualisations Using the Grammar of Graphics},
	author = {Hadley Wickham and Winston Chang},
	year = {2016},
	note = {R package version 2.2.1},
	url = {https://CRAN.R-project.org/package=ggplot2},
}

@Book{Gyorfi-etal_2002_book,
	Title                    = {A Distribution-Free Theory of Nonparametric Regression},
	Author                   = {L{\'a}szl{\'o} Gy{\"o}rfi and Michael Kohler and Adam Krzy{\.z}ak and Harro Walk},
	Publisher                = {Springer-Verlag},
	Year                     = {2002},
	url                       ={https://doi.org/10.1007/b97848}
}

@Book{Harezlak-Ruppert-Wand_2018_book,
	Title                    = {Semiparametric Regression with R},
	Author                   = {Harezlak, Jaroslaw and Ruppert, David and Wand, Matthew P.},
	Publisher                = {Springer},
	Year                     = {2018},
	Address                  = {New York},
	url                     ={https://doi.org/10.1007/978-1-4939-8853-2}
}

@Book{Ruppert-Wand-Carroll_2009_book,
  Title                    = {Semiparametric Regression},
  Author                   = {Ruppert, David and Matthew P. Wand and R.J. Carroll},
  Publisher                = {Cambridge University Press},
  Year                     = {2003},
  Address                  = {New York},
  url                      ={https://doi.org/10.1017/CBO9780511755453}
}

@book{Zhang-Singer_2010_Book,
	title={Recursive Partitioning and Applications},
	author={Zhang, Heping and Singer, Burton H},
	year={2010}, publisher={Springer},
	url={https://doi.org/10.1007/978-1-4419-6824-1}
}


