@book{Banfield1999,
author = {J.~{Banfield}},
title = {{Rweb: web-based statistical analysis}},
publisher = {Journal of Statistical Software 4 (1):},
pages = {1--15},
year = {1999}
}
@book{Baty2005,
author = {F. {Baty, M.~P. Bihl, G. Perri{\`e}re,A.~C. Culhane, and M.~H. Brutsche}},
title = {{Optimized between-group classification: a new jackknife-based gene selection procedure for genome-wide expression data}},
publisher = {Bioinformatics 6:},
pages = {1--12},
year = {2005}
}
@book{Benzecri1983,
author = {J.~P. {Benz{\'e}cri}},
title = {{Analyse de l'inertie intra-classe par l'analyse d'un tableau de correspondances}},
publisher = {Les Cahiers del'Analyse des donn'ees 8:},
pages = {351--358},
year = {1983}
}
@book{Buckheit1995,
author = {J.~B. {Buckheit and D.~L. Donoho}},
title = {{Wavelab and reproducible research}},
publisher = {Tech rep 474 Dept of Statistics Stanford University   ~wavelab/Wavelab_850/wavelab.pdf},
year = {1995},
url = {http://www-stat.stanford.edu/}
}
@book{Charif2007,
author = {D.~{Charif and J.~Lobry}},
title = {{SeqinR 1.0-2: a contributed package to the R project for statistical computing devoted to biological sequences retrieval and analysis}},
publisher = {In H.~R U.~Bastolla M.~Porto andM.~Vendruscolo editors Structural approaches to sequenceevolution Molecules networks populations Biological andMedical Physics Biomedical Engineering pages  SpringerVerlag New York      978-3-540-35305-8},
pages = {207--232},
year = {2007},
url = {http://seqinr.r-forge.r-project.org/},
isbn = {:}
}
@book{Chauve1998,
author = {C.~{Chauve}},
title = {{The poultry red mite textitDermanyssus gallinae (DeGeer, 1778): current situation and future prospects for control}},
publisher = {Veterinary Parasitology 79:},
pages = {239--245},
year = {1998}
}
@book{Chessel2004,
author = {D.~{Chessel, A.-B. Dufour, and J.~Thioulouse}},
title = {{The ade4 package-I- One-table methods}},
publisher = {R News 4:},
pages = {5--10},
year = {2004}
}
@book{Culhane2002,
author = {A.~C. {Culhane, G. Perri{\`e}re, E.~C. Considine, T.~G. Cotter and D.~G. Higgins}},
title = {{Between-group analysis of microarray data}},
publisher = {Bioinformatics 18:},
pages = {1600--1608},
year = {2002}
}
@book{Culhane2005,
author = {A.~C. {Culhane, J. Thioulouse, G. Perri{\`e}re, and D.~G. Higgins}},
title = {{MADE4: an R package for multivariate analysis of gene expression data}},
publisher = {Bioinformatics 21:},
pages = {2789--2790},
year = {2005}
}
@book{DeLeeuw2001,
author = {J.~de~{Leeuw}},
title = {{Reproducible research: the bottom line}},
publisher = {Technical report UCLA Statistics Program},
year = {2001},
url = {http://preprints.stat.ucla.edu/301/301.pdf}
}
@book{Doledec1987,
author = {S.~{Dol{\'e}dec and D.~Chessel}},
title = {{Rythmes saisonniers et composantes stationnelles en milieu aquatique I- description d'un plan d'observations complet par projection de variables}},
publisher = {Acta Oecologica Oecologia Generalis 8 (3): .},
pages = {403--426},
year = {1987}
}
@book{DrayDufour2007,
author = {S.~{Dray and A.-B. Dufour}},
title = {{The ade4 package: Implementing the duality diagram for ecologists}},
publisher = {Journal of Statistical Software 22 (4):},
pages = {1--20},
year = {2007},
url = {http://www.jstatsoft.org/v22/i04}
}
@book{Escoufier1987,
author = {Y.~{Escoufier}},
title = {{The duality diagramm : a means of better practical applications}},
publisher = {In P.~Legendre and L.~Legendre editors Development in numerical ecology NATO advanced Institute Serie G pages   Springer Verlag Berlin},
pages = {139--156},
year = {1987}
}
@book{Firth2003,
author = {D.~{Firth}},
title = {{CGIwithR: Facilities for processing web forms using R}},
publisher = {Journal of Statistical Software 8 (10):},
pages = {1--8},
year = {2003},
url = {http://www.jstatsoft.org/v08/i10}
}
@book{Gentle2004,
author = {R.~{Gentleman and D.~T. Lang}},
title = {{Statistical analyses and reproducible research}},
publisher = {Bioconductor Project Working Papers. May},
year = {2004},
url = {http://www.bepress.com/bioconductor/paper2}
}
@book{Holmes2006,
author = {S.~{Holmes}},
title = {{Multivariate analysis: The French way}},
publisher = {In D.~Nolan and T.~Speed editors Festschrift for David Freedman pages  IMS Beachwood OH},
pages = {1--14},
year = {2006}
}
@book{Jeffery2007,
author = {I.~B. {Jeffery, S.~F. Madden, P.~A. McGettigan, G. Perri{\`e}re, A.~C. Culhane and D.~G. Higgins}},
title = {{Integrating transcription factor binding site information with gene expression datasets}},
publisher = {Bioinformatics 23:},
pages = {298--305},
year = {2007}
}
@book{Kirkwood1967,
author = {A.~{Kirkwood}},
title = {{Anaemia in poultry infested with the red mite textitDermanyssus gallinae}},
publisher = {The Veterinary Record 80 (514-516)},
year = {1967}
}
@book{Knuth1992,
author = {D.~ {Knuth}},
title = {{Literate Programming}},
publisher = {Center for the Study of Language and Information Stanford California},
year = {1992}
}
@book{Lecoutre2003,
author = {E.~{Lecoutre}},
title = {{The  R2HTML Package}},
publisher = {R News 3 (33-36)},
year = {2003}
}
@book{Leisch2002,
author = {F.~{Leisch}},
title = {{Sweave, Part I: Mixing R and LaTeX}},
publisher = {R News 2 (28-31)},
year = {2002}
}
@book{Muyzer1998,
author = {K.~S. {Muyzer, G.~and}},
title = {{Application of denaturing gradient gel electrophoresis (DGGE) and temperature gradient gel electrophoresis (TGGE) in microbial ecology}},
publisher = {Antonie van Leeuwenhoek 73:},
pages = {127--141},
year = {1998}
}
@book{Perriere2003,
author = {M.~{Gouy, L.~Duret, and G.~Del{\'e}age}},
title = {{Integrated databanks access and sequence/structure analysis services at the PBIL}},
publisher = {Nucleic Acids Research 31:},
pages = {3393--3399},
year = {2003}
}
@book{RDCT2009,
author = {{R {Development Core Team}}},
title = {{R: A Language and Environment for Statistical Computing}},
publisher = {R Foundation for Statistical Computing Vienna Austria},
year = {2009},
url = {http://www.R-project.org},
isbn = {3-900051-07-0}
}
@book{stewart1968,
author = {D.K.~{Stewart, and W.A.~Love}},
title = {{A general canonical correlation index}},
publisher = {Psychological Bulletin 70:},
pages = {160--163},
year = {1968}
}
@book{Suau1999,
author = {A.~{Suau, R.~Bonnet, M.~Sutren, J.~Godon, G.~R. Gibson, M.~D. Collins, and J.~Dor{\'e}}},
title = {{Direct analysis of genes encoding 16s rRNA from complex communities reveals many novel molecular species within the human gut}},
publisher = {Appl Env Microbiol. 65:},
pages = {4799--4807},
year = {1999}
}
@book{Suzuky2008,
author = {H.~{Suzuky, C.~J. Brown, L.~J. Forney, and E.~M. Top}},
title = {{Comparison of correspondence analysis methods for synonymous codon usage in bacteria}},
publisher = {DNA Research (in press)  doi10.1093/dnares/dsn028},
year = {2008}
}
@book{BraakSmil2002,
author = {C.~J.~F. ter {Braak and P.~{\v S}milauer}},
title = {{CANOCO Reference Manual and CanoDraw for Windows User's Guide: Software for Canonical Community Ordination (version 4.5)}},
publisher = {Microcomputer Power Ithaca NY USA},
year = {2002}
}
@book{Thioulouse1997,
author = {J.~{Thioulouse, D.~Chessel, S.~Doledec, and J.M.~Olivier}},
title = {{ADE-4: a multivariate analysis and graphical display software}},
publisher = {Statistics and Computing 7:},
pages = {75--82},
year = {1997}
}
@book{ThioulouseDray2007,
author = {J.~{Thioulouse and S.~Dray}},
title = {{Interactive multivariate data analysis in R with the ade4 and ade4TkGUI packages}},
publisher = {Journal of Statistical Software 22 (5):  10},
pages = {1--14},
year = {2007},
url = {http://www.jstatsoft.org/v22/i05}
}
@book{Valiente2005,
author = {C.~{Valiente-Moro, C.~Chauve, and L.~Zenner}},
title = {{Vectorial role of some dermanyssoid mites (Acari, Mesostigmata, Dermanyssoidea)}},
publisher = {Parasite 12:},
pages = {99--109},
year = {2005}
}
@book{Valiente2007,
author = {C.~{Valiente-Moro, C.~Chauve, and L.~Zenner}},
title = {{Experimental infection of textitSalmonella Enteritidis by the poultry red mite, textitDermanyssus gallinae}},
publisher = {Veterinary Parasitology 31:},
pages = {329--336},
year = {2007}
}
@book{Valiente2009,
author = {C.~{Valiente-Moro, J.~Thioulouse, C.~Chauve, P.~Normand, and L.~Zenner}},
title = {{Bacterial taxa associated with the hematophagous mite, textitDermanyssus gallinae detected by 16s rDNA PCR amplification and TTGE fingerprint}},
publisher = {Research in Microbiology 160:},
pages = {63--70},
year = {2009}
}






