@Article{vehtari2016,
  author = {Aki Vehtari and Andrew Gelman and Jonah Gabry},
  title = {Practical Bayesian Model Evaluation Using Leave-One-Out Cross-Validation and WAIC},
  journal = {Statistics and Computing},
  year = {2016},
  pages = {1--20},
  publisher = {Springer-Verlag},
}

@Book{fahrmeir2013,
  title = {Regression: Models, Methods and Applications},
  publisher = {Springer-Verlag},
  year = {2013},
  author = {Ludwig Fahrmeir and Thomas Kneib and Stefan Lang and Brian Marx},
}

@Manual{gamlss.data,
  title = {Gamlss.data: GAMLSS Data},
  author = {Mikis Stasinopoulos and Bob Rigby},
  year = {2016},
  note = {R package version 5.0-0},
  url = {https://CRAN.R-project.org/package=gamlss.data},
}

@Article{wood2013,
  author = {Simon N Wood and Fabian Scheipl and Julian J Faraway},
  title = {Straightforward Intermediate Rank Tensor Product Smoothing in Mixed Models},
  journal = {Statistics and Computing},
  year = {2013},
  pages = {1--20},
  publisher = {Springer-Verlag},
}

@Manual{mcelreath2017,
  title = {Rethinking: Statistical Rethinking Course and Book Package},
  author = {Richard McElreath},
  year = {2017},
  note = {R package version 1.59},
  url = {https://github.com/rmcelreath/rethinking},
}

@Article{wagenmakers2010,
  author = {Eric-Jan Wagenmakers and Tom Lodewyckx and Himanshu Kuriyal and Raoul Grasman},
  title = {Bayesian Hypothesis Testing for Psychologists: A Tutorial on the Savage--Dickey Method},
  journal = {Cognitive psychology},
  year = {2010},
  volume = {60},
  number = {3},
  pages = {158--189},
  publisher = {Elsevier},
}

@Manual{bridgesampling2017,
  title = {Bridgesampling: Bridge Sampling for Marginal Likelihoods and Bayes Factors},
  author = {Quentin F. Gronau and Henrik Singmann},
  year = {2017},
  note = {R package version 0.4-0},
  url = {https://CRAN.R-project.org/package=bridgesampling},
}

@Book{brown2015,
  title = {Applied Mixed Models in Medicine},
  publisher = {John Wiley \& Sons},
  year = {2015},
  author = {Helen Brown and Robin Prescott},
}

@Book{demidenko2013,
  title = {Mixed Models: Theory and Applications with R},
  publisher = {John Wiley \& Sons},
  year = {2013},
  author = {Eugene Demidenko},
}

@Book{gelmanMLM2006,
  title = {Data Analysis Using Regression and Multilevel/Hierarchical Models},
  publisher = {Cambridge University Press},
  year = {2006},
  author = {Andrew Gelman and Jennifer Hill},
}

@Book{pinheiro2006,
  title = {Mixed-Effects Models in S and S-PLUS},
  publisher = {Springer-Verlag},
  year = {2006},
  author = {Jose Pinheiro and Douglas Bates},
}

@Article{rigby2005,
  author = {Robert A Rigby and D Mikis Stasinopoulos},
  title = {Generalized Additive Models for Location, Scale and Shape},
  journal = {Journal of the Royal Statistical Society C},
  year = {2005},
  volume = {54},
  number = {3},
  pages = {507--554},
  publisher = {John Wiley \& Sons},
}

@Article{lindstrom1990,
  author = {Mary J Lindstrom and Douglas M Bates},
  title = {Nonlinear Mixed Effects Models for Repeated Measures Data},
  journal = {Biometrics},
  year = {1990},
  pages = {673--687},
  publisher = {JSTOR},
}

@Article{wood2004,
  author = {Simon N Wood},
  title = {Stable and Efficient Multiple Smoothing Parameter Estimation for Generalized Additive Models},
  journal = {Journal of the American Statistical Association},
  year = {2004},
  volume = {99},
  number = {467},
  pages = {673--686},
  publisher = {Taylor \& Francis},
}

@Book{rasmussen2006,
  title = {Gaussian Processes for Machine Learning},
  publisher = {Massachusetts Institute of Technology},
  year = {2006},
  author = {Carl Edward Rasmussen and C. K. I. Williams},
}

@Book{hastie1990,
  title = {Generalized Additive Models},
  publisher = {CRC Press},
  year = {1990},
  author = {Trevor J Hastie and Robert J Tibshirani},
  volume = {43},
}

@Book{gelman2014,
  title = {Bayesian Data Analysis},
  publisher = {Taylor \& Francis},
  year = {2014},
  author = {Andrew Gelman and John B Carlin and Hal S Stern and Donald B Rubin},
  volume = {2},
}

@Manual{stanM2017,
  title = {Stan Modeling Language: User's Guide and Reference Manual},
  author = {{Stan Development Team}},
  year = {2017},
  url = {http://mc-stan.org/manual.html},
}

@Article{carpenter2017,
  author = {B. Carpenter and A. Gelman and M. Hoffman and D. Lee and B. Goodrich and M. Betancourt and M. A. Brubaker and J. Guo and P. Li and A. Ridell},
  title = {Stan: A Probabilistic Programming Language},
  journal = {Journal of Statistical Software},
  year = {2017},
}

@Article{duane1987,
  author = {Simon Duane and Anthony D Kennedy and Brian J Pendleton and Duncan Roweth},
  title = {Hybrid Monte Carlo},
  journal = {Physics Letters B},
  year = {1987},
  volume = {195},
  pages = {216--222},
  number = {2},
  publisher = {Elsevier},
}

@InBook{neal2011,
  chapter = {MCMC Using Hamiltonian Dynamics},
  title = {Handbook of Markov Chain Monte Carlo},
  publisher = {CRC Press},
  year = {2011},
  author = {Radford M Neal},
  volume = {2},
}

@Article{betancourt2014,
  author = {MJ Betancourt and Simon Byrne and Samuel Livingstone and Mark Girolami},
  title = {The Geometric Foundations of Hamiltonian Monte Carlo},
  journal = {arXiv preprint arXiv:1410.5110},
  year = {2014},
}

@Article{hoffman2014,
  author = {Matthew D Hoffman and Andrew Gelman},
  title = {The No-U-Turn Sampler: Adaptively Setting Path Lengths in Hamiltonian Monte Carlo},
  journal = {The Journal of Machine Learning Research},
  year = {2014},
  volume = {15},
  pages = {1593--1623},
  number = {1},
  publisher = {JMLR. org},
}

@Article{betancourt2017,
  author = {Michael Betancourt},
  title = {A Conceptual Introduction to Hamiltonian Monte Carlo},
  journal = {arXiv preprint},
  year = {2017},
  url = {https://arxiv.org/pdf/1701.02434.pdf},
}

@Article{bates2015,
  author = {Douglas Bates and Martin Mächler and Ben Bolker and Steve Walker},
  title = {Fitting Linear Mixed-Effects Models Using \pkg{lme4}},
  journal = {Journal of Statistical Software},
  year = {2015},
  volume = {67},
  pages = {1--48},
  number = {1},
}

@Article{hadfield2010,
  author = {Jarrod D Hadfield},
  title = {MCMC Methods for Multi-Response Generalized Linear Mixed Models: The \pkg{MCMCglmm} {R} Package},
  journal = {Journal of Statistical Software},
  year = {2010},
  volume = {33},
  number = {2},
  pages = {1--22},
}

@Manual{rstanarm2017,
  title = {Rstanarm: {Bayesian} Applied Regression Modeling via {Stan}.},
  author = {{Stan Development Team}},
  year = {2017},
  note = {R package version 2.17.2},
  url = {http://mc-stan.org/},
}

@Manual{afex2015,
  title = {\pkg{afex}: Analysis of Factorial Experiments},
  author = {Henrik Singmann and Ben Bolker and Jake Westfall},
  year = {2015},
  note = {R package version 0.15-2},
  url = {https://CRAN.R-project.org/package=afex},
}

@Article{buerkner2017,
  author = {Paul-Christian Bürkner},
  title = {\pkg{brms}: An {R} Package for Bayesian Multilevel Models Using Stan},
  journal = {Journal of Statistical Software},
  year = {2017},
  encoding = {UTF-8},
}

@Article{wood2011,
  author = {Simon N Wood},
  title = {Fast Stable Restricted Maximum Likelihood and Marginal Likelihood Estimation of Semiparametric Generalized Linear Models},
  journal = {Journal of the Royal Statistical Society B},
  year = {2011},
  volume = {73},
  number = {1},
  pages = {3--36},
  publisher = {John Wiley \& Sons},
}

@InProceedings{williams1996,
  author = {Christopher KI Williams and Carl Edward Rasmussen},
  title = {Gaussian Processes for Regression},
  booktitle = {Advances in Neural Information Processing Systems},
  year = {1996},
  pages = {514--520},
}

@Manual{nlme2016,
  title = {\pkg{nlme}: Linear and Nonlinear Mixed Effects Models},
  author = {Jose Pinheiro and Douglas Bates and Saikat DebRoy and Deepayan Sarkar and {R Core Team}},
  year = {2016},
  note = {R package version 3.1-124},
  url = {http://CRAN.R-project.org/package=nlme},
}

@Article{westfall2016,
  author = {Jacob Westfall and Tal Yarkoni},
  title = {Statistically Controlling for Confounding Constructs Is Harder than You Think},
  journal = {PloS one},
  year = {2016},
  volume = {11},
  number = {3},
  pages = {e0152719},
  publisher = {Public Library of Science},
}

@Manual{loo2016,
  title = {\pkg{loo}: {E}fficient Leave-One-Out Cross-Validation and {WAIC} for {B}ayesian Models.},
  author = {Aki Vehtari and Andrew Gelman and Jonah Gabry},
  year = {2016},
  note = {R package version 1.0.0},
  url = {https://github.com/stan-dev/loo},
}

@Manual{stan2017,
  title = {Stan: A C++ Library for Probability and Sampling, Version 2.17.0},
  author = {{Stan Development Team}},
  year = {2017},
  url = {http://mc-stan.org/},
}
