@book{Akaike:1973,
author = {H.~{Akaike}},
title = {{Information theory and an extension of the maximum likelihood principle}},
publisher = {In Petrov BN and Csaki BF editors Second internationalsymposium on information theory pages  Academiai Kiado Budapest},
pages = {267--281},
year = {1973}
}
@book{Almeida:2010,
author = {C.~{Almeida, C.~Baugh, C.~Lacey, C.~Frenk, G.~Granato, L.~Silva, and A.~Bressan}},
title = {{Modelling the dsty universe i: Introducing the artificial neural network and first applications to luminosity and colour distributions}},
publisher = {Monthly Notices of the Royal Astronomical Society,402:},
pages = {544--564},
year = {2010}
}
@book{Anastasiadis:2005,
author = {A.~{Anastasiadis, G.~Magoulas, and M.~Vrahatis}},
title = {{New globally convergent training scheme based on the resilient propagation algorithm}},
publisher = {Neurocomputing 64:},
pages = {253--270},
year = {2005}
}
@book{Bishop:1995,
author = {C.~{Bishop}},
title = {{Neural networks for pattern recognition}},
publisher = {Oxford University Press New York},
year = {1995}
}
@book{neuralnet,
author = {S.~{Fritsch and F.~G\"unther}},
title = {{neuralnet: Training of Neural Networks}},
publisher = {R Foundation for Statistical Computing  R package version 1.2},
year = {2008}
}
@book{Guenther:2009,
author = {F.~{G\"unther, N.~Wawro, and K.~Bammann}},
title = {{Neural networks for modeling gene-gene interactions in association studies}},
publisher = {BMC Genetics 10: 87},
year = {2009},
url = {http://www.biomedcentral.com/1471-2156/10/87}
}
@book{Hornik:1989,
author = {K.~{Hornik, M.~Stichcombe, and H.~White}},
title = {{Multilayer feedforward networks are universal approximators}},
publisher = {Neural Networks 2:},
pages = {359--366},
year = {1989}
}
@book{Intrator:2001,
author = {O.~{Intrator and N.~Intrator}},
title = {{Interpreting neural-network results: a simulation study}},
publisher = {Computational Statistics & Data Analysis 37:},
pages = {373--393},
year = {2001}
}
@book{Kumar:2006,
author = {A.~{Kumar and D.~Zhang}},
title = {{Personal recognition using hand shape and texture}},
publisher = {IEEE Transactions on Image Processing 15:},
pages = {2454--2461},
year = {2006}
}
@book{AMORE,
author = {M.~C. {Limas, E.~P. V.~G. Joaquín B. Ordieres~Meré, F.~J.~M. de~Pisón~Ascacibar, A.~V.~P. Espinoza, and F.~A. Elías}},
title = {{AMORE: A MORE Flexible Neural Network Package, }},
publisher = {R package version 0.2-11},
year = {2007},
url = {http://wiki.r-project.org/rwiki/doku.php?id=packages:cran:amore}
}
@book{Mccullagh:1983,
author = {P.~{McCullagh and J.~Nelder}},
title = {{Generalized Linear Models}},
publisher = {Chapman and Hall London},
year = {1983}
}
@book{Riedmiller:1994,
author = {M.~{Riedmiller}},
title = {{Advanced supervised learning in multi-layer perceptrons - from backpropagation to adaptive learning algorithms}},
publisher = {International Journal of Computer Standards and Interfaces,16:},
pages = {265--278},
year = {1994}
}
@book{Riedmiller:1993,
author = {M.~{Riedmiller and H.~Braun}},
title = {{A direct method for faster backpropagation learning: the rprop algorithm}},
publisher = {Proceedings of the IEEE International Conference on NeuralNetworks (ICNN) 1:},
pages = {586--591},
year = {1993}
}
@book{Rocha:2003,
author = {M.~{Rocha, P.~Cortez, and J.~Neves}},
title = {{Evolutionary neural network learning}},
publisher = {Lecture Notes in Computer Science 2902:},
pages = {24--28},
year = {2003}
}
@book{Rojas:1996,
author = {R.~{Rojas}},
title = {{Neural Networks}},
publisher = {Springer-Verlag Berlin},
year = {1996}
}
@book{Schiffmann:1994,
author = {W.~{Schiffmann, M.~Joost, and R.~Werner}},
title = {{Optimization of the backpropagation algorithm for training multilayer perceptrons}},
publisher = {Technical report University of Koblenz Insitute of Physics},
year = {1994}
}
@book{Schwarz:1978,
author = {G.~{Schwarz}},
title = {{Estimating the dimension of a model}},
publisher = {Ann Stat 6:},
pages = {461--464},
year = {1978}
}
@book{Trichopoulos:1976,
author = {D.~{Trichopoulos, N.~Handanos, J.~Danezis, A.~Kalandidi, and V.~Kalapothaki}},
title = {{Induced abortion and secondary infertility}},
publisher = {British Journal of Obstetrics and Gynaecology 83:},
pages = {645--650},
year = {1976}
}
@book{Venables:2002,
author = {W.~{Venables and B.~Ripley}},
title = {{Modern Applied Statistics with S}},
publisher = {Springer New York fourth edition},
year = {2002},
url = {http://www.stats.ox.ac.uk/pub/MASS4},
isbn = {0-387-95457-0}
}
@book{White:1989,
author = {H.~{White}},
title = {{Learning in artificial neural networks: a statistical perspective}},
publisher = {Neural Computation 1:},
pages = {425--464},
year = {1989}
}


