

@article{bible16,
  title={Cluster Adjusted Regression for Displaced Subject Data (CARDS): Marginal Inference Under Potentially Informative Temporal Cluster Size Profiles},
  author={Bible, Joe and Beck, James D and Datta, Somnath},
  journal={Biometrics},
  volume={72},
  number={2},
  pages={441--451},
  year={2016},
  publisher={Wiley Online Library},
 url = {https://doi.org/10.1111/biom.12456},
}

@Manual{carey19,
    title = {gee: Generalized Estimation Equation Solver},
    author = {Carey, Vincent J and Lumley, Thomas and Ripley, Brian},
    year = {2019},
    note = {R package version 4.13-20},
    url = {https://CRAN.R-project.org/package=gee},
  }

@article{chaurasia18,
  title={Pattern-Mixture Models With Incomplete Informative Cluster Size: Application to a Repeated Pregnancy Study},
  author={Chaurasia, Ashok and Liu, Danping and Albert, Paul S},
  journal={Journal of the Royal Statistical Society C},
  volume={67},
  number={1},
  pages={255},
  year={2018},
  publisher={NIH Public Access},
  url = {https://doi.org/10.1111/rssc.12226},
}


@article{datta05,
  title={Rank-Sum Tests for Clustered Data},
  author={Datta, Somnath and Satten, Glen A},
  journal={Journal of the American Statistical Association},
  volume={100},
  number={471},
  pages={908--915},
  year={2005},
  publisher={Taylor \& Francis}, 
  url = {https://doi.org/10.1198/016214504000001583},
}

@article{datta08,
  title={A Signed-Rank Test for Clustered Data},
  author={Datta, Somnath and Satten, Glen A},
  journal={Biometrics},
  volume={64},
  number={2},
  pages={501--507},
  year={2008},
  publisher={Wiley Online Library}, 
  url={https://doi.org/10.1111/j.1541-0420.2007.00923.x},
}

@article{datta12,
  title={A General Class of Signed-Rank Tests for Clustered Data When the Cluster Size is Potentially Informative},
  author={Datta, Somnath and Nevalainen, Jaakko and Oja, Hannu},
  journal={Journal of Nonparametric Statistics},
  volume={24},
  number={3},
  pages={797--808},
  year={2012},
  publisher={Taylor \& Francis}, 
  url={https://doi.org/10.1080/10485252.2012.672647},
}

@article{dutta16,
  title={A Rank-Sum Test for Clustered Data When the Number of Subjects in a Group Within a Cluster is Informative},
  author={Dutta, Sandipan and Datta, Somnath},
  journal={Biometrics},
  volume={72},
  number={2},
  pages={432--440},
  year={2016},
  publisher={Wiley Online Library}, 
  url={https://doi.org/10.1111/biom.12447}
}

@Manual{dutta16b,
    title = {\pkg{ClusterRankTest}: Rank Tests for Clustered Data},
    author = {Sandipan Dutta and Somnath Datta},
    year = {2016},
    note = {R package version 1.0},
    url = {https://CRAN.R-project.org/package=ClusterRankTest},
  }

@article{gregg18,
  title={A Log Rank Test for Clustered Data With Informative Within-Cluster Group Size},
  author={Gregg, Mary E and Datta, Somnath and Lorenz, Doug},
  journal={Statistics in Medicine},
  volume={37},
  number={27},
  pages={4071--4082},
  year={2018},
  publisher={Wiley Online Library}, 
  url={https://doi.org/10.18297/etd/2434},
}

@article{gregg20,
  title={Variance Estimation in Tests of Clustered Categorical Data With Informative Cluster Size},
  author={Gregg, Mary and Datta, Somnath and Lorenz, Doug},
  journal={Statistical Methods in Medical Research},
  volume={29},
  number={11},
  pages={3396--3408},
  year={2020},
  publisher={SAGE Publications Sage UK: London, England}, 
  url={https://doi.org/10.1177/0962280220928572},
}

@phdthesis{greggdis20,
  title={Marginal Methods and Software for Clustered Data With Cluster- and Group-Size Informativeness},
  author={Gregg, Mary},
  year={2020},
  school={UL (University of Louisville)}
}

@Manual{htestClust,
    title = {htestClust: Reweighted Marginal Hypothesis Tests for Clustered Data},
    author = {Mary Gregg and Somnath Datta and Doug Lorenz},
    year = {2020},
    note = {R package version 0.2.0},
    url = {https://CRAN.R-project.org/package=htestClust},
  }

@article{halekoh06,
  title={The R Package \pkg{geepack} for Generalized Estimating Equations},
  author={Halekoh, Ulrich and H{\o}jsgaard, S{\o}ren and Yan, Jun and others},
  journal={Journal of Statistical Software},
  volume={15},
  number={2},
  pages={1--11},
  year={2006}
}


@article{hoffman01,
  title={Within-Cluster Resampling},
  author={Hoffman, Elaine B and Sen, Pranab K and Weinberg, Clarice R},
  journal={Biometrika},
  volume={88},
  number={4},
  pages={1121--1134},
  year={2001},
  publisher={Oxford University Press}, 
  url={https://doi.org/10.1093/biomet/88.4.1121},
}

@article{huang11,
  title={Informative Cluster Sizes for Subcluster-Level Covariates and Weighted Generalized Estimating Equations},
  author={Huang, Ying and Leroux, Brian},
  journal={Biometrics},
  volume={67},
  number={3},
  pages={843--851},
  year={2011},
  publisher={Wiley Online Library},
  url={https://doi.org/10.1111/j.1541-0420.2010.01542.x},
}


@article{iosif14,
  title={A Model for Repeated Clustered Data With Informative Cluster Sizes},
  author={Iosif, Ana-Maria and Sampson, Allan R},
  journal={Statistics in Medicine},
  volume={33},
  number={5},
  pages={738--759},
  year={2014},
  publisher={Wiley Online Library},
  url={https://doi.org/10.1002/sim.5988}
}

@Manual{jiang18,
    title = {clusrank: Wilcoxon Rank Sum Test for Clustered Data},
    author = {Yujing Jiang},
    year = {2018},
    note = {R package version 0.6-2},
    url = {https://CRAN.R-project.org/package=clusrank},
  }


@article{lorenz11,
  title={Marginal Association Measures for Clustered Data},
  author={Lorenz, Douglas J and Datta, Somnath and Harkema, Susan J},
  journal={Statistics in Medicine},
  volume={30},
  number={27},
  pages={3181--3191},
  year={2011},
  publisher={Wiley Online Library}, 
  url={https://doi.org/10.1002/sim.4368},
}

@article{lorenz18,
  title={Inferring Marginal Association With Paired and Unpaired Clustered Data},
  author={Lorenz, Douglas J and Levy, Steven and Datta, Somnath},
  journal={Statistical Methods in Medical Research},
  volume={27},
  number={6},
  pages={1806--1817},
  year={2018},
  publisher={SAGE Publications Sage UK: London, England}, 
  url={https://doi.org/10.1177/0962280216669184}
}

@article{mitani19,
  title={Marginal Analysis of Ordinal Clustered Longitudinal Data With Informative Cluster Size},
  author={Mitani, Aya A and Kaye, Elizabeth K and Nelson, Kerrie P},
  journal={Biometrics},
  volume={75},
  number={3},
  pages={938--949},
  year={2019},
  publisher={Wiley Online Library}, 
  url={https://doi.org/10.1111/biom.13050},
}

@article{mitani20,
  title={Marginal Analysis of Multiple Outcomes With Informative Cluster Size},
  author={Mitani, AA and Kaye, EK and Nelson, KP},
  journal={Biometrics},
  year={2020},
  publisher={Wiley Online Library}, 
  url={https://doi.org/10.1111/biom.13241},
}

@article{neuhaus11,
  title={Estimation of Covariate Effects in Generalized Linear Mixed Models With Informative Cluster Sizes},
  author={Neuhaus, John M and McCulloch, Charles E},
  journal={Biometrika},
  volume={98},
  number={1},
  pages={147--162},
  year={2011},
  publisher={Oxford University Press}, 
  url={https://doi.org/10.1093/biomet/asq066},
}

@article{nevalainen17,
  title={Tests for Informative Cluster Size Using a Novel Balanced Bootstrap Scheme},
  author={Nevalainen, Jaakko and Oja, Hannu and Datta, Somnath},
  journal={Statistics in Medicine},
  volume={36},
  number={16},
  pages={2630--2640},
  year={2017},
  publisher={Wiley Online Library}, 
  url={https://doi.org/10.1002/sim.7288},
}

@phdthesis{pavlou12,
  title={Analysis of Clustered Data When the Cluster Size is Informative},
  author={Pavlou, Menelaos},
  year={2012},
  school={UCL (University College London)}
}

@article{wang11,
  title={Inference for Marginal Linear Models for Clustered Longitudinal Data With Potentially Informative Cluster Sizes},
  author={Wang, Ming and Kong, Maiying and Datta, Somnath},
  journal={Statistical Methods in Medical Research},
  volume={20},
  number={4},
  pages={347--367},
  year={2011},
  publisher={SAGE Publications Sage UK: London, England}, 
  url={https://doi.org/10.1177/0962280209347043},
}

@article{williamson03,
  title={Marginal Analyses of Clustered Data When Cluster Size is Informative},
  author={Williamson, John M and Datta, Somnath and Satten, Glen A},
  journal={Biometrics},
  volume={59},
  number={1},
  pages={36--42},
  year={2003},
  publisher={Wiley Online Library}, 
  url={https://doi.org/10.1111/1541-0420.00005}
}

