@article{ZZ13,
 author = {Zhu, Xiaolu and Zhu, Zhongyi},
 title = {Comparison of Criteria to Select Working Correlation Matrix in Generalized Estimating Equations},
 year = {2013},
 journal = {Chinese Journal of applied probability and statistics},
 volume = {5},
 pages = {515-30}
}

@article{LZ86,
 author = {Liang, K.Y. and Zeger, S.L.},
 title = {Longitudinal Data Analysis Using Generalized Linear Models},
 year = {1986},
 journal = {Biometrika},
 volume = {73},
 pages = {13--22},
}

@article{Yan02,
 author = {Jun Yan},
 title = {geepack: Yet Another Package for Generalized Estimating Equations},
 year = {2002},
 journal = {R-News},
 volume = {2/3},
 pages = {12--14}
}

@manual{C22,
 author = {Carey, V.J.},
 title = {gee: Generalized Estimation Equation Solver},
 year = {2022},
 note = {R package version 4.13-23},
 url = {https://CRAN.R-project.org/package=gee}
}
 
@article{MNHR13,
 author = {L.S. McDaniel and N.C. Henderson and P.J. Rathouz},
 title = {Fast pure {R} implementation of {GEE}: application of the {M}atrix package},
 journal = {The {R} Journal},
  volume = {5},
 issue = {1},
 pages = {181--187},
 url = {https://journal.r-project.org/archive/2013-1/mcdaniel-henderson-rathouz.pdf},
 year = {2013},
}

@Manual{MRCTR22,
 author = {Martin Maechler and Peter Rousseeuw and Christophe Croux and Valentin Todorov and Andreas Ruckstuhl and Matias Salibian-Barrera and Tobias Verbeke and Manuel Koller and Eduardo L. T. Conceicao and Maria {Anna di Palma}},
 title = {robustbase: Basic Robust Statistics},
 year = {2022},
 note = {R package version 0.95-0},
 }
 
@article{LLH90,
 author = {Lipsitz, S.R. and Laird, N.M. and Harrington, D.P.},
 title = {Using the jackknife to estimate the variance of regression estimators from repeated measures studies},
  journal = {Communications in Statistics - Theory and Methods},
 volume = {19},
 number = {3},
 pages = {821-845},
 year = {1990},
 publisher = {Taylor \& Francis},
 }

@article{HW09,
 author = {Hin, L.-Y. and Wang, Y.-G.},
 title = {Working-correlation-structure identification in generalized estimating equations},
 journal = {Statistics in Medicine},
 volume = {28},
 number = {4},
 year = {2009},
 pages = {642-658},
}

@article{GHY11,
 author = {Masahiko Gosho and Chikuma Hamada and Isao Yoshimura},
 title = {Criterion for the Selection of a Working Correlation Structure in the Generalized Estimating Equation Approach for Longitudinal Balanced Data},
 journal = {Communications in Statistics - Theory and Methods},
 volume = {40},
 number = {21},
 pages = {3839-3856},
 year = {2011},
 publisher = {Taylor \& Francis},
}

@article{G14,
 author={Masahiko Gosho},
 title={Criteria to Select a Working Correlation Structure in SAS},
 volume={57},
 number={1},
 journal={Journal of Statistical Software, Code Snippets},
 year={2014},
 pages={1-10},
 url={https://www.jstatsoft.org/index.php/jss/article/view/v057c01},
 doi={10.18637/jss.v057.c01},
 }

@article{D01,
 author={Mancl, L.A. and DeRouen, T.A.},
 title={A covariance estimator for GEE with improved small-sample properties},
 volume={57},
 doi={doi: 10.1111/j.0006-341x.2001.00126.x.},
 number={1},
 journal={Biometrics},
 year={2001},
 pages={126-134}
}

@article{P01,
 author={Wei  Pan},
 journal={Biometrics},
volume= 57,
title={Akaike's Information Criterion in Generalized Estimating Equations},
 url={ http://www.jstor.org/stable/2676849},
 number= 1,
 year= 2001,
 pages={120--125},
}


@article{PA19,
 author={Pardo, Mar\'{i}a Carmen and Alonso, Rosa},
 title={Working correlation structure selection in GEE analysis},
 volume={60},
 url={https://doi.org/10.1007/s00362-017-0881-0},
 number={5},
 journal={Statistical Papers},
 year={2019},
 pages={1447–1467}
}



@article{HCW07,
    author = {L.Y. Hin and V.J. Carey and Y.-G. Wang},
    title = {Criteria for Working-Correlation-Structure Selection in GEE: Assessment via Simulation},
    volume = {61},
   url = {http://www.jstor.org/stable/27643940},
    number = {4},
    journal = {The American Statistician},
    year = {2007},
    pages = {360-364}
}

@article{CW11,
 author = {V.J. Carey and Y.-G. Wang},
 title = {Working covariance model selection for generalized estimating equations},
 journal = {Statistics in Medicine},
 volume = {30},
 number = {26},
 pages = {3117-3124},
 url = {https://onlinelibrary.wiley.com/doi/abs/10.1002/sim.4300},
 year = {2011}
}

@article{FHW18,
   author = {L. Fu and Y. Hao and Y.-G. Wang},
     title = {Working correlation structure selection in generalized estimating equations},
    year = {2018},
    journal = {Computational Statistics},
    volume = {33},
    pages = {983-96},
  }

@article{RJ90,
 author = {Rotnitzky, A. and Jewell, N.P.},
 journal = {Biometrika},
 number = {3},
 pages = {485--497},
  title = {Hypothesis Testing of Regression Parameters in Semiparametric Generalized Linear Models for Cluster Correlated Data},
 volume = {77},
 URL = {http://www.jstor.org/stable/2336986},
  year = {1990}
}

@article{B92,
 author = {Boos, D.D.},
 journal = { The American Statistician },
 number = {4},
 pages = {327-33},
 title = { On Generalized Score Tests },
 volume = {46},
 year = {1992},
}

@article{PQ96,
 author = {J.S. Preisser and B.F. Qaqish},
 journal = {Biometrika},
 number = {3},
 pages = {551--562},
 title = {Deletion Diagnostics for Generalised Estimating Equations},
 volume = {83},
 year = {1996}
}

@article{HP06,
author = {B.G. Hammill and J.S. Preisser},
 title = {A SAS/IML software program for GEE and regression diagnostics},
 journal = {Computational Statistics \& Data Analysis},
 volume = {51},
 number = {2},
 pages = {1197-1212},
 year = {2006},
}

@article{C86,
 author = {R.D. Cook},
 journal = {Journal of the Royal Statistical Society. Series B (Methodological)},
 number = {2},
 pages = {133--169},
 title = {Assessment of Local Influence},
 volume = {48},
 year = {1986}
}

@article{J08,
 author = {K.-M. Jung},
 journal = {Scandinavian Journal of Statistics},
 number = {2},
 pages = {286--294},
 title = {Local Influence in Generalized Estimating Equations},
 volume = {35},
 year = {2008}
}

@book{JWHT13,
  author = {James, G. and Witten, D. and Hastie, T. and Tibshirani, R.},
  publisher = {Springer},
  title = {An Introduction to Statistical Learning: with Applications in R },
  year = {2013}
}


@book{DDHLZ02,
  author={Diggle, Peter and Diggle, Peter J and Heagerty, Patrick and Liang, Kung-Yee and Zeger, Scott and others},
    title={Analysis of longitudinal data},
  year={2002},
  publisher={Oxford university press}
}

@article{GKES96,
  author={Gregoire, AJP and Kumar, Ramesh and Everitt, B and Studd, JWW},
    title={Transdermal oestrogen for treatment of severe postnatal depression},
  journal={The Lancet},
  volume={347},
  number={9006},
  pages={930--933},
  year={1996},
  publisher={Elsevier}
}

@article{W74,
    author = {Wedderburn, R.W.M.},
    title = {Quasi-likelihood functions, generalized linear models, and the Gauss—Newton method},
    journal = {Biometrika},
    volume = {61},
    number = {3},
    pages = {439-447},
    year = {1974},
}

@article{L88,
    author = {Laird, N.M.},
    title = {Missing data in longitudinal studies},
    journal = {Statistics in medicine},
    volume = {7},
    number = {1-2},
    pages = {305-315},
    year = {1988},
}

@inbook{LF08,
 author = {S. Lipsitz and G. Fitzmaurice},
 title = {Generalized estimating equations for longitudinal data analysis},
 chapter = {chapter3},
 booktitle = {Longitudinal Data Analysis},
 publisher = {CRC Press},
 year = {2008},
 }
 
@book{MN89,
  title = {Generalized Linear Models, Second Edition},
  author = {McCullagh, P. and Nelder, J.A.},
  publisher = {Chapman \& Hall},
  series = {Chapman and Hall/CRC Monographs on Statistics and Applied Probability Series},
  url = {http://books.google.com/books?id=h9kFH2\_FfBkC},
  year = {1989},
}

@article{XZF19,
author = {Xu, Jianwen and Zhang, Jiamao and Fu, Liya},
title = {Variable selection in generalized estimating equations via empirical likelihood and Gaussian pseudo-likelihood},
journal = {Communications in Statistics - Simulation and Computation},
volume = {48},
number = {4},
pages = {1239-1250},
year  = {2019},
}

@article{HHY05, 
author = {Højsgaard, Søren and Halekoh, Ulrich and Yan, Jun},
title = {The \textsf{R} Package geepack for Generalized Estimating Equations},
journal = {Journal of Statistical Software},
volume = {15},
number = {2},
pages = {1-11},
year  = {2005},
}

@article{PLR02, 
author = {Preisser, J.S. and Lohman, K.K. and Rathouz ,P.J.},
title = {Performance of Weighted Estimating Equations for Longitudinal Binary Data with Drop-Outs Missing at Random},
journal = {Statistics in Medicine},
volume = {21},
pages = {3035-3054},
year  = {2002},
}

@article{RRZ95, 
author = {Robins, J.M. and Rotnitzky, A. and Zhao, L.P.},
title = {Analysis of Semiparametric Regression Models for Repeated Outcomes in the Presence of Missing Data},
journal = {Journal of the American Statistical Association},
volume = {90},
pages = {122-129},
year  = {1995},
}

@book{FLW11,
  title = {Applied Longitudinal Analysis. 2nd ed.},
  author = {Fitzmaurice, G.M. and Laird, N.M. and Ware, J.H.},
  publisher = {John Wiley \& Sons},
  year = {2011},
}

@article{MFBC88, 
author = {Machin, D. and Farley, T.M. and Busca, B. and Campbell, M.J. and d'Arcangues, C.},
title = {Assessing changes in vaginal bleeding patterns in contracepting women},
journal = {Contraception},
volume = {38},
pages = {165-179},
year  = {1988},
}

@article{Z10,
    title = {Extended Model Formulas in {R}: Multiple Parts and Multiple Responses},
    author = {Zeileis, A. and Croissant, Y.},
    journal = {Journal of Statistical Software},
    year = {2010},
    volume = {34},
    number = {1},
    pages = {1--13},
    doi = {10.18637/jss.v034.i01},
  }

@book{PB00,
  title={Mixed-Effects Models in S and S-PLUS},
  author={Pinheiro, J. and Bates, D.},
  isbn={9780387989570},
  lccn={99053566},
  series={Statistics and Computing},
  url={https://books.google.com.co/books?id=N3WeyHFbHLQC},
  year={2000},
  publisher={Springer New York}
}

@book{DG95,
  title={Nonlinear models for repeated measurement data},
  author={Davidian, Marie and Giltinan, David M},
  volume={62},
  year={1995},
  publisher={CRC press}
}

 @Manual{PB22,
    title = {nlme: Linear and Nonlinear Mixed Effects Models},
    author = {Pinheiro, J. and Bates, D. and {R Core Team}},
    year = {2022},
    note = {R package version 3.1-160},
    url = {https://CRAN.R-project.org/package=nlme},
  }