@article{Hayden:2014jv,
author = {Hayden, Erika Check},
title = {{Technology: The \$1,000 genome.}},
journal = {Nature},
year = {2014},
volume = {507},
number = {7492},
pages = {294--295},
month = mar
}

@article{Deorowicz:2013go,
author = {Deorowicz, Sebastian and Grabowski, Szymon},
title = {{Data compression for sequencing data}},
journal = {Algorithms for Molecular Biology},
year = {2013},
volume = {8},
number = {1},
pages = {1--13}
}

@article{Schloss:2011kq,
author = {Schloss, Patrick D and Gevers, Dirk and Westcott, Sarah L},
title = {{Reducing the Effects of PCR Amplification and Sequencing Artifacts on 16S rRNA-Based Studies}},
journal = {PloS one},
year = {2011},
volume = {6},
number = {12},
pages = {e27310},
month = dec
}

@article{Altschul:1997tl,
author = {Altschul, S F and Madden, T L and Sch{\"a}ffer, A A and Zhang, J and Zhang, Z and Miller, W and Lipman, D J},
title = {{Gapped BLAST and PSI-BLAST: a new generation of protein database search programs}},
journal = {Nucleic Acids Research},
year = {1997},
volume = {25},
number = {17},
pages = {3389--3402}
}

@manual{BiostringsStringo:rka_BY-6,
author = {Pag\`{e}s, H and Aboyoun, P and Gentleman, R and DebRoy, S},
note = {R package version 2.38.0},
title = {{Biostrings: String objects representing biological sequences, and matching algorithms}}
}

@article{Wright:2014iu,
author = {Wright, Erik S and Yilmaz, L Safak and Corcoran, Andrew M and Okten, Hatice E and Noguera, Daniel R},
title = {Automated Design of Probes for r{RNA}-Targeted Fluorescence In Situ Hybridization Reveals the Advantages of Using Dual Probes for Accurate Identification},
journal = {Applied and environmental microbiology},
year = {2014},
volume = {80},
number = {16},
pages = {5124--5133},
month = jul
}

@article{Wright:2014vk,
author = {Wright, Erik S and Yilmaz, L Safak and Ram, Sri and Gasser, Jeremy M and Harrington, Gregory W and Noguera, Daniel R},
title = {{Exploiting extension bias in polymerase chain reaction to improve primer specificity in ensembles of nearly identical DNA templates}},
journal = {Environmental Microbiology},
year = {2014},
volume = {16},
number = {5},
pages = {1354--1365},
month = may
}

@article{Wright:2015bi,
author = {Wright, Erik S},
title = {{DECIPHER: harnessing local sequence context to improve protein multiple sequence alignment}},
journal = {BMC Bioinformatics},
year = {2015},
volume = {16},
number = {1},
pages = {1--14},
month = sep
}

@article{Xie:2000un,
author = {Xie, G and DeMarco, R and Blevins, R and Wang, Y},
title = {{Storing biological sequence databases in relational form.}},
journal = {Bioinformatics},
year = {2000},
volume = {16},
number = {3},
pages = {288--289},
month = mar
}

@article{Ripley:2001us,
author = {Ripley, Brian D},
title = {{Using Databases with R}},
journal = {R News},
year = {2001},
volume = {1},
number = {1},
pages = {18--20},
month = jan
}

@article{Ripley:2001wh,
author = {Ripley, Brian D},
title = {{Connections}},
journal = {R News},
year = {2001},
volume = {1},
number = {1},
pages = {16--17},
month = jan
}

@article{Jones:2012ji,
author = {Jones, D C and Ruzzo, W L and Peng, X and Katze, M G},
title = {{Compression of next-generation sequencing reads aided by highly efficient de novo assembly}},
journal = {Nucleic Acids Research},
year = {2012},
volume = {40},
number = {22},
pages = {e171--e171},
month = dec
}

@article{Wandelt:2014ut,
author = {Wandelt, S and Bux, M and Leser, U},
title = {{Trends in genome compression}},
journal = {Current Bioinformatics},
year = {2014}
}

@article{Wright:2016ek,
author = {Wright, Erik S and Vetsigian, Kalin H},
title = {{DesignSignatures: a tool for designing primers that yields amplicons with distinct signatures.}},
journal = {Bioinformatics},
year = {2016},
month = jan
}

