@article{bennett2013characterising,
  title={Characterising performance of environmental models},
  author={Bennett, Neil D and Croke, Barry FW and Guariso, Giorgio and Guillaume, Joseph HA and Hamilton, Serena H and Jakeman, Anthony J and Marsili-Libelli, Stefano and Newham, Lachlan TH and Norton, John P and Perrin, Charles and others},
  journal={Environmental Modelling \& Software},
  volume={40},
  pages={1--20},
  year={2013},
  publisher={Elsevier},
  url={https://doi.org/10.1016/j.envsoft.2012.09.011}
}
@article{jakeman2006ten,
  title={Ten iterative steps in development and evaluation of environmental models},
  author={Jakeman, Anthony J and Letcher, Rebecca A and Norton, John P},
  journal={Environmental Modelling \& Software},
  volume={21},
  number={5},
  pages={602--614},
  year={2006},
  publisher={Elsevier},
  url = {https://doi.org/10.1016/j.envsoft.2006.01.004}
}
@article{beven1992future,
  title={The future of distributed models: model calibration and uncertainty prediction},
  author={Beven, Keith and Binley, Andrew},
  journal={Hydrological Processes},
  volume={6},
  number={3},
  pages={279--298},
  year={1992},
  publisher={Wiley Online Library},
  url={https://doi.org/10.1002/hyp.3360060305}
}
@article{bruce2006numerical,
  title={A numerical simulation of the role of zooplankton in {C}, {N} and {P} cycling in {L}ake {K}inneret, {I}srael},
  author={Bruce, Louise C and Hamilton, David and Imberger, J{\"o}rg and Gal, Gideon and Gophen, Moshe and Zohary, Tamar and Hambright, K David},
  journal={Ecological Modelling},
  volume={193},
  number={3-4},
  pages={412--436},
  year={2006},
  publisher={Elsevier},
  url ={https://doi.org/10.1016/j.ecolmodel.2005.09.008}
}
@article{burger2008modelling,
  title={Modelling the relative importance of internal and external nutrient loads on water column nutrient concentrations and phytoplankton biomass in a shallow polymictic lake},
  author={Burger, David F and Hamilton, David P and Pilditch, Conrad A},
  journal={Ecological Modelling},
  volume={211},
  number={3-4},
  pages={411--423},
  year={2008},
  publisher={Elsevier},
  url ={https://doi.org/10.1016/j.ecolmodel.2007.09.028}
}
@article{christensen2008predictive,
  title={Predictive error dependencies when using pilot points and singular value decomposition in groundwater model calibration},
  author={Christensen, Steen and Doherty, John},
  journal={Advances in Water Resources},
  volume={31},
  number={4},
  pages={674--700},
  year={2008},
  publisher={Elsevier},
  url = {https://doi.org/10.1016/j.advwatres.2008.01.003}
}
@article{couture2018simulating,
  title={Simulating water quality and ecological status of {L}ake {V}ansj{\o}, {N}orway, under land-use and climate change by linking process-oriented models with a {B}ayesian {N}etwork},
  author={Couture, Raoul-Marie and Moe, S Jannicke and Lin, Yan and Kaste, {\O}yvind and Haande, Sigrid and Solheim, Anne Lyche},
  journal={Science of the {T}otal {E}nvironment},
  volume={621},
  pages={713--724},
  year={2018},
  publisher={Elsevier},
  url={https://doi.org/10.1016/j.scitotenv.2017.11.303}
}
@article{cui2016modeling,
  title={Modeling the response of phytoplankton to reduced external nutrient load in a subtropical {C}hinese reservoir using {DYRESM-CAEDYM}},
  author={Cui, Yang and Zhu, Guangwei and Li, Huiyun and Luo, Liancong and Cheng, Xiaoyi and Jin, Yingwei and Trolle, Dennis},
  journal={Lake and Reservoir Management},
  volume={32},
  number={2},
  pages={146--157},
  year={2016},
  publisher={Taylor \& Francis},
  url={https://doi.org/10.1080/10402381.2015.1136365}
}
@article{david2011river,
  title={River network routing on the {NHDP}lus dataset},
  author={David, C{\'e}dric H and Maidment, David R and Niu, Guo-Yue and Yang, Zong-Liang and Habets, Florence and Eijkhout, Victor},
  journal={Journal of Hydrometeorology},
  volume={12},
  number={5},
  pages={913--934},
  year={2011},
  url={https://doi.org/10.1175/2011JHM1345.1}
}
@article{dietzel2014bayesian,
  title={Bayesian inference of a lake water quality model by emulating its posterior density},
  author={Dietzel, A and Reichert, P},
  journal={Water Resources Research},
  volume={50},
  number={10},
  pages={7626--7647},
  year={2014},
  publisher={Wiley Online Library},
  url={https://doi.org/10.1002/2012WR013086}
}
@inproceedings{doherty1994pest,
  title={{PEST}: a unique computer program for model-independent parameter optimisation},
  author={Doherty, John and others},
  booktitle={National Conference Publication Institution of Engineers Australia NCP},
  pages={551--554},
  year={1994},
  organization={Institution of Engineers, Australia}
}
@article{doherty2018model,
  title={Model-Independent Parameter Estimation User Manual Part I: P{EST}, {SENSAN} and {G}lobal {O}ptimisers},
  author={Doherty, J},
  journal={Watermark Numerical Computing. Haettu},
  volume={17},
  number={03},
  pages={2019},
  year={2018},
  url = {https://pesthomepage.org/documentation}
}
@article{elliott2012future,
  title={Is the future blue-green? A review of the current model predictions of how climate change could affect pelagic freshwater cyanobacteria},
  author={Elliott, J Alex},
  journal={Water Research},
  volume={46},
  number={5},
  pages={1364--1371},
  year={2012},
  publisher={Elsevier},
  url={https://doi.org/10.1016/J.WATRES.2011.12.018}
}
@article{fernandez2010optimal,
  title={When the optimal is not the best: parameter estimation in complex biological models},
  author={Fern{\'a}ndez Slezak, Diego and Su{\'a}rez, Cecilia and Cecchi, Guillermo A and Marshall, Guillermo and Stolovitzky, Gustavo},
  journal={PLOS ONE},
  volume={5},
  number={10},
  pages={e13283},
  year={2010},
  publisher={Public Library of Science San Francisco, USA},
  url={https://doi.org/10.1371/journal.pone.0013283}
}
@article{frassl2019short,
  title={A short review of contemporary developments in aquatic ecosystem modelling of lakes and reservoirs},
  author={Frassl, Marieke A and Abell, Jonathan M and Botelho, Daniel A and Cinque, Kathy and Gibbes, Badin R and J{\"o}hnk, Klaus D and Muraoka, Kohji and Robson, Barbara J and Wolski, Malcolm and Xiao, Man and others},
  journal={Environmental Modelling \& Software},
  volume={117},
  pages={181--187},
  year={2019},
  url={https://doi.org/10.1016/j.envsoft.2019.03.024}
}
@article{gal2003simulating,
  title={Simulating the thermal dynamics of {L}ake {K}inneret},
  author={Gal, Gideon and Imberger, Jorg and Zohary, Tamar and Antenucci, Jason and Anis, Ayal and Rosenberg, Tzahi},
  journal={Ecological Modelling},
  volume={162},
  number={1-2},
  pages={69--86},
  year={2003},
  publisher={Elsevier},
  url={https://doi.org/10.1016/S0304-3800(02)00380-0}
}
@article{gallagher2007predictive,
  title={Predictive error analysis for a water resource management model},
  author={Gallagher, Mark and Doherty, John},
  journal={Journal of Hydrology},
  volume={334},
  number={3-4},
  pages={513--533},
  year={2007},
  publisher={Elsevier},
  url={https://doi.org/10.1016/j.jhydrol.2006.10.037}
}
@article{goldberg1988genetic,
  title={Genetic algorithms and machine learning},
  author={Goldberg, David E and Holland, John Henry},
  journal = {Machine Learning},
  year={1988},
  volume = {3},
  pages = {95-99},
  publisher={Kluwer Academic Publishers-Plenum Publishers},
  url = {https://doi.org/10.1023/A:1022602019183}
}

@article{gupta2006model,
  title={Model calibration and uncertainty estimation},
  author={Gupta, Hoshin V and Beven, Keith J and Wagener, Thorsten},
  journal={Encyclopedia of Hydrological Sciences},
  year={2006},
  publisher={Wiley Online Library},
  url={https://doi.org/10.1002/0470848944.hsa138}
}
@article{hamilton1997prediction,
  title={Prediction of water quality in lakes and reservoirs. {P}art {I}â€”{M}odel description},
  author={Hamilton, David P and Schladow, S Geoffrey},
  journal={Ecological Modelling},
  volume={96},
  number={1-3},
  pages={91--110},
  year={1997},
  publisher={Elsevier},
  url={https://doi.org/10.1016/S0304-3800(96)00062-2}
}
@article{hipsey2019general,
  title={A {General Lake Model (GLM 3.0)} for linking with high-frequency sensor data from the {Global Lake Ecological Observatory Network (GLEON)}},
  author={Hipsey, Matthew R and Bruce, Louise C and Boon, Casper and Busch, Brendan and Carey, Cayelan C and Hamilton, David P and Hanson, Paul C and Read, Jordan S and de Sousa, Eduardo and Weber, Michael and others},
  journal={Geoscientific Model Development},
  volume={12},
  number={1},
  pages={473--523},
  year={2019},
  publisher={Copernicus GmbH},
  url={https://doi.org/10.5194/gmd-12-473-2019}
}
@article{hipsey2020system,
  title={A system of metrics for the assessment and improvement of aquatic ecosystem models},
  author={Hipsey, Matthew R and Gal, Gideon and Arhonditsis, George B and Carey, Cayelan C and Elliott, J Alex and Frassl, Marieke A and Janse, Jan H and de Mora, Lee and Robson, Barbara J},
  journal={Environmental Modelling \& Software},
  volume={128},
  pages={104697},
  year={2020},
  publisher={Elsevier},
  url={https://doi.org/10.1016/j.envsoft.2020.104697}
}
@article{hipsey2015predicting,
  title={Predicting the resilience and recovery of aquatic systems: A framework for model evolution within environmental observatories},
  author={Hipsey, Matthew R and Hamilton, David P and Hanson, Paul C and Carey, Cayelan C and Coletti, Janaine Z and Read, Jordan S and Ibelings, Bas W and Valesini, Fiona J and Brookes, Justin D},
  journal={Water Resources Research},
  volume={51},
  number={9},
  pages={7023--7043},
  year={2015},
  publisher={Wiley Online Library},
  url={https://doi.org/10.1002/2015WR017175}
}
@article{imerito2007dynamic,
  title={{Dynamic Reservoir Simulation Model DYRESM v4. 0 Science Manual}},
  author={Imerito, A},
  journal={Centre for Water Research, University of Western Australia},
  year={2007}
}
@article{janssen2015exploring,
  title={Exploring, exploiting and evolving diversity of aquatic ecosystem models: a community perspective},
  author={Janssen, Annette BG and Arhonditsis, George B and Beusen, Arthur and Bolding, Karsten and Bruce, Louise and Bruggeman, Jorn and Couture, Raoul-Marie and Downing, Andrea S and Elliott, J Alex and Frassl, Marieke A and others},
  journal={Aquatic Ecology},
  volume={49},
  number={4},
  pages={513--548},
  year={2015},
  publisher={Springer},
  url={https://doi.org/10.1007/s10452-015-9544-1}
}
@article{krause2005comparison,
  title={Comparison of different efficiency criteria for hydrological model assessment},
  author={Krause, Peter and Boyle, DP and B{\"a}se, Frank},
  journal={Advances in Geosciences},
  volume={5},
  pages={89--97},
  year={2005},
  publisher={Copernicus GmbH},
  url={https://doi.org/10.5194/adgeo-5-89-2005}
}
@incollection{lehmann2018modelling,
  title={Modelling water quality to support lake restoration},
  author={Lehmann, Moritz K and Hamilton, David P},
  booktitle={Lake Restoration Handbook},
  pages={67--105},
  year={2018},
  publisher={Springer}
}
@article{lewis2004numerical,
  title={Numerical models for management of \textit{{A}nabaena circinalis}},
  author={Lewis, David M and Brookes, Justin D and Lambert, Martin F},
  journal={Journal of Applied Phycology},
  volume={16},
  number={6},
  pages={457--468},
  year={2004},
  publisher={Springer},
  url={https://doi.org/10.1007/s10811-004-5506-z}
}
@article{luo2018autocalibration,
  title={{Autocalibration of a one-dimensional hydrodynamic-ecological model (DYRESM 4.0-CAEDYM 3.1) using a Monte Carlo approach: simulations of hypoxic events in a polymictic lake}},
  author={Luo, Liancong and Hamilton, David and Lan, Jia and McBride, Chris and Trolle, Dennis},
  journal={Geoscientific Model Development},
  volume={11},
  number={3},
  pages={903--913},
  year={2018},
  publisher={Copernicus GmbH},
  url={https://doi.org/10.5194/gmd-11-903-2018}
}
@article{mcinerny2014information,
  title={Information visualisation for science and policy: engaging users and avoiding bias},
  author={McInerny, Greg J and Chen, Min and Freeman, Robin and Gavaghan, David and Meyer, Miriah and Rowland, Francis and Spiegelhalter, David J and Stefaner, Moritz and Tessarolo, Geizi and Hortal, Joaquin},
  journal={Trends in Ecology \& Evolution},
  volume={29},
  number={3},
  pages={148--157},
  year={2014},
  publisher={Elsevier},
  url={https://doi.org/10.1016/j.tree.2014.01.003}
}

@article{Mironov2010ImplementationOT,
  title={{Implementation of the lake parameterisation scheme FLake into the numerical weather prediction model COSMO}},
  author={D. Mironov and E. Heise and Ekaterina Kourzeneva and B. Ritter and Natalia Schneider and A. Terzhevik},
  journal={Boreal Environment Research},
  year={2010},
  volume={15},
  pages={218-230}
}

@article{spacio2008parameterization,
  title={Parameterization of lakes in numerical weather prediction. Description of a lake model},
  author={Spacio, Ufficio Generale and e Meteorologia, Aero and Wodnej, Gospodarki and per la Protezione, Agenzia Regionale and dell Emilia-Romagna, Ambientale and Meteo, Servizio Idro and Ricerche, Centro Italiano and f{\"u}r GeoInformationswesen, Amt},
  year={2008}
}
@phdthesis{muraoka2019novel,
  title={Novel approaches for modelling changes in phytoplankton diversity and lake ecosystem function},
  author={Muraoka, Kohji},
  year={2019},
  school={The University of Waikato}
}
@article{nielsen2017open,
  title={{An open source QGIS-based workflow for model application and experimentation with aquatic ecosystems}},
  author={Nielsen, Anders and Bolding, Karsten and Hu, Fenjuan and Trolle, Dennis},
  journal={Environmental Modelling \& Software},
  volume={95},
  pages={358--364},
  year={2017},
  publisher={Elsevier},
  url={https://doi.org/10.1016/j.envsoft.2017.06.032}
}
@article{ofir2017predicting,
  title={{Predicting the impact of Lake Biomanipulation based on food-web modelingâ€”Lake Kinneret as a case study}},
  author={Ofir, E and Heymans, JJ and Shapiro, J and Goren, M and Spanier, E and Gal, G},
  journal={Ecological Modelling},
  volume={348},
  pages={14--24},
  year={2017},
  publisher={Elsevier},
  url={https://doi.org/10.1016/j.ecolmodel.2016.12.019}
}
@article{ozkundakci2011modelling,
  title={Modelling the response of a highly eutrophic lake to reductions in external and internal nutrient loading},
  author={{\"O}zkundakci, Deniz and Hamilton, David P and Trolle, Dennis},
  journal={New Zealand Journal of Marine and Freshwater Research},
  volume={45},
  number={2},
  pages={165--185},
  year={2011},
  publisher={Taylor \& Francis},
  url={https://doi.org/10.1080/00288330.2010.548072}
}
@article{pianosi2016sensitivity,
  title={Sensitivity analysis of environmental models: A systematic review with practical workflow},
  author={Pianosi, Francesca and Beven, Keith and Freer, Jim and Hall, Jim W and Rougier, Jonathan and Stephenson, David B and Wagener, Thorsten},
  journal={Environmental Modelling \& Software},
  volume={79},
  pages={214--232},
  year={2016},
  publisher={Elsevier},
  url={https://doi.org/10.1016/j.envsoft.2016.02.008}
}
@article{risbey1996assessing,
  title={Assessing integrated assessments},
  author={Risbey, James and Kandlikar, Milind and Patwardhan, Anand},
  journal={Climatic Change},
  volume={34},
  number={3},
  pages={369--395},
  year={1996},
  publisher={Springer},
  url={https://doi.org/10.1007/BF00139298}
}
@article{robson2018towards,
  title={Towards evidence-based parameter values and priors for aquatic ecosystem modelling},
  author={Robson, Barbara J and Arhonditsis, George B and Baird, Mark E and Brebion, Jerome and Edwards, Kyle F and Geoffroy, Leonie and H{\'e}bert, Marie-Pier and van Dongen-Vogels, Virginie and Jones, Emlyn M and Kruk, Carla and others},
  journal={Environmental Modelling \& Software},
  volume={100},
  pages={74--81},
  year={2018},
  publisher={Elsevier},
  url={https://doi.org/10.1016/j.envsoft.2017.11.018}
}
@article{robson2003summer,
  title={{Summer flow event induces a cyanobacterial bloom in a seasonal Western Australian estuary}},
  author={Robson, Barbara J and Hamilton, David P},
  journal={Marine and Freshwater Research},
  volume={54},
  number={2},
  pages={139--151},
  year={2003},
  publisher={CSIRO Publishing},
  url={https://doi.org/10.1071/MF02090}
}
@article{robson2004three,
  title={Three-dimensional modelling of a \textit{{M}icrocystis} bloom event in the {Swan River estuary, Western Australia}},
  author={Robson, BJ and Hamilton, DP},
  journal={Ecological Modelling},
  volume={174},
  number={1-2},
  pages={203--222},
  year={2004},
  publisher={Elsevier},
  url={https://doi.org/10.1016/j.ecolmodel.2004.01.006}
}
@article{romero2004one,
  title={One-and three-dimensional biogeochemical simulations of two differing reservoirs},
  author={Romero, JR and Antenucci, JP and Imberger, Jorg},
  journal={Ecological Modelling},
  volume={174},
  number={1-2},
  pages={143--160},
  year={2004},
  publisher={Elsevier},
  url={https://doi.org/10.1016/j.ecolmodel.2004.01.005}
}
@article{rousso2020systematic,
  title={A systematic literature review of forecasting and predictive models for cyanobacteria blooms in freshwater lakes},
  author={Rousso, Benny Zuse and Bertone, Edoardo and Stewart, Rodney and Hamilton, David P},
  journal={Water Research},
  volume={182},
  pages={115959},
  year={2020},
  publisher={Elsevier},
  url={https://doi.org/10.1016/j.watres.2020.115959}
}
@article{scheffer2001catastrophic,
  title={Catastrophic shifts in ecosystems},
  author={Scheffer, Marten and Carpenter, Steve and Foley, Jonathan A and Folke, Carl and Walker, Brian},
  journal={Nature},
  volume={413},
  number={6856},
  pages={591--596},
  year={2001},
  publisher={Nature Publishing Group},
  url={https://doi.org/10.1038/35098000}
}
@article{schladow1997prediction,
  title={{Prediction of water quality in lakes and reservoirs: Part II-Model calibration, sensitivity analysis and application}},
  author={Schladow, S Geoffrey and Hamilton, David P},
  journal={Ecological Modelling},
  volume={96},
  number={1-3},
  pages={111--123},
  year={1997},
  publisher={Elsevier},
  url={https://doi.org/10.1016/S0304-3800(96)00063-4}
}
@article{takkouk2016application,
  title={{Application of the DYRESM--CAEDYM model to the Sau Reservoir situated in Catalonia, Spain}},
  author={Takkouk, Saddek and Casamitjana, Xavier},
  journal={Desalination and Water Treatment},
  volume={57},
  number={27},
  pages={12453--12466},
  year={2016},
  publisher={Taylor \& Francis},
  url={https://doi.org/10.1080/19443994.2015.1053530}
}
@article{wang2012flickering,
  title={Flickering gives early warning signals of a critical transition to a eutrophic lake state},
  author={Wang, Rong and Dearing, John A and Langdon, Peter G and Zhang, Enlou and Yang, Xiangdong and Dakos, Vasilis and Scheffer, Marten},
  journal={Nature},
  volume={492},
  number={7429},
  pages={419--422},
  year={2012},
  publisher={Nature Publishing Group},
  url={https://doi.org/10.1038/nature11655}
}
@article{weinberger2012using,
  title={{Using the hydrodynamic model DYRESM based on results of a regional climate model to estimate water temperature changes at Lake Ammersee}},
  author={Weinberger, Stefan and Vetter, Mark},
  journal={Ecological Modelling},
  volume={244},
  pages={38--48},
  year={2012},
  publisher={Elsevier},
  url={https://doi.org/10.1016/j.ecolmodel.2012.06.016}
}
@article{white2014quantifying,
  title={Quantifying the predictive consequences of model error with linear subspace analysis},
  author={White, Jeremy T and Doherty, John E and Hughes, Joseph D},
  journal={Water Resources Research},
  volume={50},
  number={2},
  pages={1152--1173},
  year={2014},
  publisher={Wiley Online Library},
  url={https://doi.org/10.1002/2013WR014767}
}