
@book{brent1972algorithms,
	title={Algorithms for Minimization Without Derivatives},
	author={Brent, Richard},
	year={1973},
	publisher={Prentice-Hall}
}

@article{kraft1994algorithm,
	title={Algorithm 733: {TOMP}--{F}ortran modules for optimal control calculations},
	author={Kraft, Dieter},
	journal={ACM Transactions on Mathematical Software (TOMS)},
	volume={20},
	pages={262--281},
	year={1994},
	publisher={ACM New York, NY, USA}
}


@Manual{nloptr,
	title = {nloptr: {R} Interface to {NL}opt {R}egression},
	author = {Jelmer Ypma and Steven G. Johnson and Hans W. Borchers and Dirk Eddelbuettel and Brian Ripley and Kurt Hornik and Julien Chiquet and Avraham Adler and Xiongtao Dai and Aymeric Stamm and Jeroen Ooms},
	year = {2022},
	doi = {https://cran.r-project.org/web/packages/nloptr/index.html},
}

@Manual{nloptr_2022,
	title = {nloptr: R Interface to NLopt},
	author = {Jelmer Ypma and Steven G. Johnson},
	year = {2022},
	note = {R package version 2.0.3},
	url = {https://CRAN.R-project.org/package=nloptr},
}

@article{wedderburn1974quasi,
	title={Quasi-likelihood functions, generalized linear models, and the {G}auss-{N}ewton method},
	author={Wedderburn, Robert WM},
	journal={Biometrika},
	volume={61},
	pages={439--447},
	year={1974},
	publisher={Oxford University Press}
}


@article{gourieroux1984pseudo,
	title={Pseudo maximum likelihood methods: Theory},
	author={Gourieroux, Christian and Monfort, Alain and Trognon, Alain},
	journal={Econometrica},
	volume={52},
	pages={681--700},
	year={1984},
	publisher={JSTOR}
}

@PHDTHESIS{Ahmad(2016),
	author =       {Ahmad, A.},
	title =        {Contributions \`{a} l'\'{e}conem\'{e}trie des s\'{e}ries temporelles \`{a} valeurs enti\`{e}res},
	school =       {University Charles De Gaulle-Lille III},
	year =         {2016},
	address =      {France}
}

@article{aknouche2021,
	title={Two-stage weighted least squares estimator of the conditional mean of observation-driven time series models},
	author={Aknouche, Abdelhakim and Francq, Christian},
	journal={Journal of Econometrics},
	number={In press},
	year={2021},
	publisher={Elsevier}
}

@article{al1987,
	title={First-order integer-valued autoregressive ({INAR} (1)) process},
	author={Al-Osh, MA and Alzaid, Aus A},
	journal={Journal of Time Series Analysis},
	volume={8},
	pages={261--275},
	year={1987},
	publisher={Wiley Online Library}
}


@article{al1990,
	title={An integer-valued pth-order autoregressive structure ({INAR} (p)) process},
	author={Alzaid, AA and Al-Osh, M},
	journal={Journal of Applied Probability},
	pages={314--324},
	year={1990},
	publisher={JSTOR}
}

@article{an_huang_1996,
	title={The geometrical ergodicity of nonlinear autoregressive models},
	author={An, HZ and Huang, FC},
	journal={Statistica Sinica},
	volume={6},
	pages={943--956},
	year={1996},
	publisher={JSTOR}
}


@PHDTHESIS{Andreassen(2013),
	author =       {Andreassen, C. M.},
	title =        {Models and inference for correlated count data},
	school =       {Aaarhus University},
	year =         {2013},
	address =      {Denmark}
}

@article{andrews_1987,
	title={Consistency in nonlinear econometric models: {A} generic uniform law of large numbers},
	author={Andrews, Donald W. K.},
	journal={Econometrica},
	volume={55},
	pages={1465--1471},
	year={1987},
	publisher={JSTOR}
}

@article{and1988,
	title={Laws of large numbers for dependent non-identically distributed random variables},
	author={Andrews, Donald W. K.},
	journal={Econometric Theory},
	volume={4},
	pages={458--467},
	year={1988},
	publisher={Cambridge University Press}
}

@article{andrews_1993,
	title={Tests for parameter instability and structural change with unknown change point},
	author={Andrews, Donald W. K.},
	journal={Econometrica},
	volume={61},
	pages={821--856},
	year={1993},
	publisher={JSTOR}
}

@article {andrews_1994,
	AUTHOR = {Andrews, Donald W. K. and Ploberger, Werner},
	TITLE = {Optimal tests when a nuisance parameter is present only under
	the alternative},
	JOURNAL = {Econometrica},
	VOLUME = {62},
	YEAR = {1994},
	PAGES = {1383--1414}
}

@article{armillotta_fokianos_2021,
	title={Count Network Autoregression}, 
	author={Mirko Armillotta and Konstantinos Fokianos},
	journal={Journal of Time Series Analysis},
	volume={jtsa.12728},
	year={2023},
	url={http://doi.org/10.1111/jtsa.12728}
}

@article{armillotta_fokianos_2022_testing,
	author = {Mirko Armillotta and Konstantinos Fokianos},
	title = {{Nonlinear Network Autoregression}},
	volume = {51},
	journal = {The Annals of Statistics},
	number = {6},
	publisher = {Institute of Mathematical Statistics},
	pages = {2526--2552},
	keywords = {contraction, Hypothesis testing, increasing dimension, multivariate count time series},
	year = {2023},
	URL = {https://doi.org/10.1214/23-AOS2345}
}

@Manual{armillotta_et_al_rpackage_2022,
	title = {PNAR: {P}oisson {N}etwork {A}utoregressive {M}odels.},
	author = {Michail Tsagris and Mirko Armillotta and Konstantinos Fokianos},
	year = {2023},
	note = {R package version 1.6},
	url = {https://CRAN.R-project.org/package=PNAR},
}

@Manual{surveillance_rpackage,
	title = {surveillance: Temporal and Spatio-Temporal Modeling and Monitoring of Epidemic
	Phenomena},
	author = {Michael HÃ¶hle and Sebastian Meyer and Michaela Paul},
	year = {2022},
	note = {R package version 1.21.1},
	url = {https://CRAN.R-project.org/package=surveillance},
}


@Manual{gnar_rpackage,
	title = {GNAR: Methods for Fitting Network Time Series Models},
	author = {Kathryn Leeming and Guy Nason and Matt Nunes and James Wei},
	year = {2023},
	note = {R package version 1.1.2},
	url = {https://CRAN.R-project.org/package=GNAR},
}

@article{barabasi_1999,
	title={Emergence of scaling in random networks},
	author={Barab{\'a}si, Albert-L{\'a}szl{\'o} and Albert, R{\'e}ka},
	journal={Science},
	volume={286},
	pages={509--512},
	year={1999},
	publisher={American Association for the Advancement of Science}
}

@book {basa1980,
	AUTHOR = {Basawa, Ishwar V. and Prakasa Rao, B. L. S.},
	TITLE = {Statistical Inference for Stochastic Processes},
	PUBLISHER = {Academic Press, Inc.,
		London-New York},
	YEAR = {1980},
}


@book{bill2008,
	title={Probability and Measure},
	author={Billingsley, Patrick},
	year={1995},
	publisher={John Wiley \& Sons}
}

@article{boos_1992,
	title={On generalized score tests},
	author={Boos, Dennis D},
	journal={The American Statistician},
	volume={46},
	pages={327--333},
	year={1992},
}

@article{bracher_2020endemic,
	title={Endemic-epidemic models with discrete-time serial interval distributions for infectious disease prediction},
	author={Bracher, Johannes and Held, Leonhard},
	journal={International Journal of Forecasting},
	volume = {38},
	pages = {1221-1233},
	year={2020}
}

@article{bradley_2005,
	title={Basic properties of strong mixing conditions. {A} survey and some open questions},
	author={Bradley, Richard C},
	journal={Probability surveys},
	volume={2},
	pages={107--144},
	year={2005},
	publisher={Institute of Mathematical Statistics and Bernoulli Society}
}

@article{breslow_1990,
	title={Tests of hypotheses in overdispersed {P}oisson regression and other quasi-likelihood models},
	author={Breslow, Norman},
	journal={Journal of the American Statistical Association},
	volume={85},
	pages={565--571},
	year={1990},
}

@article{chan_tong_1985,
	title={On the use of the deterministic {L}yapunov function for the ergodicity of stochastic difference equations},
	author={Chan, Kung S and Tong, Howell},
	journal={Advances in applied probability},
	volume={17},
	pages={666--678},
	year={1985},
	publisher={Cambridge University Press}
}

@article{chen2013,
	title={The impact of sampling and network topology on the estimation of social intercorrelations},
	author={Chen, Xinlei and Chen, Yuxin and Xiao, Ping},
	journal={Journal of Marketing Research},
	volume={50},
	pages={95--110},
	year={2013},
	publisher={SAGE Publications Sage CA: Los Angeles, CA}
}

@article{chow1967,
	title={On a strong law of large numbers for martingales},
	author={Chow, Yuan Shih and others},
	journal={The Annals of Mathematical Statistics},
	volume={38},
	pages={610--610},
	year={1967},
	publisher={Institute of Mathematical Statistics}
}

@article{chri2014,
	title={Quasi-likelihood inference for negative binomial time series models},
	author={Christou, Vasiliki and Fokianos, Konstantinos},
	journal={Journal of Time Series Analysis},
	volume={35},
	pages={55--78},
	year={2014},
	publisher={Wiley Online Library}
}

@article {christou_fokianos_2015,
	AUTHOR = {Christou, Vasiliki and Fokianos, Konstantinos},
	TITLE = {Estimation and testing linearity for non-linear mixed
	{P}oisson autoregressions},
	JOURNAL = {Electron. J. Stat.},
	FJOURNAL = {Electronic Journal of Statistics},
	VOLUME = {9},
	YEAR = {2015},
	PAGES = {1357--1377},
	MRCLASS = {62M09 (62M07 62M10 62P10)},
	MRNUMBER = {3360730}
}

@article{clark2018,
	title={A Spatially correlated auto-regressive model for count data},
	author={Nicholas J Clark and Mark S. Kaiser and Philip M. Dixon},
	journal={arXiv preprint arXiv:1805.08323},
	year={2018}
}

@article{clark_2021,
	title={A class of spatially correlated self-exciting statistical models},
	author={Clark, Nicholas J and Dixon, Philip M},
	journal={Spatial Statistics},
	volume={43},
	pages={1-18},
	year={2021},
	publisher={Elsevier}
}

@article{clauset_2009,
	title={Power-law distributions in empirical data},
	author={Clauset, Aaron and Shalizi, Cosma Rohilla and Newman, Mark EJ},
	journal={SIAM review},
	volume={51},
	pages={661--703},
	year={2009},
	publisher={SIAM}
}

@article{cliff_ord_1975space,
	title={Space-time modelling with an application to regional forecasting},
	author={Cliff, AD and Ord, John K},
	journal={Transactions of the Institute of British Geographers},
	pages={119--128},
	year={1975},
	publisher={JSTOR}
}

@article{cox1981,
	author = {Cox, D. R.},
	title = {Statistical analysis of time series: some recent developments},
	journal = {Scandinavian Journal of Statistics},
	volume = {8},
	pages = {93-115},
	year = {1981},
	publisher = {Board of the Foundation of the Scandinavian Journal of Statistics, Wiley},
	URL = { http://www.jstor.org/stable/4615819}
}

@Manual{Rfast,
	title = {Rfast: A Collection of Efficient and Extremely Fast R Functions},
	author = {Manos Papadakis and Michail Tsagris and Marios Dimitriadis and Stefanos Fafalios and Ioannis Tsamardinos and Matteo Fasiolo and Giorgos Borboudakis and John Burkardt and Changliang Zou and Kleanthi Lakiotaki and Christina Chatzipantsiou.},
	year = {2023},
	note = {R package version 2.0.8},
	url = {https://CRAN.R-project.org/package=Rfast},
}

@Manual{Rfast2,
	title = {Rfast2: A Collection of Efficient and Extremely Fast R Functions II},
	author = {Manos Papadakis and Michail Tsagris and Stefanos Fafalios and Marios Dimitriadis.},
	year = {2023},
	note = {R package version 0.1.5.1},
	url = {https://CRAN.R-project.org/package=Rfast2},
}

@article{csardi_2006,
	title = {The igraph software package for complex network research},
	author = {Gabor Csardi and Tamas Nepusz},
	journal = {InterJournal},
	volume = {Complex Systems},
	pages = {1695},
	year = {2006},
	url = {https://igraph.org},
}

@article{cui2017,
	author={Cui, Yunwei and Zheng, Qi},
	title={Conditional maximum likelihood estimation for a class of observation-driven time series models for count data},
	journal={Statistics \& Probability Letters},
	volume={123},
	pages={193--201},
	year={2017},
	publisher={Elsevier}
}

@article{davies_1987,
	title={Hypothesis testing when a nuisance parameter is present only under the alternative},
	author={Davies, Robert},
	journal={Biometrika},
	volume={74},
	pages={33--43},
	year={1987},
	publisher={Oxford University Press}
}

@article{davis2003,
	author = {Davis, Richard A. and Dunsmuir, William T. M. and Streett, Sarah B.},
	title = {Observationâdriven models for {P}oisson counts},
	journal = {Biometrika},
	volume = {90},
	pages = {777-790},
	year = {2003}
}

@article{davis2009negative,
	title={A negative binomial model for time series of counts},
	author={Davis, Richard A and Wu, Rongning},
	journal={Biometrika},
	volume={96},
	pages={735--749},
	year={2009}
}

@article{davis2016,
	author = {Davis, Richard A. and Liu, Heng},
	title = {Theory and inference for a class of nonlinear models with application to time series of counts},
	journal = {Statistica Sinica},
	volume = {26},
	pages = {1673-1707},
	year = {2016},
	publisher = {Institute of Statistical Science, Academia Sinica}
}




@BOOK{Davisetal(2016),
	editor =       {R. A. Davis, and S. H. Holan, and R. Lund, and  N. Ravishanker},
	title =        {Handbook of Discrete-Valued Time Series},
	publisher =    {Chapman \& Hall/CRC},
	year =         {2016},
	address =      {London},
	series = {Handbooks of Modern Statistical Methods}
}

@article{davis_et_al_2021,
	author = {Richard A. Davis and Konstantinos Fokianos and Scott H. Holan and Harry Joe and James Livsey and Robert Lund and Vladas Pipiras and Nalini Ravishanker},
	title = {Count time series: {A} methodological review},
	journal = {Journal of the American Statistical Association},
	volume = {116},
	pages = {1533-1547},
	year  = {2021},
	publisher = {Taylor & Francis}
}


@article{douc2013,
	author = "R. Douc and P. Doukhan and E. Moulines",
	title = "Ergodicity of observation-driven time series models and consistency of the maximum likelihood estimator",
	journal = "Stochastic Processes and their Applications",
	volume = "123",
	pages = "2620 - 2647",
	year = "2013"
}

@book {douk1994,
	AUTHOR = {Doukhan, Paul},
	TITLE = {Mixing},
	SERIES = {Lecture Notes in Statistics},
	VOLUME = {85},
	PUBLISHER = {Springer-Verlag, New York},
	YEAR = {1994},
	PAGES = {xii+142},
	ISBN = {0-387-94214-9},
	MRCLASS = {60G05 (60E99 60F99)},
	MRNUMBER = {1312160},
	MRREVIEWER = {Wlodzimierz Bryc},
}

@inproceedings{doukhan_et_al_1995,
	title={Invariance principles for absolutely regular empirical processes},
	author={Doukhan, Paul and Massart, Pascal and Rio, Emmanuel},
	booktitle={Annales de l'IHP Probabilit{\'e}s et statistiques},
	volume={31},
	pages={393--427},
	year={1995}
}

@article{doukhan_2008,
	title={Weakly dependent chains with infinite memory},
	author={Doukhan, Paul and Wintenberger, Olivier},
	journal={Stochastic Processes and their Applications},
	volume={118},
	pages={1997--2013},
	year={2008},
	publisher={Elsevier}
}

@article{doukhan_2012,
	title={On weak dependence conditions: {T}he case of discrete valued processes},
	author={Doukhan, Paul and Fokianos, Konstantinos and Li, Xiaoyin},
	journal={Statistics \& Probability Letters},
	volume={82},
	pages={1941--1948},
	year={2012},
	publisher={Elsevier}
}

@ARTICLE{Doukhanetal(2012),
	AUTHOR =       {P. Doukhan and K. Fokianos and D. Tj{\o}stheim},
	TITLE =        {On weak dependence conditions for {P}oisson autoregressions},
	YEAR =         {2012},
	volume=        {82},
	journal=       {Statistics \& Probability Letters},
	pages =        {942--948}
}

@article{engle_1984,
	title={Wald, Likelihood Ratio, and Lagrange Multiplier Tests in Econometrics},
	author={Engle, Robert F},
	journal={Handbook of Econometrics},
	volume={2},
	pages={775--826},
	year={1984},
	publisher={Elsevier}
}

@article{erdos_1959,
	author = {Erd\"{o}s, P. and R\'{e}nyi, A.},
	journal = {Publicationes Mathematicae Debrecen},
	title = {On Random Graphs {I}},
	volume = 6,
	year = 1959
}

@book{fan_yao_2003,
	title={Nonlinear time series: {N}onparametric and parametric methods},
	author={Fan, J and Yao, Q},
	year={2003},
	publisher={Springer-Verlag, New York}
}


@article{fer2006,
	title={Integer-valued {GARCH} process},
	author={Ferland, Ren{\'e} and Latour, Alain and Oraichi, Driss},
	journal={Journal of Time Series Analysis},
	volume={27},
	pages={923--942},
	year={2006},
	publisher={Wiley Online Library}
}

@book {fok2002,
	AUTHOR = {Kedem, Benjamin and Fokianos, Konstantinos},
	TITLE = {Regression Models for Time Series Analysis},
	PUBLISHER = {John Wiley \& Sons, Hoboken, NJ},
	YEAR = {2002},
	PAGES = {xiv+337},
	ISBN = {0-471-36355-3},
	MRCLASS = {62M10 (62-02 62J02 62J05 62J12 62M20 62P20)},
	MRNUMBER = {1933755},
	MRREVIEWER = {Winston T. Lin},
}


@ARTICLE{FokianosandKedem(2004),
	AUTHOR =       "K. Fokianos and B. Kedem",
	TITLE =        "Partial likelihood inference for time series following generalized linear models",
	JOURNAL =      "Journal of Time Series Analysis",
	YEAR =         "2004",
	volume =       "25",
	pages =        "173--197"
}



@article{fok2009,
	author={Fokianos, Konstantinos and Rahbek, Anders and Tj{\o}stheim, Dag},
	title={{P}oisson autoregression},
	journal={Journal of the American Statistical Association},
	volume={104},
	pages={1430--1439},
	year={2009},
	publisher={Taylor \& Francis}
}

@article{fok2011,
	title={Log-linear {P}oisson autoregression},
	author={Fokianos, Konstantinos and Tj{\o}stheim, Dag},
	journal={Journal of Multivariate Analysis},
	volume={102},
	pages={563--578},
	year={2011},
	publisher={Elsevier}
}

@article{fokianos2012nonlinear,
	title={Nonlinear {P}oisson autoregression},
	author={Fokianos, Konstantinos and Tj{\o}stheim, Dag},
	journal={Annals of the Institute of Statistical Mathematics},
	volume={64},
	pages={1205--1225},
	year={2012}
}

@article{fokianos_2013goodness,
	title={A goodness-of-fit test for {P}oisson count processes},
	author={Fokianos, Konstantinos and Neumann, Michael H},
	journal={Electronic Journal of Statistics},
	volume={7},
	pages={793--819},
	year={2013}
}

@article{fok2017,
	title={Asymptotic properties of quasi-maximum likelihood estimators in observation-driven time series models},
	author={Douc, Randal and Fokianos, Konstantinos and Moulines, Eric},
	journal={Electronic Journal of Statistics},
	volume={11},
	pages={2707--2740},
	year={2017},
	publisher={The Institute of Mathematical Statistics and the Bernoulli Society}
}

@article{fok2020,
	title={Multivariate count autoregression},
	author={Fokianos, Konstantinos and St{\o}ve, B{\aa}rd and Tj{\o}stheim, Dag and Doukhan, Paul},
	journal={Bernoulli},
	volume={26},
	pages={471--499},
	year={2020},
	publisher={Bernoulli Society for Mathematical Statistics and Probability}
}


@article{fokianos_2021,
	title={Multivariate Count Time Series Modelling},
	author={Fokianos, Konstantinos},
	journal={To appear in Econometrics and Statistics},
	year={2022}
}

@article{fra2016,
	author={Ahmad, Ali and Francq, Christian},
	title={{P}oisson {QMLE} of count time series models},
	journal={Journal of Time Series Analysis},
	volume={37},
	pages={291-314},
	year={2016},
	publisher={Wiley Online Library}
}

@article{francq_etal_2010,
	title={Sup-tests for linearity in a general nonlinear {AR(1)} model},
	author={Francq, Christian and Horvath, Lajos and Zako{\"\i}an, Jean-Michel},
	journal={Econometric Theory},
	volume={26},
	pages={965--993},
	year={2010},
}

@book{fran2019,
	title={{GARCH} Models: Structure, Statistical Inference and Financial Applications},
	author={Francq, Christian and Zakoian, Jean-Michel},
	year={2019},
	publisher={John Wiley \& Sons}
}

@book {gal1987,
	AUTHOR = {Gallant, A. Ronald},
	TITLE = {Nonlinear Statistical Models},
	SERIES = {Wiley Series in Probability and Mathematical Statistics:
		Applied Probability and Statistics},
	PUBLISHER = {John Wiley \& Sons, Inc., New York},
	YEAR = {1987},
	PAGES = {xiv+610},
	ISBN = {0-471-80260-3},
	MRCLASS = {62J02},
	MRNUMBER = {921029},
	MRREVIEWER = {Wilfried Grossmann},
}

@book{gao_2007,
	title={Nonlinear Time Series: Semiparametric and Nonparametric Methods},
	author={Gao, Jiti},
	year={2007},
	publisher={CRC Press}
}

@article {gao_etal_2009,
	AUTHOR = {Gao, Jiti and King, Maxwell and Lu, Zudi and Tj{\o}stheim, Dag},
	TITLE = {Specification testing in nonlinear and nonstationary time
	series autoregression},
	JOURNAL = {Ann. Statist.},
	FJOURNAL = {The Annals of Statistics},
	VOLUME = {37},
	YEAR = {2009},
	PAGES = {3893--3928},
	ISSN = {0090-5364},
	MRCLASS = {62M10 (62G08 62M07)},
	MRNUMBER = {2572447},
	MRREVIEWER = {Theofanis Sapatinas},
}


@article{gay1990,
	title={Usage summary for selected optimization routines},
	author={Gay, David M},
	journal={Computing science technical report},
	volume={153},
	pages={1--21},
	year={1990}
}


@article {GenestandNeslehova(2007),
	AUTHOR = {Genest, C. and Ne{\v{s}}lehov{\'a}, J.},
	TITLE = {A primer on copulas for count data},
	JOURNAL = {Astin Bulletin},
	VOLUME = {37},
	YEAR = {2007},
	PAGES = {475--515}
}

@article{gilbert_1959,
	title={Random graphs},
	author={Gilbert, Edgar N},
	journal={The Annals of Mathematical Statistics},
	volume={30},
	pages={1141--1144},
	year={1959},
	publisher={JSTOR}
}

@article{gine_zinn_1990,
	title={Bootstrapping general empirical measures},
	author={Gin{\'e}, Evarist and Zinn, Joel},
	journal={The Annals of Probability},
	volume={18},
	pages={851--869},
	year={1990},
	publisher={JSTOR}
}

@article{gorgi2020beta,
	title={Beta--negative binomial auto-regressions for modelling integer-valued time series with extreme observations},
	author={Gorgi, Paolo},
	journal={Journal of the Royal Statistical Society: Series B},
	volume={82},
	pages={1325--1347},
	year={2020},
	publisher={Wiley Online Library}
}

@BOOK{Godambe(1991),
	author =       "Godambe, V. P.",
	title =        "Estimating Functions",
	publisher =    "Oxford Science Publications",
	year =         "1991",
	address =      "Oxford"
}


@article {haggan_ozaki_1981,
	AUTHOR = {Haggan, V. and Ozaki, T.},
	TITLE = {Modelling nonlinear random vibrations using an
	amplitude-dependent autoregressive time series model},
	JOURNAL = {Biometrika},
	FJOURNAL = {Biometrika},
	VOLUME = {68},
	YEAR = {1981},
	NUMBER = {1},
	PAGES = {189--196},
	ISSN = {0006-3444},
	MRCLASS = {62M10},
	MRNUMBER = {614955},
	MRREVIEWER = {Bert M. Steece},
}


@book {hall1980,
	AUTHOR = {Hall, P. and Heyde, C. C.},
	TITLE = {Martingale Limit Theory and its Application},
	PUBLISHER = {Academic Press, Inc.,
		New York-London},
	YEAR = {1980},
	PAGES = {xii+308},
	ISBN = {0-12-319350-8},
	MRCLASS = {60-02 (60B12 60F05 60G42)},
	MRNUMBER = {624435},
	MRREVIEWER = {David J. Aldous},
}

@article{han_wu_2019,
	title={Probability inequalities for high dimensional time series under a triangular array framework},
	author={Fang Han and Weibiao Wu},
	journal={arXiv preprint arXiv:1907.06577},
	year={2019}
}

@article {hansen_1996,
	AUTHOR = {Hansen, Bruce},
	TITLE = {Inference when a nuisance parameter is not identified under
	the null hypothesis},
	JOURNAL = {Econometrica},
	VOLUME = {64},
	YEAR = {1996},
	PAGES = {413--430}
}

@TECHREPORT{Heinen(2003),
	AUTHOR =       {A. Heinen},
	TITLE =        {Modelling time series count data: an autoregressive conditional {P}oisson model},
	INSTITUTION =  {University Library of Munich, Germany.},
	YEAR =         {2003},
	number =       {MPRA Paper 8113},
	note =         {availabel at \url{http://mpra.ub.uni-muenchen.de/8113/}}
}



@article{HeinenandRegifo(2007),
	title = "Multivariate autoregressive modeling of time series count data using copulas",
	journal = "Journal of Empirical Finance",
	volume = "14",
	pages = "564 - 583",
	year = "2007",
	author = "A. Heinen and E. Rengifo"
}

@article{held_etal_2005,
	title={A statistical framework for the analysis of multivariate infectious disease surveillance counts},
	author={Held, Leonhard and H{\"o}hle, Michael and Hofmann, Mathias},
	journal={Statistical Modelling},
	volume={5},
	pages={187--199},
	year={2005},
	publisher={Sage Publications}
}

@article{held_etal_2012,
	title={Modeling seasonality in space-time infectious disease surveillance data},
	author={Held, Leonhard and Paul, Michaela},
	journal={Biometrical Journal},
	volume={54},
	pages={824--843},
	year={2012},
	publisher={Wiley Online Library}
}

@book {hey1997,
	AUTHOR = {Heyde, Christopher C.},
	TITLE = {Quasi-likelihood and its Application. A General Approach to Optimal Parameter Estimation},
	SERIES = {Springer Series in Statistics},
	PUBLISHER = {Springer-Verlag, New York},
	YEAR = {1997},
	PAGES = {x+235},
	ISBN = {0-387-98225-6},
	MRCLASS = {62-02 (62A10 62F99 62M99)},
	MRNUMBER = {1461808},
	MRREVIEWER = {Uttara V. Naik-Nimbalkar}
}

@article{jen2004,
	title={Asymptotic inference for nonstationary {GARCH}},
	author={Jensen, S{\o}ren Tolver and Rahbek, Anders},
	journal={Econometric Theory},
	pages={1203--1226},
	year={2004},
	publisher={JSTOR}
}

@article{knight_etal_2016,
	title={Modelling, detrending and decorrelation of network time series},
	author={Knight, MI and Nunes, MA and Nason, GP},
	journal={arXiv:1603.03221},
	year={2016}
}

@book{kola2014,
	title={Statistical Analysis of Network Data with R},
	author={Kolaczyk, Eric D and Cs{\'a}rdi, G{\'a}bor},
	volume={65},
	year={2014},
	publisher={Springer}
}

@article{lat1997,
	title={The multivariate {GINAR} (p) process},
	author={Latour, Alain},
	journal={Advances in Applied Probability},
	volume={29},
	pages={228--248},
	year={1997},
	publisher={Cambridge University Press}
}


@ARTICLE{Leeetal(2017),
	author =       {Y. Lee and S. Lee  and D. Tj{\o}stheim},
	title =        {Asymptotic normality and parameter change test for bivariate {P}oisson {I}{N}{G}{A}{R}{C}{H} models},
	JOURNAL =   {TEST},
	VOLUME = {27},
	YEAR = {2018},
	PAGES = {52--69}
}

@article{li_li_2011,
	title={Testing a linear time series model against its threshold extension},
	author={Li, Guodong and Li, Wai Keung},
	journal={Biometrika},
	volume={98},
	pages={243--250},
	year={2011},
}


@article{liang1986,
	title={Longitudinal data analysis for discrete and continuous outcomes},
	author={Zeger, Scott L and Liang, Kung-Yee},
	journal={Biometrics},
	pages={121--130},
	year={1986},
	publisher={JSTOR}
}

@article{lim_tong_1980,
	title={Threshold autoregressions, limit cycles, and data},
	author={Lim, KS and Tong, H},
	journal={Journal of the Royal Statistical Sociaty, Ser. B},
	volume={42},
	pages={245--92},
	year={1980}
}


@PHDTHESIS{Liu(2012),
	author =       {Liu, H.},
	title =        {Some models for time series of counts},
	school =       {Columbia University},
	year =         {2012},
	address =      {USA}
}


@book{loe1977,
	title={Probability theory},
	author={Loeve, Michel},
	year={1977},
	publisher={Springer}
}

@article{luukkonen_et_al_1988,
	title={Testing linearity against smooth transition autoregressive models},
	author={Luukkonen, Ritva and Saikkonen, Pentti and Ter{\"a}svirta, Timo},
	journal={Biometrika},
	volume={75},
	pages={491--499},
	year={1988},
	publisher={Oxford University Press}
}

@book {lut2005,
	AUTHOR = {L\"{u}tkepohl, Helmut},
	TITLE = {New Introduction to Multiple Time Series Analysis},
	PUBLISHER = {Springer-Verlag, Berlin},
	YEAR = {2005},
	PAGES = {xxii+764},
	ISBN = {3-540-40172-5},
	MRCLASS = {62-01 (62M10)},
	MRNUMBER = {2172368},
	MRREVIEWER = {Ra\'{u}l Pedro Mentz}
}

@article{martin_oeppen_1975identification,
	title={The identification of regional forecasting models using space: time correlation functions},
	author={Martin, Russell L and Oeppen, JE},
	journal={Transactions of the Institute of British Geographers},
	pages={95--118},
	year={1975},
	publisher={JSTOR}
}

@book{McCullaghandNelder(1989),
	author   = "McCullagh, P. and Nelder, J. A"  ,
	title    = "Generalized Linear Models" ,
	publisher  ="Chapman \& Hall " ,
	edition    ="2nd" ,
	address    ="London" ,
	year       =1989
}

@article{Meyer_etal_2014,
	title={Power-law models for infectious disease spread},
	author={Meyer, Sebastian and Held, Leonhard},
	journal={The Annals of Applied Statistics},
	volume={8},
	pages={1612--1639},
	year={2014},
	publisher={Institute of Mathematical Statistics}
}

@article{Meyer_etal_2017,
	title={Spatio-Temporal Analysis of Epidemic Phenomena Using the {R} Package surveillance},
	volume={77},
	journal={Journal of Statistical Software},
	author={Meyer, Sebastian and Held, Leonhard and HÃ¶hle, Michael},
	year={2017},
	pages={1â55}
}

@book {MeynandTweedie(1993),
	AUTHOR = {Meyn, S. P. and Tweedie, R. L.},
	TITLE = {{M}arkov Chains and Stochastic Stability},
	PUBLISHER = {Springer},
	ADDRESS = {London},
	YEAR = {1993}
}

@book {MeynandTweedie(2009),
	AUTHOR = {Meyn, S. P. and Tweedie, R. L.},
	TITLE = {{M}arkov Chains and Stochastic Stability},
	PUBLISHER = {Cambridge University Press},
	YEAR = {2009}
}

@article{Knightetal(2020),
	author = {M. Knight and K. Leeming and G. Nason and M. Nunes},
	title = {Generalized network autoregressive processes and the {GNAR} package},
	journal = {Journal of Statistical Software},
	volume = {96},
	year = {2020},
	pages = {1--36},
	url = {https://www.jstatsoft.org/v096/i05}
}

@ARTICLE{Neumann(2010),
	AUTHOR =       {M. Neumann},
	TITLE =        {Absolute regularity and ergodicity of {P}oisson count processes},
	JOURNAL =      {Bernoulli},
	YEAR =         {2011},
	volume =       {17},
	pages =        {1268--1284}
}


@book{neto2015,
	title={Error estimation for pattern recognition},
	author={Neto, Ulisses M Braga and Dougherty, Edward R},
	year={2015},
	publisher={John Wiley \& Sons}
}

@article{newey1991uniform,
	title={Uniform convergence in probability and stochastic equicontinuity},
	author={Newey, Whitney K},
	journal={Econometrica},
	volume={59},
	pages={1161--1167},
	year={1991},
	publisher={JSTOR}
}

@article{nowicki_2001,
	title={Estimation and prediction for stochastic blockstructures},
	author={Nowicki, Krzysztof and Snijders, Tom A B},
	journal={Journal of the American Statistical Association},
	volume={96},
	pages={1077--1087},
	year={2001},
	publisher={Taylor \& Francis}
}

@article{pan2001,
	title={Akaike's information criterion in generalized estimating equations},
	author={Pan, Wei},
	journal={Biometrics},
	volume={57},
	pages={120--125},
	year={2001},
	publisher={Wiley Online Library}
}

@article{paul_etal_2008,
	title={Multivariate modelling of infectious disease surveillance data},
	author={Paul, Michaela and Held, Leonhard and Toschke, Andr{\'e} M},
	journal={Statistics in Medicine},
	volume={27},
	pages={6250--6267},
	year={2008},
	publisher={Wiley Online Library}
}

@article{paul_etal_2011,
	title={Predictive assessment of a non-linear random effects model for multivariate time series of infectious disease counts},
	author={Paul, Michaela and Held, Leonhard},
	journal={Statistics in Medicine},
	volume={30},
	pages={1118--1136},
	year={2011},
	publisher={Wiley Online Library}
}

@article{pedeli2011,
	title={A bivariate {INAR} (1) process with application},
	author={Pedeli, Xanthi and Karlis, Dimitris},
	journal={Statistical Modelling},
	volume={11},
	pages={325--349},
	year={2011},
	publisher={Sage Publications Sage India: New Delhi, India}
}

@article{pedeli2013,
	title={On composite likelihood estimation of a multivariate {INAR} (1) model},
	author={Pedeli, Xanthi and Karlis, Dimitris},
	journal={Journal of Time Series Analysis},
	volume={34},
	pages={206--220},
	year={2013},
	publisher={Wiley Online Library}
}

@article{pedeli22013,
	title={Some properties of multivariate {INAR} (1) processes},
	author={Pedeli, Xanthi and Karlis, Dimitris},
	journal={Computational Statistics \& Data Analysis},
	volume={67},
	pages={213--225},
	year={2013},
	publisher={Elsevier}
}



@book{PoetscherandPrucha(1997),
	AUTHOR = {P\"{o}tscher, B. M. and Prucha, I. R.},
	TITLE = {Dynamic Nonlinear Econometric Models},
	NOTE = {Asymptotic theory},
	PUBLISHER = {Springer-Verlag, Berlin},
	YEAR = {1997}
}

@article{roberts_2004,
	title={General state space {M}arkov chains and {MCMC} algorithms},
	author={Roberts, Gareth O and Rosenthal, Jeffrey S},
	journal={Probability Surveys},
	volume={1},
	pages={20--71},
	year={2004},
	publisher={Institute of Mathematical Statistics and Bernoulli Society}
}

@article{rosen1956,
	title={A central limit theorem and a strong mixing condition},
	author={Rosenblatt, Murray},
	journal={Proceedings of the National Academy of Sciences of the United States of America},
	volume={42},
	pages={43--47},
	year={1956},
	publisher={National Academy of Sciences}
}


@book{ross2012,
	title = "Simulation",
	author = "Sheldon Ross",
	publisher = "Academic Press",
	edition = "Fifth Edition",
	year = "2012",
	isbn = "978-0-12-415825-2"
}

@book {seber2008,
	AUTHOR = {Seber, George A. F.},
	TITLE = {A Matrix Handbook for Statisticians},
	SERIES = {Wiley Series in Probability and Statistics},
	PUBLISHER = {Wiley, Hoboken, NJ},
	YEAR = {2008},
	PAGES = {xx+559},
	ISBN = {978-0-471-74869-4},
	MRCLASS = {62-00 (15-00)},
	MRNUMBER = {2365265},
}

@book{Serfozo_2009,
	title={Basics of applied stochastic processes},
	author={Serfozo, Richard},
	year={2009},
	publisher={Springer}
}

@book {Shiryaev(2016),
	AUTHOR = {Shiryaev, Albert N.},
	TITLE = {Probability. 1},
	SERIES = {Graduate Texts in Mathematics},
	VOLUME = {95},
	EDITION = {Third},
	NOTE = {Translated from the fourth (2007) Russian edition by R. P.
		Boas and D. M. Chibisov},
	PUBLISHER = {Springer, New York},
	YEAR = {2016},
	PAGES = {xvii+486},
	ISBN = {978-0-387-72205-4; 978-0-387-72206-1},
	MRCLASS = {60-01},
	MRNUMBER = {3467826},
}

@article {stock_watson_2002,
	AUTHOR = {Stock, James H. and Watson, Mark W.},
	TITLE = {Forecasting using principal components from a large number of
	predictors},
	JOURNAL = {Journal of the American Statistical Association},
	VOLUME = {97},
	YEAR = {2002},
	PAGES = {1167--1179},
	ISSN = {0162-1459},
	MRCLASS = {62M20 (62H25 62M10)},
	MRNUMBER = {1951271}
}



@book {tani2000,
	AUTHOR = {Taniguchi, Masanobu and Kakizawa, Yoshihide},
	TITLE = {Asymptotic Theory of Statistical Inference for Time Series},
	SERIES = {Springer Series in Statistics},
	PUBLISHER = {Springer-Verlag, New York},
	YEAR = {2000},
	PAGES = {xviii+661},
	ISBN = {0-387-95039-7},
	MRCLASS = {62M10},
	MRNUMBER = {1785484},
	MRREVIEWER = {Peter M. Robinson}
}

@article{terasvirta1994,
	title={Specification, estimation, and evaluation of smooth transition autoregressive models},
	author={Ter{\"a}svirta, Timo},
	journal={Journal of the American Statistical Association},
	volume={89},
	pages={208--218},
	year={1994}
}

@book{Terasvirtaetal(2010),
	AUTHOR = {Ter{\"a}svirta, T. and Tj{\o}stheim, D. and Granger, C. W. J. },
	TITLE = {Modelling Nonlinear Economic Time Series},
	PUBLISHER = {Oxford University Press},
	ADDRESS = {Oxford},
	YEAR = {2010}
}


@book{tong_1990,
	title={Non-linear time series: a dynamical system approach},
	author={Tong, Howell},
	year={1990},
	publisher={Oxford University Press}
}

@article{tru2021,
	title={A note on the stability of multivariate non-linear time series with an application to time series of counts},
	author={Debaly, Zinsou Max and Truquet, Lionel},
	journal={Statistics \& Probability Letters},
	volume={179},
	pages={1--7},
	year={2021},
}

@article{wang1987,
	title={Stochastic blockmodels for directed graphs},
	author={Wang, Yuchung J and Wong, George Y},
	journal={Journal of the American Statistical Association},
	volume={82},
	pages={8--19},
	year={1987},
	publisher={Taylor \& Francis Group}
}

@book{van2000,
	title={Asymptotic Statistics},
	author={Van der Vaart, Aad W.},
	year={2000},
	publisher={Cambridge University Press}
}

@article{Wangetal(2014),
	author = {Wang, C. and Liu, H. and Yao, J.-F. and Davis, R. A. and Li, W. K.},
	title = {Self-excited threshold {P}oisson autoregression},
	journal = {Journal of the American Statistical Association},
	volume = {109},
	pages = {777-787},
	year = {2014},
}



@book{wass1994,
	title={Social Network Analysis: Methods and Applications},
	author={Wasserman, Stanley and Faust, Katherine and others},
	volume={8},
	year={1994},
	publisher={Cambridge university press}
}

@book{weiss2018,
	title={An Introduction to Discrete-valued Time Series},
	author={Wei{\ss}, Christian H},
	year={2018},
	publisher={John Wiley \& Sons}
}



@article{Woodardetall(2010),
	AUTHOR =       {D. W. Woodard, and D. S. Matteson, and S. G. Henderson},
	TITLE =        {Stationarity of count-valued and nonlinear time series models},
	year  =        {2011},
	JOURNAL =      {Electronic Journal of Statistics},
	volume =       {5},
	pages =        {800--828}
}




@article{wu2017,
	title={Gaussian approximation for high dimensional time series},
	author={Zhang, Danna and Wu, Wei Biao},
	journal={The Annals of Statistics},
	volume={45},
	pages={1895--1919},
	year={2017},
	publisher={Institute of Mathematical Statistics}
}

@article{zhao_2012,
	title={Consistency of community detection in networks under degree-corrected stochastic block models},
	author={Zhao, Yunpeng and Levina, Elizaveta and Zhu, Ji and others},
	journal={The Annals of Statistics},
	volume={40},
	number={4},
	pages={2266--2292},
	year={2012},
	publisher={Institute of Mathematical Statistics}
}

@article{zhou2020,
	title={Network {GARCH} model},
	author={Zhou, Jing and Li, Dong and Pan, Rui and Wang, Hansheng},
	journal={Statistica Sinica},
	volume={30},
	pages={1--18},
	year={2020}
}




@Article{Zeger(1988),
	author =   "Zeger, S. L.",
	title =    "A regression model for time series of counts",
	journal =  "Biometrika",
	year =    "1988",
	volume =   "75",
	pages =    "621--629"
}





@article{zhu2017,
	title={Network vector autoregression},
	author={Zhu, Xuening and Pan, Rui and Li, Guodong and Liu, Yuewen and Wang, Hansheng},
	journal={The Annals of Statistics},
	volume={45},
	pages={1096--1123},
	year={2017},
	publisher={Institute of Mathematical Statistics}
}

@article{zhu2019,
	title={Network quantile autoregression},
	author={Zhu, Xuening and Wang, Weining and Wang, Hansheng and H{\"a}rdle, Wolfgang Karl},
	journal={Journal of Econometrics},
	volume={212},
	pages={345--358},
	year={2019},
	publisher={Elsevier}
}

@article{zhu2020,
	title={Grouped network vector autoregression},
	author={Zhu, Xuening and Pan, Rui},
	journal={Statistica Sinica},
	volume={30},
	pages={1437--1462},
	year={2020}
}
