@article{van2013scientists,
  title={Scientists join journal editors to fight impact-factor abuse},
  author={Van Noorden, Richard},
  journal={Nature News Blog},
  volume={16},
  year={2013}
}

@article{hicks2015bibliometrics,
  title={Bibliometrics: the Leiden Manifesto for research metrics},
  author={Hicks, Diana and Wouters, Paul and Waltman, Ludo and De Rijcke, Sarah and Rafols, Ismael},
  journal={Nature},
  volume={520},
  number={7548},
  pages={429--431},
  year={2015},
  publisher={Nature Publishing Group}
}

@article{priem2011altmetrics,
  title={Altmetrics: A manifesto},
  author={Priem, Jason and Taraborelli, Dario and Groth, Paul and Neylon, Cameron},
  year={2011}
}

@inproceedings{sinha2015overview,
  title={An overview of microsoft academic service (mas) and applications},
  author={Sinha, Arnab and Shen, Zhihong and Song, Yang and Ma, Hao and Eide, Darrin and Hsu, Bo-June and Wang, Kuansan},
  booktitle={Proceedings of the 24th international conference on world wide web},
  pages={243--246},
  year={2015}
}

@misc{wang2019review,
  title={A review of Microsoft academic services for science of science studies. Front. Big Data 2, 45 (2019)},
  author={Wang, K and others},
  year={2019}
}

@article{wang2020microsoft,
  title={Microsoft academic graph: When experts are not enough},
  author={Wang, Kuansan and Shen, Zhihong and Huang, Chiyuan and Wu, Chieh-Han and Dong, Yuxiao and Kanakia, Anshul},
  journal={Quantitative Science Studies},
  volume={1},
  number={1},
  pages={396--413},
  year={2020},
  publisher={MIT Press One Rogers Street, Cambridge, MA 02142-1209, USA journals-info~…}
}

@article{ammar2018construction,
  title={Construction of the literature graph in semantic scholar},
  author={Ammar, Waleed and Groeneveld, Dirk and Bhagavatula, Chandra and Beltagy, Iz and Crawford, Miles and Downey, Doug and Dunkelberger, Jason and Elgohary, Ahmed and Feldman, Sergey and Ha, Vu and others},
  journal={arXiv preprint arXiv:1805.02262},
  year={2018}
}

@article{herzog2020dimensions,
  title={Dimensions: Bringing down barriers between scientometricians and data},
  author={Herzog, Christian and Hook, Daniel and Konkiel, Stacy},
  journal={Quantitative Science Studies},
  volume={1},
  number={1},
  pages={387--395},
  year={2020},
  publisher={MIT Press One Rogers Street, Cambridge, MA 02142-1209, USA journals-info~…}
}

@article{hook2018dimensions,
  title={Dimensions: building context for search and evaluation},
  author={Hook, Daniel W and Porter, Simon J and Herzog, Christian},
  journal={Frontiers in Research Metrics and Analytics},
  volume={3},
  pages={23},
  year={2018},
  publisher={Frontiers Media SA}
}

@article{hendricks2020crossref,
  title={Crossref: The sustainable source of community-owned scholarly metadata},
  author={Hendricks, Ginny and Tkaczyk, Dominika and Lin, Jennifer and Feeney, Patricia},
  journal={Quantitative Science Studies},
  volume={1},
  number={1},
  pages={414--427},
  year={2020},
  publisher={MIT Press One Rogers Street, Cambridge, MA 02142-1209, USA journals-info~…}
}

@article{van2018crossref,
  title={Crossref as a new source of citation data: A comparison with Web of Science and Scopus},
  author={Van Eck, Nees Jan and Waltman, Ludo and Larivi{\`e}re, Vincent and Sugimoto, Cassidy},
  journal={CWTS Blog},
  volume={17},
  year={2018}
}

@article{dallas2018variable,
  title={Variable bibliographic database access could limit reproducibility},
  author={Dallas, Tad and Gehman, Alyssa-Lois and Farrell, Maxwell J},
  journal={BioScience},
  volume={68},
  number={8},
  pages={552--553},
  year={2018},
  publisher={Oxford University Press}
}

@article{wanyama2022you,
  title={Where you search determines what you find: the effects of bibliographic databases on systematic reviews},
  author={Wanyama, Seperia B and McQuaid, Ronald W and Kittler, Markus},
  journal={International Journal of Social Research Methodology},
  volume={25},
  number={3},
  pages={409--422},
  year={2022},
  publisher={Taylor \& Francis}
}

@article{kulkanjanapiban2022comparative,
  title={Comparative analysis of Dimensions and Scopus bibliographic data sources: an approach to university research productivity.},
  author={Kulkanjanapiban, Pachisa and Silwattananusarn, Tipawan},
  journal={International Journal of Electrical \& Computer Engineering (2088-8708)},
  volume={12},
  number={1},
  year={2022}
}

@article{singh2021journal,
  title={The journal coverage of Web of Science, Scopus and Dimensions: A comparative analysis},
  author={Singh, Vivek Kumar and Singh, Prashasti and Karmakar, Mousumi and Leta, Jacqueline and Mayr, Philipp},
  journal={Scientometrics},
  volume={126},
  number={6},
  pages={5113--5142},
  year={2021},
  publisher={Springer}
}

@article{martin2021google,
  title={Google Scholar, Microsoft Academic, Scopus, Dimensions, Web of Science, and OpenCitations’ COCI: a multidisciplinary comparison of coverage via citations},
  author={Mart{\'\i}n-Mart{\'\i}n, Alberto and Thelwall, Mike and Orduna-Malea, Enrique and Delgado L{\'o}pez-C{\'o}zar, Emilio},
  journal={Scientometrics},
  volume={126},
  number={1},
  pages={871--906},
  year={2021},
  publisher={Springer}
}

@article{visser2021large,
  title={Large-scale comparison of bibliographic data sources: Scopus, Web of Science, Dimensions, Crossref, and Microsoft Academic},
  author={Visser, Martijn and van Eck, Nees Jan and Waltman, Ludo},
  journal={Quantitative Science Studies},
  volume={2},
  number={1},
  pages={20--41},
  year={2021},
  publisher={MIT Press}
}

@misc{waltman2020special,
  title={Special issue on bibliographic data sources},
  author={Waltman, Ludo and Larivi{\`e}re, Vincent},
  journal={Quantitative Science Studies},
  volume={1},
  number={1},
  pages={360--362},
  year={2020},
  publisher={MIT Press One Rogers Street, Cambridge, MA 02142-1209, USA journals-info~…}
}

@article{scheidsteger2022comparison,
  title={Comparison of metadata with relevance for bibliometrics between Microsoft Academic Graph and OpenAlex until 2020},
  author={Scheidsteger, Thomas and Haunschild, Robin},
  journal={arXiv preprint arXiv:2206.14168},
  year={2022}
}

@article{priem2022openalex,
  title={OpenAlex: A fully-open index of scholarly works, authors, venues, institutions, and concepts},
  author={Priem, Jason and Piwowar, Heather and Orr, Richard},
  journal={arXiv preprint arXiv:2205.01833},
  year={2022},
  url={http://altmetrics.org/manifesto}
}

@inproceedings{wohlin2014guidelines,
    author = {Wohlin, Claes},
    title = {Guidelines for snowballing in systematic literature studies and a replication in software engineering},
    year = {2014},
    isbn = {9781450324762},
    booktitle = {Proceedings of the 18th international conference on evaluation and assessment in software engineering},
    publisher = {Association for Computing Machinery},
    address = {New York, NY, USA},
    url = {https://doi.org/10.1145/2601248.2601268},
    doi = {10.1145/2601248.2601268},
    location = {London, England, United Kingdom},
    series = {EASE '14}
}

@article{siddaway2019systemicreview,
    author = {Siddaway, Andy P. and Wood, Alex M. and Hedges, Larry V.},
    title = {How to Do a Systematic Review: A Best Practice Guide for Conducting and Reporting Narrative Reviews, Meta-Analyses, and Meta-Syntheses},
    journal = {Annual Review of Psychology},
    volume = {70},
    number = {1},
    pages = {747-770},
    year = {2019},
    doi = {10.1146/annurev-psych-010418-102803}
}

@article{mcweeny2022rapid,
    author = {McWeeny, Sean and Choi, Soujin and Choe, June and LaTourrette, Alexander and Roberts, Megan Y. and Norton, Elizabeth S.},
    title = {Rapid Automatized Naming (RAN) as a Kindergarten Predictor of Future Reading in English: A Systematic Review and Meta-analysis},
    journal = {Reading Research Quarterly},
    volume = {57},
    number = {4},
    pages = {1187-1211},
    doi = {https://doi.org/10.1002/rrq.467},
    url = {https://ila.onlinelibrary.wiley.com/doi/abs/10.1002/rrq.467},
    year = {2022}
}

@Manual{snowglobe,
    author = {McWeeny, Sean and Choe, June and Norton, Elizabeth S.},
    title = {SnowGlobe: An Iterative Search Tool for Systematic Reviews and Meta-Analyses},
    doi = {https://doi.org/10.17605/OSF.IO/U25RN},
    year = 2021
}

@Manual{oaR,
    title = {openalexR: Getting Bibliographic Records from 'OpenAlex' Database Using
'DSL' API},
    author = {Massimo Aria},
    year = {2022},
    note = {https://github.com/massimoaria/openalexR,
https://massimoaria.github.io/openalexR/},
  }

@article{bilder2015principles,
  title={Principles for open scholarly infrastructures},
  author={Bilder, Geoffrey and Lin, Jennifer and Neylon, Cameron},
  journal={Science in the Open},
  pages={49--72},
  year={2015},
  publisher={S{\"o}nke Bartling and Sascha Friesike}
}

@article{du2021citeas, 
  title={CiteAs: Better Software through Sociotechnical Change for Better Software Citation},
  journal={Companion Publication of the 2021 Conference on Computer Supported Cooperative Work and Social Computing},
  year={2021},
  publisher={ACM},
  author={Du, Caifan and Cohoon, Johanna and Priem, Jason and Piwowar, Heather and Meyer, Casey and Howison, James}
}

@article{chawla2017unpaywall, 
  title={Unpaywall finds free versions of paywalled papers},
  journal={Nature},
  year={2017},
  publisher={Springer Science and Business Media LLC},
  author={Chawla, Dalmeet Singh}
}

@Manual{hadley2022httr,
    title = {httr: Tools for Working with URLs and HTTP},
    author = {Hadley Wickham},
    year = {2022},
    note = {R package version 1.4.4},
    url = {https://CRAN.R-project.org/package=httr},
}


@article{aria2017bibliometrix,
  title={bibliometrix: An R-tool for comprehensive science mapping analysis},
  author={Aria, Massimo and Cuccurullo, Corrado},
  journal={Journal of informetrics},
  volume={11},
  number={4},
  pages={959--975},
  year={2017},
  publisher={Elsevier}
}

  @Manual{tidygraph,
    title = {tidygraph: A Tidy API for Graph Manipulation},
    author = {Thomas Lin Pedersen},
    year = {2022},
    note = {R package version 1.2.2},
    url = {https://CRAN.R-project.org/package=tidygraph},
  }

  @Manual{ggraph,
    title = {ggraph: An Implementation of Grammar of Graphics for Graphs and Networks},
    author = {Thomas Lin Pedersen},
    year = {2022},
    note = {R package version 2.1.0},
    url = {https://CRAN.R-project.org/package=ggraph},
  }

 @Manual{devtools,
    title = {devtools: Tools to Make Developing R Packages Easier},
    author = {Hadley Wickham and Jim Hester and Winston Chang and Jennifer Bryan},
    year = {2022},
    note = {R package version 2.4.5},
    url = {https://CRAN.R-project.org/package=devtools},
  }
  
@Manual{remotes,
    title = {remotes: R Package Installation from Remote Repositories, Including
'GitHub'},
    author = {Gábor Csárdi and Jim Hester and Hadley Wickham and Winston Chang and Martin Morgan and Dan Tenenbaum},
    year = {2021},
    note = {R package version 2.4.2},
    url = {https://CRAN.R-project.org/package=remotes},
  }

@article{belfiore2022characterising,
  title={Characterising Research Areas in the field of AI},
  author={Belfiore, Alessandra and Salatino, Angelo and Osborne, Francesco},
  journal={arXiv preprint arXiv:2205.13471},
  year={2022}
}

  @article{wais2016gender,
  title={Gender prediction methods based on first names with genderizeR.},
  author={Wais, Kamil},
  journal={R J.},
  volume={8},
  number={1},
  pages={17},
  year={2016}
}

@techreport{winter2017rentrez,
  title={rentrez: An R package for the NCBI eUtils API},
  author={Winter, David J},
  year={2017},
  institution={PeerJ Preprints}
}

@article{chen2017science,
author = {Chen, Chaomei},
doi = {doi:10.1515/jdis-2017-0006},
url = {https://doi.org/10.1515/jdis-2017-0006},
title = {Science Mapping: A Systematic Review of the Literature},
journal = {Journal of Data and Information Science},
number = {2},
volume = {2},
year = {2017},
pages = {1--40}
}
