@TechReport{andersson_non-linear_2007,
  author =	 {Jesper LR Andersson and Mark Jenkinson and Stephen
                  Smith},
  title =	 {Non-linear registration, aka {Spatial} normalisation},

  institution =  {FMRIB Analysis Group of the University of Oxford},
  year =	 2007,
  type =	 {{FMRIB} technical report},
  number =	 {{TR}07JA2},
  url =
                  {http://fmrib.medsci.ox.ac.uk/analysis/techrep/tr07ja2/tr07ja2.pdf},
  urldate =	 {2014-11-04},
}

@Article{ashburner_unified_2005,
  title =	 {Unified Segmentation},
  volume =	 26,
  number =	 3,
  journal =	 {NeuroImage},
  author =	 {John Ashburner and Karl J. Friston},
  year =	 2005,
  pages =	 {839--851},
}

@Article{avants_reproducible_2011,
  title =	 {A reproducible evaluation of {ANTs} similarity
                  metric performance in brain image registration},
  volume =	 54,
  number =	 3,
  journal =	 {NeuroImage},
  author =	 {Brian B. Avants and Nicholas J. Tustison and Gang
                  Song and Philip A. Cook and Arno Klein and James
                  C. Gee},
  month =	 feb,
  year =	 2011,
  pages =	 {2033--2044},
}

@Article{bordier_temporal_2011,
  title =	 {Temporal and spatial independent component analysis
                  for {fMRI} data sets embedded in the {AnalyzeFMRI}
                  {R} package},
  volume =	 44,
  number =	 9,
  journal =	 {Journal of Statistical Software},
  author =	 {C\'ecile Bordier and Michel Dojat and Pierre Lafaye
                  de Micheaux},
  year =	 2011,
  pages =	 {1--24},
  url =		 {http://www.jstatsoft.org/v44/i09/},
}

@Article{carp_secret_2012,
  title =	 {The secret lives of experiments: {Methods} reporting
                  in the {fMRI} literature},
  volume =	 63,
  number =	 1,
  journal =	 {NeuroImage},
  author =	 {Joshua Carp},
  month =	 oct,
  year =	 2012,
  pages =	 {289--300},
}

@InCollection{cleveland_local_1992,
  title =	 {Local regression models},
  booktitle =	 {Statistical Models in S},
  author =	 {William S. Cleveland and Eric Grosse and William
                  M. Shyu},
  year =	 1992,
  pages =	 {309--376},
}

@Article{cox_afni:_1996,
  title =	 {{AFNI}: Software for analysis and visualization of
                  functional magnetic resonance neuroimages},
  volume =	 29,
  number =	 3,
  journal =	 {Computers and Biomedical Research},
  author =	 {Robert W. Cox},
  year =	 1996,
  pages =	 {162--173},
}

@Article{doshi_multi-atlas_2013,
  title =	 {Multi-Atlas Skull-Stripping},
  volume =	 20,
  number =	 12,
  journal =	 {Academic Radiology},
  author =	 {Jimit Doshi and Guray Erus and Yangming Ou and
                  Bilwaj Gaonkar and Christos Davatzikos},
  month =	 dec,
  year =	 2013,
  pages =	 {1566--1576},
}

@Article{eloyan_health_2014,
  title =	 {Health Effects of Lesion Localization in
                  Multiple Sclerosis: {Spatial} Registration and
                  Confounding Adjustment},
  volume =	 9,
  number =	 9,
  journal =	 {PLoS ONE},
  author =	 {Ani Eloyan and Haochang Shou and Russell
                  T. Shinohara and Elizabeth M. Sweeney and Mary Beth
                  Nebel and Jennifer L. Cuzzocreo and Peter
                  A. Calabresi and Daniel S. Reich and Martin
                  A. Lindquist and Ciprian M. Crainiceanu},
  month =	 sep,
  year =	 2014,
  pages =	 {e107263},
}

@Article{fischl_freesurfer_2012,
  title =	 {{FreeSurfer}},
  volume =	 62,
  number =	 2,
  journal =	 {NeuroImage},
  author =	 {Bruce Fischl},
  year =	 2012,
  pages =	 {774--781},
}

@Article{gorgolewski_nipype:_2011,
  title =	 {Nipype: A flexible, lightweight and extensible
                  neuroimaging data processing framework in {P}ython},
  volume =	 5,
  number =	 13,
  journal =	 {Frontiers in Neuroinformatics},
  author =	 {Krzysztof Gorgolewski and Christopher D. Burns and
                  Cindee Madison and Dav Clark and Yaroslav
                  O. Halchenko and Michael L. Waskom and Satrajit
                  S. Ghosh},
  year =	 2011,
}

@InCollection{hutchison_symmetric_2006,
  address =	 {Berlin, Heidelberg},
  title =	 {Symmetric Atlasing and Model Based
                  Segmentation: {An} Application to the
                  Hippocampus in Older Adults},
  volume =	 4191,
  booktitle =	 {Medical {Image} {Computing} and
                  {Computer}-{Assisted} {Intervention} – {MICCAI}
                  2006},
  publisher =	 {Springer Berlin Heidelberg},
  author =	 {Günther Grabner and Andrew L. Janke and Marc
                  M. Budge and David Smith and Jens Pruessner and
                  D. Louis Collins},
  editor =	 {David Hutchison and Takeo Kanade and Josef Kittler
                  and Jon M. Kleinberg and Friedemann Mattern and John
                  C. Mitchell and Moni Naor and Oscar Nierstrasz and
                  C. Pandu Rangan and Bernhard Steffen and Madhu Sudan
                  and Demetri Terzopoulos and Dough Tygar and Moshe
                  Y. Vardi and Gerhard Weikum and Rasmus Larsen and
                  Mads Nielsen and Jon Sporring},
  year =	 2006,
  pages =	 {58--66},
}

@Article{guillemaud_estimating_1997,
  title =	 {Estimating the bias field of {MR} images},
  volume =	 16,
  number =	 3,
  journal =	 {IEEE Transactions on Medical Imaging},
  author =	 {Régis Guillemaud and Michael Brady},
  year =	 1997,
  pages =	 {238--251},
}

@Book{hastie_generalized_1990,
  title =	 {Generalized Additive Models},
  volume =	 43,
  publisher =	 {CRC Press},
  author =	 {Trevor J. Hastie and Robert J. Tibshirani},
  year =	 1990,
}

@Article{jenkinson_improved_2002,
  title =	 {Improved optimization for the robust and accurate
                  linear registration and motion correction of brain
                  images},
  volume =	 17,
  number =	 2,
  journal =	 {NeuroImage},
  author =	 {Mark Jenkinson and Peter Bannister and Michael Brady
                  and Stephen Smith},
  year =	 2002,
  pages =	 {825--841},
}

@Article{jenkinson_fsl_2012,
  title =	 {{FSL}},
  volume =	 62,
  number =	 2,
  journal =	 {NeuroImage},
  author =	 {Mark Jenkinson and Christian F. Beckmann and Timothy
                  E. J. Behrens and Mark W. Woolrich and Stephen
                  M. Smith},
  month =	 aug,
  year =	 2012,
  pages =	 {782--790},
}

@InProceedings{jenkinson_bet2:_2005,
  title =	 {{BET}2: {MR}-based estimation of brain, skull and
                  scalp surfaces},
  volume =	 17,
  url =		 {http://mickaelpechaud.free.fr/these/HBM05.pdf},
  urldate =	 {2014-09-12},
  booktitle =	 {Eleventh Annual Meeting of the Organization for
                  Human Brain Mapping},
  author =	 {Mark Jenkinson and Mickael Pechaud and Stephen
                  Smith},
  year =	 2005,
}

@Article{jenkinson_global_2001,
  title =	 {A global optimisation method for robust affine
                  registration of brain images},
  volume =	 5,
  number =	 2,
  journal =	 {Medical Image Analysis},
  author =	 {Mark Jenkinson and Stephen Smith},
  year =	 2001,
  pages =	 {143--156},
}

@Article{popescu_optimizing_2012,
  title =	 {Optimizing parameter choice for {FSL}-{Brain}
                  {Extraction} {Tool} ({BET}) on 3D {T}1 images in
                  multiple sclerosis},
  volume =	 61,
  number =	 4,
  journal =	 {NeuroImage},
  author =	 {V. Popescu and M. Battaglini and W. S. Hoogstrate
                  and S. C. J. Verfaillie and I. C. Sluimer and
                  R. A. van Schijndel and B. W. van Dijk and
                  K. S. Cover and D. L. Knol and M. Jenkinson and
                  F. Barkhof and N. de Stefano and H. Vrenken},
  month =	 jul,
  year =	 2012,
  pages =	 {1484--1494},
}

@Article{sled_nonparametric_1998,
  title =	 {A nonparametric method for automatic correction of
                  intensity nonuniformity in {MRI} data},
  volume =	 17,
  number =	 1,
  journal =	 {IEEE Transactions on Medical Imaging},
  author =	 {John G. Sled and Alex P. Zijdenbos and Alan
                  C. Evans},
  year =	 1998,
  pages =	 {87--97},
}

@Article{smith_fast_2002,
  title =	 {Fast robust automated brain extraction},
  volume =	 17,
  number =	 3,
  journal =	 {Human Brain Mapping},
  author =	 {Stephen M Smith},
  month =	 nov,
  year =	 2002,
  pages =	 {143--155},
}

@Article{sweeney_automatic_2013,
  title =	 {Automatic Lesion Incidence Estimation and
                  Detection in Multiple Sclerosis Using
                  Multisequence Longitudinal {MRI}},
  volume =	 34,
  number =	 1,
  journal =	 {American Journal of Neuroradiology},
  author =	 {E. M. Sweeney and R. T. Shinohara and C. D. Shea and
                  D. S. Reich and C. M. Crainiceanu},
  month =	 jan,
  year =	 2013,
  pages =	 {68--73},
}

@Article{tabelow_statistical_2011,
  title =	 {Statistical parametric maps for functional {MRI}
                  experiments in {R}: {The} package fmri},
  volume =	 44,
  url =		 {http://www.jstatsoft.org/v44/i11/},
  number =	 11,
  journal =	 {Journal of Statistical Software},
  author =	 {Karsten Tabelow and Jörg Polzehl},
  year =	 2011,
  pages =	 {1--21},
}

@InProceedings{tsang_comparison_2007,
  title =	 {Comparison of Brain Masking Techniques in
                  Functional Magnetic Resonance Imaging},
  booktitle =	 {Engineering in {Medicine} and {Biology} {Workshop},
                  2007 {IEEE} {Dallas}},
  author =	 {On Tsang and A. Gholipour and N. Kehtarnavaz and
                  Kaundinya Gopinath and R. Briggs},
  month =	 nov,
  year =	 2007,
  pages =	 {78--81},
}

@Article{tustison_n4itk:_2010,
  title =	 {N4ITK: Improved {N}3 bias correction},
  volume =	 29,
  number =	 6,
  journal =	 {IEEE Transactions on Medical Imaging},
  author =	 {Nicholas J. Tustison and Brian B. Avants and Philip
                  A. Cook and Yuanjie Zheng and Alexander Egan and
                  Paul A. Yushkevich and James C. Gee},
  year =	 2010,
  pages =	 {1310--1320},
}

@Article{whitcher_working_2011,
  title =	 {Working with the {DICOM} and {NIfTI} Data
                  Standards in {R}},
  volume =	 44,
  url =		 {http://www.jstatsoft.org/v44/i06/},
  number =	 6,
  journal =	 {Journal of Statistical Software},
  author =	 {Brandon Whitcher and Volker J. Schmid and Andrew
                  Thornton},
  year =	 2011,
  pages =	 {1--28},
}

@Book{wickham_ggplot2:_2009,
  title =	 {ggplot2: Elegant Graphics for Data Analysis},
  url =		 {http://had.co.nz/ggplot2/book},
  publisher =	 {Springer},
  author =	 {Hadley Wickham},
  year =	 2009,
}

@Article{wood_fast_2011,
  title =	 {Fast stable restricted maximum likelihood and
                  marginal likelihood estimation of semiparametric
                  generalized linear models},
  volume =	 73,
  number =	 1,
  journal =	 {Journal of the Royal Statistical Society: Series B
                  (Statistical Methodology)},
  author =	 {Simon N. Wood},
  year =	 2011,
  pages =	 {3--36},
}

@Article{zhang_segmentation_2001,
  title =	 {Segmentation of brain {MR} images through a hidden
                  {Markov} random field model and the
                  expectation-maximization algorithm},
  volume =	 20,
  number =	 1,
  journal =	 {IEEE Transactions on Medical Imaging},
  author =	 {Yongyue Zhang and Michael Brady and Stephen Smith},
  year =	 2001,
  pages =	 {45--57},
}

@Article{EBImage,
  title =	 {{EBImage}---An {R} package for image processing with
                  applications to cellular phenotypes},
  author =	 {Gregoire Pau and Florian Fuchs and Oleg Sklyar and
                  Michael Boutros and Wolfgang Huber},
  journal =	 {Bioinformatics},
  volume =	 26,
  number =	 7,
  pages =	 {979--981},
  year =	 2010,
}

@Manual{modat_rniftyreg:_2013,
  title =	 {RNiftyReg: Medical Image Registration Using the
                  NiftyReg Library},
  author =	 {Jon Clayden},
  year =	 2015,
  note =	 {R package version 1.1.3, based on original code by Marc Modat and Pankaj Daga},
  url =		 {http://CRAN.R-project.org/package=RNiftyReg},
}


@Manual{ANTsR,
  title =	 {ANTsR: An R Package Providing ANTs Features in R},
  author =	 {Brian B. Avants and Benjamin M. Kandel and Jeff
                  T. Duda and Philip A. Cook and Nicholas J. Tustison},
  year =	 2015,
  note =	 {R package version 0.3.1},
  url =		 {http://stnava.github.io/ANTsR/},
}






