@InCollection{Aalen1980,
  author = {O O Aalen},
  title = {A Model for Non-Parametric Regression Analysis of Counting Processes},
  booktitle = {{Lecture Notes in Statistics-2: Mathematical Statistics and Probability Theory}},
  editor = {W Klonecki and A Kozek and J Rosinski},
  publisher = {Springer-Verlag},
  address = {New York},
  year = {1980},
  pages = {1-25},
}

@Article{Aalen1989,
  author = {O O Aalen},
  title = {A Linear Regression Model for the Analysis of Life Times},
  journal = {Statistics in Medicine},
  volume = {8},
  year = {1989},
  pages = {907-925},
  doi = {10.1002/sim.4780080803},
}

@Article{Barlow1994,
  author = {W E Barlow},
  title = {Robust Variance Estimation for the Case-Cohort Design},
  journal = {Biometrics},
  volume = {50},
  number = {4},
  year = {1994},
  pages = {1064-1072},
  doi = {10.2307/2533444},
}

@Article{Borgan_etal2000,
  author = {{\O} Borgan and B Langholz and S O Samuelsen and L Goldstein and J Pogoda},
  title = {Exposure Stratified Case-Cohort Designs},
  journal = {Lifetime Data Analysis},
  volume = {6},
  number = {1},
  year = {2000},
  pages = {39-58},
  doi = {10.1023/a:1009661900674},
}

@Book{Borgan_etal2008,
  author = {O O Aalen and {\O} Borgan and H K Gjessing},
  title = {Survival and Event History Analysis},
  publisher = {Springer-Verlag},
  series = {Statistics for Biology and Health},
  year = {2008},
  edition = {1st},
  doi = {10.1007/978-0-387-68560-1},
}

@Article{Cai_Zheng2012,
  author = {T Cai and Y Zheng},
  title = {Evaluating Prognostic Accuray of Biomarkers in Nested Case-Control Studies},
  journal = {Biostatistics},
  volume = {13},
  number = {1},
  year = {2012},
  pages = {89-100},
  doi = {10.1093/biostatistics/kxr021},
}

@Article{Chen2001,
  author = {K N Chen},
  title = {Generalized Case-Cohort Sampling},
  journal = {Journal of the Royal Statistical Society B},
  volume = {63},
  number = {4},
  year = {2001},
  pages = {791-809},
  doi = {10.1111/1467-9868.00313},
}

@Article{Clendenen_etal2011,
  author =	 {T V Clendenen and E Lundin and A Zeleniuch-Jacquotte
                  and K L Koenig and F Berrino and A Lukanova and A E
                  Lokshin and A Idahl and N Ohlson and G Hallmans and
                  V Krogh and S Sieri and P Muti and A Marrangoni and
                  B M Nolen and M L Liu and R E Shore and A A Arslan},
  title =	 {Circulation Inflammation Markers and Risk of
                  Epithelial Ovarian Cancer},
  journal =	 {Cancer Epidemiology, Biomarkers and Prevention},
  volume =	 {20},
  number =	 {5},
  year =	 {2011},
  pages =	 {799-810},
  doi =		 {10.1158/1055-9965.epi-10-1180},
}

@Article{Cochran_Rubin1973,
  author = {W G Cochran and D B Rubin},
  title = {Controlling Bias in Observational Studies: {A} Review},
  journal = {Sankhy\={a}: The Indian Journal of Statistics A},
  volume = {35},
  number = {4},
  year = {1973},
  pages = {417-446},
  doi = {10.1017/cbo9780511810725.005},
}

@Manual{Epi,
  title = {Epi: A Package for Statistical Analyis in Epidemiology.},
  author = {B Carstensen and M Plummer and E Laara and M Hills},
  year = {2016},
  note = {R package version 2.0.},
  url = {https://CRAN.R-project.org/package=Epi},
}

@Article{Floderus_etal1993,
  title = {Occupational Exposure to Electromagnetic Fields in Relation to Leukemia and Brain Tumors: {A} Case-Control Study in {S}weden},
  author = {B Floderus and T Persson and C Stenlund and A Wennberg and {\AA} \"{O}st and B Knave},
  journal = {Cancer Causes and Control},
  volume = {4},
  number = {5},
  pages = {465-476},
  year = {1993},
  doi = {10.1007/bf00050866},
}

@Manual{gam,
  title = {gam: Generalized Additive Models},
  author = {Trevor Hastie},
  year = {2015},
  note = {R package version 1.12},
  url = {https://CRAN.R-project.org/package=gam},
}

@Article{Grimsrud2002,
  title = {Exposure to Different Forms of Nickel and Risk of Lung Cancer},
  author = {T K Grimsrud and S R Berge and T Haldorsen and A Andersen},
  journal = {American Journal of Epidemiology},
  volume = {156},
  number = {12},
  pages = {1123-1132},
  year = {2002},
  doi = {10.1093/aje/kwf165},
}

@Article{Hankinson_etal1998,
  title = {Circulating Concentrations of Insulin-Like Growth Factor-{I} and Risk of Breast Cancer},
  author = {S E Hankinson and W C Willett and G A Colditz and D J Hunter and D S Michaud and B Deroo and B Rosner and F E Speizer and M Pollak},
  journal = {The Lancet},
  volume = {351},
  number = {9113},
  pages = {1393-1396},
  year = {1998},
  doi = {10.1016/s0140-6736(97)10384-1},
}

@Book{Hastie_Tibshirani1990,
  title = {Generalized Additive Models},
  author = {T J Hastie and R J Tibshirani},
  address = {London},
  publisher = {Chapman \& Hall},
  year = {2009},
}

@Article{Hansen_Hurwitz1943,
  author = {M H Hansen and W N Hurwitz},
  title = {On the Theory of Sampling from Finite Populations},
  journal = {Annals of Mathematical Statistics},
  volume = {14},
  year = {1943},
  pages = {333-362},
  doi = {10.1214/aoms/1177731356},
}

@Article{Ho_etal2011,
  title = {{MatchIt}: Nonparametric Preprocessing for Parametric Causal Inference},
  author = {D E Ho and K Imai and G King and E A Stuart},
  journal = {Journal of Statistical Software},
  year = {2011},
  volume = {42},
  number = {8},
  pages = {1--28},
  doi = {10.18637/jss.v042.i08},
}

@Article{Horvitz_Thompson1952,
  author = {D G Horvitz and D J Thompson},
  title = {A Generalization of Sampling Without Replacement From a Finite Universe},
  journal = {Journal of the American Statistical Association},
  volume = {47},
  number = {260},
  year = {1952},
  pages = {663-685},
  doi = {10.1080/01621459.1952.10483446},
}

@Article{Hultman_etal1999,
  author = {C M Hultman and P Spar\'{e}n and N Takei and R M Murray and S Cnattingius},
  title = {Prenatal and Perinatal Risk Factors for Schizophrenia and
                  Affective Psychosis, and Reactive Psychosis of Early
                  Onset: {C}ase-Control Study},
  journal = {British Medical Journal},
  volume = {318},
  number = {7181},
  year = {1999},
  pages = {421-426},
  doi = {10.1136/bmj.318.7181.421},
}

@Article{Katki_Mark2008,
  author =	 {H A Katki and S D Mark},
  title =	 {Survival Analysis for Cohorts with Missing Covariate
                  Information},
  journal =	 {R News},
  volume =	 {8},
  number =	 {1},
  year =	 {2008},
  pages =	 {14-19},
  url =
                  {https://CRAN.R-project.org/doc/Rnews/Rnews_2008-1.pdf}
}

@Article{Levine_etal2004,
  author = {R J Levine and S E Maynard and C Qian and K H Lim and L J England and K F Yu and E F Schisterman and R Thadhani and B P Sachs and F H Epstein and B M Sibai and V P Sukhatme and S A Karumanchi},
  title = {Circulating Angiogenic Factors and the Risk of Preeclampsia},
  journal = {New England Journal of Medicine},
  volume = {350},
  number = {7},
  year = {2004},
  pages = {672-683},
  doi = {10.1056/nejmoa031884},
}

@Article{Lin_Wei1989,
  author = {D Y Lin and L J Wei},
  title = {The Robust Inference for the {C}ox Proportional Hazards Model},
  journal = {Journal of the American Statistical Association},
  volume = {84},
  number = {408},
  year = {1989},
  pages = {1074-1078},
  doi = {10.1080/01621459.1989.10478874},
}

@Manual{survey,
  title = {survey: Analysis of Complex Survey Samples},
  author = {T Lumley},
  year = {2014},
  note = {R package version 3.30},
  url = {https://CRAN.R-project.org/package=survey},
}

@Article{Lumley2004,
  author = {T Lumley},
  title = {Analysis of Complex Survey Samples},
  journal = {Journal of Statistical Software},
  volume = {9},
  number = {1},
  year = {2004},
  pages = {1-19},
  doi = {10.18637/jss.v009.i08},
}

@Article{Mark_Katki2006,
  author = {S D Mark and H A Katki},
  title = {Specifying and Implementing Nonparametric and Semiparametric Survival Estimators in Two-Stage (Sampled) Cohort Studies with Missing Case Data},
  journal = {Journal of the American Statistical Association},
  volume = {101},
  number = 474,
  year = {2006},
  pages = {460-471},
  doi = {10.1198/016214505000000952},
}

@Article{Meyer_etal2012,
  author = {H E Meyer and T E Robsahm and T Bj{\o}rge and M Brunstad and R Blomhoff},
  title = {Vitamin {D}, Season and the Risk of Prostate Cancer: {A} Nested Case-Control Study Within {N}orwegian Health Studies},
  journal = {American Journal of Clinical Nutrition},
  volume = {97},
  number = {1},
  year = {2013},
  pages = {147-154},
  doi = {10.3945/ajcn.112.039222},
}

@Manual{mgcv,
  title = {mgcv: Mixed GAM Computation Vehicle with GCV/AIC/REML Smoothness Estimation},
  author = {Simon Wood},
  year = {2015},
  note = {R package version 1.8-6},
  url = {https://CRAN.R-project.org/package=mgcv},
}

@Article{Parsonnet_etal1991,
  author = {J Parsonnet and G D Friedman and D P Vansdersteen and Y Chang and J H Vogelman and N Orentreich and R K Sibley},
  title = {{H}elicobacter Pylori Infection and the Risk of Gastric Carcinoma},
  journal = {New England Journal of Medicine},
  volume = {325},
  number = {16},
  year = {1991},
  pages = {1127-1131},
  doi = {10.1056/nejm199110173251603},
}

@Article{Robins_etal1994,
  author = {JM Robins and A Rotnitzky and LP Zhao},
  title = {Estimation of Regression Coefficients When Some Regressors Are Not Always Observed},
  journal = {Journal of the American Statistical Association},
  year = {1994},
  volume = {89},
  number = {427},
  pages = {846-866},
  doi = {10.1080/01621459.1994.10476818},
}

@Article{Saarela_etal2008,
  author = {O Saarela and S Kulathinal and E Arjas and E L\"{a}\"{a}r\"{a}.},
  title = {Nested Case-Control Data Utilized for Multiple Outcomes: A Likelihood Approach and Alternatives},
  journal = {Statistics in Medicine},
  volume = {27},
  number = {28},
  year = {2008},
  pages = {5991-6008},
  doi = {10.1002/sim.3416},
}

@Article{Salim_etal2009,
  author = {A Salim and C Hultman and P Spar\'{e}n and M Reilly},
  title = {Combining Data From 2 Nested Case-Control Studies of Overlapping Cohorts to Improve Efficiency},
  journal = {Biostatistics},
  volume = {10},
  number = {1},
  year = {2009},
  pages = {70-79},
  doi = {10.1093/biostatistics/kxn016},
}

@Article{Salim_etal2012,
  author = {A Salim and Q Yang and M Reilly},
  title = {The Value of Reusing Prior Nested Case-Control Data in New Studies With Different Outcome},
  journal = {Statistics in Medicine},
  volume = {31},
  number = {11--12},
  year = {2012},
  pages = {1291-1302},
  doi = {10.1002/sim.4494},
}

@Article{Samuelsen1997,
  author = {S O Samuelsen},
  title = {A Pseudolikelihood Approach to Analysis of Nested Case-Control Studies},
  journal = {Biometrika},
  volume = {84},
  number = {2},
  year = {1997},
  pages = {379-394},
  doi = {10.1093/biomet/84.2.379},
}

@Article{Samuelsen_etal2007,
  author = {S O Samuelsen and H {\AA}nestad and A Skrondal},
  title = {Stratified Case-Cohort Analysis of General Cohort Sampling Designs},
  journal = {Scandinavian Journal of Statistics},
  year = {2007},
  volume = {34},
  number = {1},
  pages = {103-119},
  doi = {10.1111/j.1467-9469.2006.00552.x},
}

@Article{Stoer_Samuelsen2012,
  author = {N C St{\o}er and S O Samuelsen},
  title = {Comparison of Estimators in Nested Case-Control Studies With Multiple Outcomes},
  journal = {Lifetime Data Analysis},
  year = {2012},
  volume = {18},
  number = {3},
  pages = {261-283},
  doi = {10.1007/s10985-012-9214-8},
}

@Article{Stoer_Samuelsen2013,
  author = {N C St{\o}er and S O Samuelsen},
  title = {Inverse Probability Weighting in Nested Case-Control Studies With Additional Matching - a Simulation Study},
  journal = {Statistics in Medicine},
  year = {2013},
  volume = {32},
  number = {30},
  pages = {5328-5339},
  doi = {10.1002/sim.6019},
}

@Article{Stoer_etal2014,
  author = {N C St{\o}er and H E Meyer and S O Samuelsen},
  title = {Reuse of Controls in Nested Case-Control Studies},
  journal = {Epidemiology},
  year = {2014},
  volume = {25},
  number = {2},
  pages = {315-317},
  doi = {10.1097/ede.0000000000000057},
}

@Article{Suissa_etal1998,
  author = {S Suissa and MDD Edwardes and JF Boivin},
  title = {External Comparisons from Nested Case-Control Designs},
  journal = {Epidemiology},
  year = {1998},
  volume = {9},
  number = {1},
  pages = {72-78},
  doi = {10.1097/00001648-199801000-00015},
}

@Manual{survival,
  title =	 {survival: A Package for Survival Analysis in {S}},
  author =	 {T M Therneau},
  year =	 {2016},
  note =	 {R package version 2.40-1},
  url =		 {https://CRAN.R-project.org/package=survival},
}

@Book{survival2,
  author =	 {T M Therneau and P M Grambsch},
  title =	 {Modeling Survival Data: Extending the Cox Model},
  publisher =	 {Springer-Verlag},
  year =	 {2000},
  doi =		 {10.1007/978-1-4757-3294-8},
}

@Article{Thomas1977,
  author = {D C Thomas},
  year = {1977},
  title = {Addendum To: {``}{M}ethods of Cohort Analysis: {A}ppraisal by Application to Asbestos Mining{''} by {L}iddell {F}{D}{K}, {M}c{D}onald {J}{C} and {T}homas {D}{C}},
  journal = {Journal of the Royal Statistical Society A},
  volume = {140},
  number = {4},
  pages = {469-491},
  doi = {10.2307/2345280},
}

@Article{Tynes_Haldorsen1997,
  author = {T Tynes and T Haldorsen},
  year = {1997},
  title = {Electromagnetic Fields and Cancer in Children Residing Near {N}orwegian High-Voltage Power Lines},
  journal = {American Journal of Epidemiolgy},
  volume = {145},
  number = {3},
  pages = {219-226},
  doi = {10.1093/oxfordjournals.aje.a009094},
}

@Article{vanderWal_Geskus2011,
  title = {{ipw}: An {R} Package for Inverse Probability Weighting},
  author = {W M {van der Wal} and R B Geskus},
  journal = {Journal of Statistical Software},
  year = {2011},
  volume = {43},
  number = {13},
  pages = {1--23},
  doi = {10.18637/jss.v043.i13},
}

@Article{Oyen_etal1997,
  author = {N {\O}yen and T Markestad and R Skj{\ae}rven and L M Irgens and K Helweg-Larsen and B Alm and G Norvenius and G Wennergren},
  year = {1997},
  title = {Combined Effects of Sleeping Position and Prenatal Risk Factors in Sudden Infant Death Syndrome: {T}he {N}ordic Epidemiological {SIDS} Study},
  journal = {Pediatrics},
  volume = {100},
  number = {4},
  pages = {613-621},
  doi = {10.1542/peds.100.4.613},
}

@Manual{multipleNCC,
  title =	 {{multipleNCC}: Weighted Cox-Regression for Nested
                  Case-Control Data},
  author =	 {Nathalie C. St{\o}er and Sven Ove Samuelsen},
  year =	 {2016},
  note =	 {R package version 1.2-1},
  url =		 {https://CRAN.R-project.org/package=multipleNCC},
}

@Book{mgcv-book,
  title =	 {Generalized Additive Models: An Introduction with R},
  year =	 {2006},
  author =	 {S. N. Wood},
  publisher =	 {Chapman and Hall/CRC},
}
@book{survey2,
author = {T.~{Lumley}},
title = {{survey: Analysis of Complex Survey Samples, }},
publisher = {R package version 3.30},
year = {2014},
url = {https://CRAN.R-project.org/package=survey}
}
@book{survival-stoer,
author = {T.~M. {Therneau}},
title = {{survival: A Package for Survival Analysis in S, }},
publisher = {R package version 2.40-1},
year = {2016},
url = {https://CRAN.R-project.org/package=survival}
}

