
@Misc{		  eddelbuettel2012,
  author	= {Dirk Eddelbuettel},
  title		= {Counting {CRAN} Package {D}epends, {I}mports and
		  {L}inking{T}o},
  year		= 2012,
  url		= {http://dirk.eddelbuettel.com/blog/2012/08/05/},
  urldate	= {2013-03-23}
}

@Manual{	  evir2012,
  title		= {evir: Extreme Values in R},
  author	= {Bernhard Pfaff},
  year		= 2012,
  note		= {R package version 1.7-3},
  url		= {http://CRAN.R-project.org/package=evir}
}

@Manual{	  mass2013,
  title		= {MASS: Support Functions and Datasets for Venables and
		  Ripley's MASS},
  author	= {Venables, W. N. and Ripley, B. D.},
  year		= 2013,
  note		= {R package version 7.3.26},
  url		= {http://CRAN.R-project.org/package=MASS}
}

@Book{		  mcneilfreyembrechts2005,
  author	= {McNeil, A. J. and Frey, R. and Embrechts, P.},
  publisher	= {Princeton University Press},
  title		= {Quantitative Risk Management: Concepts, Techniques,
		  Tools},
  year		= 2005
}

@Manual{	  mnormt2012,
  title		= {mnormt: The Multivariate Normal and $t$ Distributions},
  author	= {Adelchi Azzalini},
  year		= 2012,
  note		= {R package version 1.4.5},
  url		= {http://CRAN.R-project.org/package=mnormt}
}

@Manual{	  mvtnorm2013,
  title		= {mvtnorm: Multivariate Normal and $t$ Distributions},
  author	= {Alan Genz and Frank Bretz and Tetsuhisa Miwa and Xuefei Mi
		  and Friedrich Leisch and Fabian Scheipl and Torsten
		  Hothorn},
  year		= 2013,
  note		= {R package version 0.9-9996},
  url		= {http://CRAN.R-project.org/package=mvtnorm}
}

@Book{		  ripley1987,
  author	= {Brian D. Ripley},
  publisher	= {John Wiley {\&} Sons},
  title		= {Stochastic Simulation},
  year		= 1987
}

@Manual{          QRM2012,
  title =	 {QRM: Provides R-Language Code to Examine
                  Quantitative Risk Management Concepts},
  author =	 {Bernhard Pfaff and Alexander McNeil},
  year =	 {2012},
  note =	 {R package version 0.4-8},
  url =		 {http://CRAN.R-project.org/package=QRM},
}
@book{mnormt2012,
author = {A.~{Azzalini}},
title = {{mnormt: The Multivariate Normal and $t$ Distributions, }},
publisher = {R package version 1.4.5},
year = {2012},
url = {http://CRAN.R-project.org/package=mnormt}
}
@book{eddelbuettel2012,
author = {D.~{Eddelbuettel}},
title = {{Counting CRAN package Depends, Imports and LinkingTo, }},
year = {2012},
url = {http://dirk.eddelbuettel.com/blog/2012/08/05/}
}
@book{mvtnorm2013,
author = {A.~{Genz, F.~Bretz, T.~Miwa, X.~Mi, F.~Leisch, F.~Scheipl, and T.~Hothorn}},
title = {{mvtnorm: Multivariate Normal and $t$ Distributions, }},
publisher = {R package version 0.9-9996},
year = {2013},
url = {http://CRAN.R-project.org/package=mvtnorm}
}
@book{mcneilfreyembrechts2005,
author = {A.~J. {McNeil, R.~Frey, and P.~Embrechts}},
title = {{Quantitative Risk Management: Concepts, Techniques, Tools}},
publisher = {Princeton University Press},
year = {2005}
}
@book{evir2012,
author = {B.~{Pfaff}},
title = {{evir: Extreme Values in R, }},
publisher = {R package version 1.7-3},
year = {2012},
url = {http://CRAN.R-project.org/package=evir}
}
@book{QRM2012,
author = {B.~{Pfaff and A.~McNeil}},
title = {{QRM: Provides R-Language Code to Examine Quantitative Risk Management Concepts, }},
publisher = {R package version 0.4-8},
year = {2012},
url = {http://CRAN.R-project.org/package=QRM}
}
@book{ripley1987,
author = {B.~D. {Ripley}},
title = {{Stochastic Simulation}},
publisher = {John Wiley & Sons},
year = {1987}
}
@book{MASS2013,
author = {W.~N. {Venables and B.~D. Ripley}},
title = {{MASS: Support Functions and Datasets for Venables and Ripley's MASS, }},
publisher = {R package version 7.3.26},
year = {2013},
url = {http://CRAN.R-project.org/package=MASS}
}


