@Manual{CRAN:Rcpp,
  title = {{Rcpp}: Seamless {R} and {C++} Integration},
  author = {Dirk Eddelbuettel and Romain François and JJ Allaire and Kevin Ushey and Qiang Kou and Nathan Russel and John Chambers and Douglas Bates},
  year = {2018},
  note = {R package version 1.0.0},
  url = {https://cran.r-project.org/package=Rcpp},
}

@Manual{CRAN:RcppMsgPack,
  title = {RcppMsgPack: 'MsgPack' C++ Header Files and Interface Functions for R},
  author = {Travers Ching and Dirk Eddelbuettel and the authors and {ontributors of MsgPack}},
  year = {2018},
  note = {R package version 0.2.3},
  url = {https://cran.r-project.org/package=RcppMsgPack},
}

@Manual{CRAN:RcppRedis,
  title = {{RcppRedis}: Rcpp Bindings for Redis Using the Hiredis Library},
  author = {Dirk Eddelbuettel},
  year = {2018},
  note = {R package version 0.1.9},
  url = {https://cran.r-project.org/package=RcppRedis},
}

@Manual{CRAN:data.table,
  title = {{data.table}: Extension of 'data.frame'},
  author = {Matt Dowle and Arun Srinivasan and Jan Gorecki and Michael Chirico and Pasha Stetsenko and Tom Short and Steve Lianoglou and Eduard Antonyan and Markus Bonsch and Hugh Parsonage},
  year = {2018},
  note = {R package version 1.11.8},
  url = {https://cran.r-project.org/package=data.table},
}

@Manual{CRAN:httr,
  title = {Httr: Tools for Working with URLs and HTTP},
  author = {Hadley Wickham},
  year = {2018},
  note = {R package version 1.4.0},
  url = {https://cran.r-project.org/package=httr},
}

@Manual{CRAN:nanotime,
  title = {Nanotime: Nanosecond-Resolution Time for R},
  author = {Dirk Eddelbuettel and Leonardo Silvestri},
  year = {2018},
  note = {R package version 0.2.3},
  url = {https://cran.r-project.org/package=nanotime},
}

@Manual{CRAN:feather,
  title = {Feather: R Bindings to the Feather API},
  author = {Hadley Wickham and {RStudio} and {Feather developers} and {Google} and {LevelDB Authors}},
  year = {2016},
  note = {R package version 0.3.1},
  url = {https://cran.r-project.org/package=feather},
}

@InProceedings{Dean2014,
  author = {Robert Michael S Dean and Charles A DiBerardino},
  title = {Robotics Collaborative Technology Alliance: An Open Architecture   Approach to Integrated Research},
  booktitle = {Proc SPIE},
  year = {2014},
  volume = {9096},
}

@Article{Eddelbuettel2011,
  author = {Dirk Eddelbuettel and Romain François and J Allaire and Kevin Ushey and Qiang Kou and N Russel and John Chambers and D Bates},
  title = {Rcpp: Seamless R and C++ Integration},
  journal = {Journal of Statistical Software},
  year = {2011},
  volume = {40},
  number = {8},
  pages = {1--18},
}

@Misc{Furuhashi2008,
  author = {Sadayuki Furuhashi},
  title = {{MessagePack}},
  howpublished = {\url{https://msgpack.org//}},
  year = {2018},
}

@Misc{Google2001,
  author = {{Google}},
  title = {{Protocol Buffers}},
  howpublished = {\url{http://code.google.com/apis/protocolbuffers/}},
  year = {2018},
}

@Article{IEEESC2008,
  author = {{IEEE Standards Committee}},
  title = {754-2008 {IEEE} Standard for Floating-Point Arithmetic},
  journal = {IEEE Computer Society Std},
  year = {2008},
  volume = {2008},
}

@Article{Ihaka1996,
  author = {Ross Ihaka and Robert Gentleman},
  title = {R: A Language for Data Analysis and Graphics},
  journal = {Journal of Computational and Graphical Statistics},
  year = {1996},
  volume = {5},
  number = {3},
  pages = {299--314},
}

@Article{JSS:RProtoBuf,
  title = {{RProtoBuf}: Efficient Cross-Language Data Serialization in {R}},
  author = {Dirk Eddelbuettel and Murray Stokely and Jeroen Ooms},
  journal = {Journal of Statistical Software},
  year = {2016},
  volume = {71},
  number = {2},
  pages = {1--24},
  url = {https://doi.org/10.18637/jss.v071.i02},
}

@InProceedings{Monajjemi2014,
  author = {Valiallah Monajjemi and Jens Wawerla and Richard Vaughan},
  title = {Drums: A Middleware-Aware Distributed Robot Monitoring System},
  booktitle = {Computer and Robot Vision (CRV), 2014 Canadian Conference on},
  year = {2014},
  pages = {211--218},
  organization = {IEEE},
}

@Misc{MongoDB2009,
  author = {{MongoDB}},
  title = {BSON (Binary JSON) Serialization},
  year = {2018},
}

@Article{Ooms:2014,
  title = {The Jsonlite Package: A Practical and Consistent Mapping Between JSON   Data and R Objects},
  author = {Jeroen Ooms},
  journal = {arXiv:1403.2805 [stat.CO]},
  year = {2014},
  url = {http://arxiv.org/abs/1403.2805},
}

@InProceedings{Petersen,
  title = {Smart Grid Communication Infrastructure Comparison},
  author = {Bo Petersen and Henrik Bindner and Bjarne Poulsen and Shi You},
  booktitle = {8th IEEE International Conference on Smart Grid Communications},
  year = {2017},
  organization = {IEEE},
}

@Manual{R,
  title = {R: A Language and Environment for Statistical Computing},
  author = {{R Core Team}},
  organization = {R Foundation for Statistical Computing},
  address = {Vienna, Austria},
  year = {2018},
  note = {{ISBN} 3-900051-07-0},
  url = {https://www.r-project.org/},
}

@TechReport{cifar10,
  title = {Learning Multiple Layers of Features from Tiny   Images},
  author = {Alex Krizhevsky},
  year = {2009},
  institution = {University of Toronto},
}

@InProceedings{dawborn2014,
  title = {Docrep: A Lightweight and Efficient Document Representation Framework},
  author = {Tim Dawborn and James R Curran},
  booktitle = {Proceedings of COLING 2014, the 25th International Conference on   Computational Linguistics: Technical Papers},
  pages = {762--771},
  year = {2014},
}

@Article{hamida2015,
  title = {A New mHealth Communication Framework for Use in Wearable WBANs and   Mobile Technologies},
  author = {Sana Tmar-Ben Hamida and Elyes Ben Hamida and Beena Ahmed},
  journal = {Sensors},
  volume = {15},
  number = {2},
  pages = {3379--3408},
  year = {2015},
  publisher = {Multidisciplinary Digital Publishing Institute},
}

@Article{mnist,
  title = {MNIST Handwritten Digit Database},
  author = {Yann LeCun and Corinna Cortes and CJ Burges},
  journal = {AT\&T Labs [Online]. Available: http://yann. lecun. com/exdb/mnist},
  volume = {2},
  year = {2010},
}

@Article{numpy,
  title = {The NumPy Array: a Structure for Efficient Numerical Computation},
  author = {Stéfan van der Walt and S Chris Colbert and Gael Varoquaux},
  journal = {Computing in Science \& Engineering},
  volume = {13},
  number = {2},
  pages = {22--30},
  year = {2011},
  publisher = {IEEE},
}

@Article{rcpp2011,
  title = {{Rcpp}: Seamless {R} and {C++} Integration},
  author = {Dirk Eddelbuettel and Romain François},
  journal = {Journal of Statistical Software},
  year = {2011},
  volume = {40},
  number = {8},
  pages = {1--18},
  url = {http://www.jstatsoft.org/v40/i08/},
}

@Book{rcpp2013,
  title = {Seamless {R} and {C++} Integration with {Rcpp}},
  author = {Dirk Eddelbuettel},
  publisher = {Springer-Verlag},
  address = {New York},
  year = {2013},
  note = {ISBN 978-1-4614-6867-7},
}

@InProceedings{tensorflow,
  title = {TensorFlow: A System for Large-Scale Machine Learning},
  author = {Martín Abadi and Paul Barham and Jianmin Chen and Zhifeng Chen and Andy Davis and Jeffrey Dean and Matthieu Devin and Sanjay Ghemawat and Geoffrey Irving and Michael Isard and {others}},
  booktitle = {OSDI},
  volume = {16},
  pages = {265--283},
  year = {2016},
}

@Misc{zlib,
  title = {Zlib Compression Library},
  author = {Jean-Loup Gailly and Mark Adler},
  url = {https://zlib.net/},
  year = {2018},
}

@Misc{ApacheArrow,
  author = {{Apache Arrow Developers}},
  title = {{Apache Arrow}: A Cross-Language Development Platform for in-Memory Data},
  howpublished = {\url{https://arrow.apache.org/}},
  year = {2018},
}

@Manual{Rinternals,
  title = {R Internals},
  author = {{R Core Team}},
  year = {2018},
  url = {https://cran.r-project.org/doc/manuals/r-release/R-ints.html},
}

@Manual{XDR,
  title = {XDR: External Data Representation Standard. No. RFC 1832},
  author = {Raj Srinivasan},
  year = {1995},
  url = {http://www.rfc-editor.org/rfc/pdfrfc/rfc1832.txt.pdf},
}
