% Encoding: UTF-8

@Article{Zhu1997LBFGS,
  Title                    = {Algorithm 778: L-BFGS-B: Fortran subroutines for large-scale bound-constrained optimization},
  Author                   = {Zhu, Ciyou and Byrd, Richard H. and Lu, Peihuang and Nocedal, Jorge},
  Journal                  = {ACM Trans. Math. Softw.},
  Year                     = {1997},

  Month                    = dec,
  Number                   = {4},
  Pages                    = {550--560},
  Volume                   = {23},

  Acmid                    = {279236},
  Address                  = {New York, NY, USA},
  Doi                      = {10.1145/279232.279236},
  ISSN                     = {0098-3500},
  Issue_date               = {Dec. 1997},
  Keywords                 = {large-scale optimization, limited-memory method, nonlinear optimization, variable metric method},
  Numpages                 = {11},
  Publisher                = {ACM},
  Url                      = {http://doi.acm.org/10.1145/279232.279236}
}

@article{Sorenson1969,
  author = {Sorenson, Harold},
  year = {1969},
  month = {12},
  pages = {421--441},
  title = {Comparison of some conjugate direction procedures for function minimization},
  volume = {288},
  journal = {Journal of The Franklin Institute - Engineering and Applied Mathematics},
  doi = {10.1016/0016-0032(69)90253-1}
}


@InBook{SGN83,
  Author                   = {Stephen G. Nash},
  Title                    = {Truncated-Newton Methods for Large-Scale Minimization},
  Pages                    = {91--100},
  Booktitle                = {{Applications of Nonlinear Programming to Optimization and
                               Control, H. E. Rauch, editor}},
  Publisher                = {Pergamon},
  Year                     = {1983}  
}

@Article{Schnabel1985,
  Title                    = {A modular system of algorithms for unconstrained minimization},
  Author                   = {Schnabel, Robert B. and Koonatz, John E. and Weiss, Barry E.},
  Journal                  = {ACM Trans. Math. Softw.},
  Year                     = {1985},

  Month                    = dec,
  Note                     = {Original report CU-CS-480-82 from 1982, revised. The UNCMIN Manual.},
  Number                   = {4},
  Pages                    = {419--440},
  Volume                   = {11},

  __markedentry            = {[john:6]},
  Acmid                    = {6192},
  Address                  = {New York, NY, USA},
  Doi                      = {10.1145/6187.6192},
  ISSN                     = {0098-3500},
  Issue_date               = {Dec. 1985},
  Numpages                 = {22},
  Owner                    = {john},
  Publisher                = {ACM},
  Timestamp                = {2018.11.16},
  Url                      = {http://doi.acm.org/10.1145/6187.6192}
}


@Manual{p-Rvmmin,
    title = {Rvmmin: Variable Metric Nonlinear Function Minimization},
    author = {John C. Nash},
    year = {2018},
    note = {R package version 2018-4.17},
    url = {https://CRAN.R-project.org/package=Rvmmin},
  }


@Manual{p-ROI,
  Title                    = {ROI: R Optimization Infrastructure},
  Author                   = {Kurt Hornik and David Meyer and Stefan Theussl},
  Note                     = {R package version 0.0-7},
  Year                     = {2011},

  Url                      = {http://CRAN.R-project.org/package=ROI}
}

@Manual{p-Rcgmin,
   title = {Rcgmin: Conjugate Gradient Minimization of Nonlinear Functions},
    author = {John C. Nash},
    year = {2014},
    note = {R package version 2013-2.21},
    url = {https://CRAN.R-project.org/package=Rcgmin},
  }


@article{Polak1969,
    author = {Polak, E. and Ribiere, G.},
    journal = {Revue Fran{\c{c}}aise d'Informatique et de Recherche Op{\'{e}}rationnelle},
    pages = {35--43},
    title = {{Note sur la convergence de m{\'{e}}thodes de directions conjugu{\'{e}}es}},
    volume = {16},
    year = {1969}
}


@article{Nocedal80,
  title = "Updating Quasi-Newton Matrices with Limited Storage",
  author = "Jorge Nocedal",
  year = "1980",
  month = "7",
  doi = "10.1090/S0025-5718-1980-0572855-7",
  language = "English",
  volume = "35",
  pages = "773--782",
  journal = "Mathematics of Computation"
}

@TechReport{Nielsen2000,
  Title                    = {{UCMINF} - an Algorithm for Unconstrained, Nonlinear Optimization},
  Author                   = {H. B. Nielsen},
  Institution              = {{ Department of Mathematical Modelling, Technical University of Denmark.}},
  Year                     = {2000},
  Month                    = {dec},
  Note                     = {Report IMM-REP-2000-18},

  Pages                    = {24},
  Url                      = {http://www2.imm.dtu.dk/~hbn/publ/TR0019.ps}
}

@Manual{p-ucminf,
  Title                    = {ucminf: General-purpose unconstrained non-linear optimization},
  Author                   = {Hans Bruun Nielsen and Stig Bousgaard Mortensen},
  Note                     = {R package version 1.1-3},
  Year                     = {2012},

  Url                      = {http://CRAN.R-project.org/package=ucminf}
}

@Article{NelderMead65,
  Title                    = {A Simplex Method for Function Minimization},
  Author                   = {J. A. Nelder and R. Mead},
  Journal                  = {Computer Journal},
  Year                     = {1965},
  Month                    = {January},
  Number                   = {4},
  Pages                    = {308--313},
  Volume                   = {7}
}


@Article{NashTN2000,
  Title                    = {A survey of truncated-{Newton} methods},
  Author                   = {Stephen G. Nash},
  Journal                  = {Journal of Computational and Applied Mathematics},
  Year                     = {2000},
  Pages                    = {45--59},
  Volume                   = {124}
}

@Article{NashBest14,
  Title                    = {On Best Practice Optimization Methods in {R}},
  Author                   = {John C. Nash},
  Journal                  = {Journal of Statistical Software},
  Year                     = {2014},
  Number                   = {2},
  Pages                    = {1--14},
  Volume                   = {60},
  Url                      = {http://www.jstatsoft.org/v60/i02/}
}

@Book{nlpor14,
  Title                    = {{Nonlinear Parameter Optimization Using R Tools}},
  Author                   = {Nash, John C.},
  Publisher                = {John Wiley \& Sons: Chichester},
  Year                     = {2014},
  Month                    = may,
  Note                     = {Companion website (see http://www.wiley.com//legacy/wileychi/nash/). JNfile: 14nlpor.pdf},
  ISBN                     = {978-1-118-56928-3},
  Language                 = {English},
  Pages                    = {304 p.},
  Type                     = {Book},
  Url                      = {http://www.wiley.com//legacy/wileychi/nash/}
}

@Article{Morales2011,
  Title                    = {Remark on {Algorithm 778: L-BFGS-B: Fortran subroutines for large-scale bound constrained optimization}},
  Author                   = {Morales, Jos{\'e} Luis and Nocedal, Jorge},
  Journal                  = {ACM Trans. Math. Softw.},
  Year                     = {2011},

  Month                    = {Dec},
  Number                   = {1},
  Pages                    = {7:1--7:4},
  Volume                   = {38},

  Address                  = {New York, NY, USA},
  Articleno                = {7},
  Issue_date               = {November 2011},
  Numpages                 = {4},
  Publisher                = {ACM},
  Url                      = {http://doi.acm.org/10.1145/2049662.2049669}
}


@Manual{Melville17,
  Title                    = {mize: Unconstrained Numerical Optimization Algorithms},
  Author                   = {James Melville},
  Note                     = {R package version 0.1.1},
  Year                     = {2017},

  Url                      = {https://CRAN.R-project.org/package=mize}
}

@Article{Lu94limitedmemory,
  Title                    = {A Limited-Memory Algorithm for Bound Constrained Optimization},
  Author                   = {Peihuang Lu and Jorge Nocedal and Ciyou Zhu and Richard H. Byrd},
  Journal                  = {SIAM Journal on Scientific Computing},
  Year                     = {1994},
  Pages                    = {1190--1208},
  Volume                   = {16}
}

@Article{LiuN89,
  author    = {Dong C. Liu and Jorge Nocedal},
  title     = {On the limited memory {BFGS} method for large scale optimization},
  journal   = {Mathematical Programming},
  year      = {1989},
  volume    = {45},
  number    = {1-3},
  pages     = {503--528},
  bibsource = {dblp computer science bibliography, https://dblp.org},
  biburl    = {https://dblp.org/rec/bib/journals/mp/LiuN89},
  doi       = {10.1007/BF01589116},
  url       = {https://doi.org/10.1007/BF01589116},
}

@Article{JNRV11,
  author    = {John C. Nash and Ravi Varadhan},
  title     = {Unifying Optimization Algorithms to Aid Software System Users: {optimx} for {R}},
  journal   = {Journal of Statistical Software},
  year      = {2011},
  volume    = {43},
  number    = {9},
  pages     = {1--14},
  month     = {8},
  issn      = {1548-7660},
  accepted  = {2011-08-05},
  bibdate   = {2011-08-05},
  coden     = {JSSOBK},
  day       = {24},
  submitted = {2010-08-12},
  url       = {http://www.jstatsoft.org/v43/i09/},
}

@Book{jnmws87,
  Title                    = {{Nonlinear Parameter Estimation: An Integrated System in BASIC}},
  Author                   = {John C. Nash and Mary Walker-Smith},
  Publisher                = {Marcel Dekker},
  Year                     = {1987},

  Address                  = {New York},
  Note                     = {See \url{http://www.nashinfo.com/nlpe.htm} for an expanded downloadable version.}
}

@Book{jncnm79,
  Title                    = { Compact numerical methods for computers : linear algebra
 and function minimisation},
  Author                   = {Nash, John C.},
  Language                 = { English },
  Life-dates               = { 1979 - },
  Pages                    = { ix, 227 p. : },
  Type                     = { Book },
  Publisher                = {Adam Hilger},
  Year                     = {1979},
  Address                  = {Bristol},
  Note                     = {Second Edition, 1990, Bristol: Institute of Physics Publications.}
}

@Article{IEEE754A,
   author={IEEE},
   journal={ANSI/IEEE Std 754-1985}, 
   title={{IEEE Standard for Binary Floating-Point Arithmetic}}, 
   year={1985}, 
   volume={}, 
   number={}, 
   pages={10--11}, 
   doi={10.1109/IEEESTD.1985.82928}, 
   ISSN={}, 
   month={}
}

@Article{Hager2006a,
  Title                    = {{Algorithm 851}: {CG\_DESCENT}, a conjugate gradient
 method with guaranteed descent},
  Author                   = {William W. Hager and Hongchao Zhang},
  Journal                  = {ACM Transactions on Mathematical Software},
  Year                     = {2006},
  Month                    = mar,
  Number                   = {1},
  Pages                    = {113--137},
  Volume                   = {32}
}

@Article{Hager2006b,
  Title                    = {A Survey of Nonlinear Conjugate Gradient Methods},
  Author                   = {William W. Hager and Hongchao Zhang},
  Journal                  = {Pacific Journal of Optimization},
  Year                     = {2006},
  Pages                    = {35--58},
  Volume                   = {2}
}


@TechReport{Gay1990,
   author = {David M. Gay},
   year = 1990,
   title = {{Usage summary for selected optimization routines. 
             Computing Science Technical Report 153}},
   institution = {AT\&T Bell Laboratories, Murray Hill}
}

@Misc{Fox1997,
  Title                    = {The {Port Mathematical Subroutine Library}, Version 3},

  Author                   = {Phyllis Fox},
  Year                     = {1997},
  __markedentry            = {[john:6]},
  Address                  = {Murray Hill, NJ},
  Owner                    = {john},
  Publisher                = {AT\&T Bell Laboratories},
  Timestamp                = {2018.11.16},
  Url                      = {http://www.bell-labs.com/project/PORT/}
}

@Article{FletReeves64,
  Title                    = {Function minimization by conjugate gradients},
  Author                   = {Fletcher, R. and Reeves, C. M.},
  Journal                  = {The Computer Journal},
  Year                     = {1964},
  Number                   = {2},
  Pages                    = {149-154},
  Volume                   = {7}
}

@Article{Fletcher70,
  Title                    = {A New Approach to Variable Metric Algorithms},
  Author                   = {R. Fletcher},
  Journal                  = {Computer Journal},
  Year                     = {1970},
  Number                   = {3},
  Pages                    = {317-322},
  Volume                   = {13},

  Bibsource                = {DBLP, http://dblp.uni-trier.de}
}

@Article{DERFRcpp2011,
    title = {{Rcpp}: Seamless {R} and {C++} Integration},
    author = {Dirk Eddelbuettel and Romain Fran\c{c}ois},
    journal = {Journal of Statistical Software},
    year = {2011},
    volume = {40},
    number = {8},
    pages = {1--18},
    url = {http://www.jstatsoft.org/v40/i08/},
    doi = {10.18637/jss.v040.i08},
}

@Article{Dai01,
  Title                    = {An Efficient Hybrid Conjugate Gradient Method for Unconstrained
 Optimization},
  Author                   = {Y. H. Dai and Y. Yuan},
  Journal                  = {Annals of Operations Research},
  Year                     = {2001},
  Number                   = {1-4},
  Pages                    = {33-47},
  Volume                   = {103},

  Bibsource                = {DBLP, http://dblp.uni-trier.de},
  Ee                       = {http://dx.doi.org/10.1023/A:1012930416777}
}


@Manual{Coppola2014,
    title = {lbfgs: Limited-memory BFGS Optimization},
    author = {Antonio Coppola and Brandon Stewart and Naoaki Okazaki},
    year = {2014},
    note = {R package version 1.2.1},
    url = {https://CRAN.R-project.org/package=lbfgs},
}

@Manual{citeR,
  title = {R: A Language and Environment for Statistical Computing},
  author = {{R Core Team}},
  organization = {R Foundation for Statistical Computing},
  address = {Vienna, Austria},
  year = {2019},
  url = {https://www.R-project.org/},
}

@article{Byrd1995,
 author = {Byrd, Richard H. and Lu, Peihuang and Nocedal, Jorge and Zhu, Ciyou},
 title = {A Limited Memory Algorithm for Bound Constrained Optimization},
 journal = {SIAM J. Sci. Comput.},
 issue_date = {Sept. 1995},
 volume = {16},
 number = {5},
 month = sep,
 year = {1995},
 issn = {1064-8275},
 pages = {1190--1208},
 numpages = {19},
 url = {http://dx.doi.org/10.1137/0916069},
 doi = {10.1137/0916069},
 acmid = {210980},
 publisher = {Society for Industrial and Applied Mathematics},
 address = {Philadelphia, PA, USA}
} 

@incollection{Beale1972, 
  author       = {Beale, E. M. L.}, 
  title        = {A Derivation of Conjugate Gradients},
  booktitle    = {Numerical Methods for Nonlinear Optimization},
  editor       = {F. A. Lootsma},
  publisher    = {Academic Press},
  address      = {London},
  pages        = {39--43},
  year         = 1972
}

