@Article{Aiolfi2006,
  title = {Persistence in Forecasting Performance and Conditional Combination Strategies},
  author = {M. Aiolfi and A. Timmermann},
  journal = {Journal of Econometrics},
  year = {2006},
  number = {1},
  pages = {31--53},
  volume = {135},
  url = {https://doi.org/10.1016/j.jeconom.2005.07.015},
}

@Article{Andrawis2011,
  title = {Combination of Long Term and Short Term Forecasts, with Application to Tourism Demand Forecasting},
  author = {Robert R Andrawis and Amir F Atiya and Hisham El-Shishiny},
  journal = {International Journal of Forecasting},
  year = {2011},
  number = {3},
  pages = {870--886},
  volume = {27},
  publisher = {Elsevier},
  url = {https://doi.org/10.1016/j.ijforecast.2010.05.019},
}

@InCollection{Armstrong2001,
  title = {Combining Forecasts},
  author = {J Scott Armstrong},
  booktitle = {Principles of Forecasting: A Handbook for Researchers and Practitioners},
  publisher = {Kluwer Academic Publisher},
  year = {2001},
  editor = {J Scott Armstrong},
  pages = {417--439},
  adress = {Amsterdam},
  url = {https://doi.org/10.1016/s0040-1625(02)00180-4},
}

@Article{Armstrong1989,
  title = {Combining Forecasts: The End of the Beginning or the Beginning of the End?},
  author = {J. S. Armstrong},
  journal = {International Journal of Forecasting},
  year = {1989},
  number = {4},
  pages = {585--588},
  volume = {5},
  url = {https://doi.org/10.1016/0024-6301(90)90317-w},
}

@Article{Avramov2002,
  title = {Stock Return Predictability and Model Uncertainty},
  author = {Doron Avramov},
  journal = {Journal of Financial Economics},
  year = {2002},
  number = {3},
  pages = {423--458},
  volume = {64},
  publisher = {Elsevier},
  url = {https://doi.org/10.2139/ssrn.260591},
}

@Article{Babaie2017,
  title = {A Revised Cholesky Decomposition to Combat Multicollinearity in Multiple Regression Models},
  author = {Saman Babaie-Kafaki and Mahdi Roozbeh},
  journal = {Journal of Statistical Computation and Simulation},
  year = {2017},
  number = {12},
  pages = {2298--2308},
  volume = {87},
  url = {https://doi.org/10.1080/00949655.2017.1328599},
}

@Article{Barrow2016,
  title = {A Comparison of AdaBoost Algorithms for Time Series Forecast Combination},
  author = {Devon K. Barrow and Sven F. Crone},
  journal = {International Journal of Forecasting},
  year = {2016},
  number = {4},
  pages = {1103-1119},
  volume = {32},
  url = {https://doi.org/10.1016/j.ijforecast.2016.01.006},
}

@Article{Bates1969,
  title = {The Combination of Forecasts},
  author = {John M. Bates and Clive W. J. Granger},
  journal = {Operations Research Quarterly},
  year = {1969},
  pages = {451--468},
  volume = {20},
  publisher = {JSTOR},
  url = {https://doi.org/10.1016/b978-0-12-295180-0.50027-6},
}

@TechReport{Bergmeir2015,
  title = {A Note on the Validity of Cross-Validation for Evaluating Time Series Prediction},
  author = {C. Bergmeir and R. J. Hyndman and B. Koo},
  institution = {Monash University, Department of Econometrics and Business Statistics},
  year = {2015},
  number = {No. 10/15},
  type = {Working Paper},
  url = {https://doi.org/10.1016/j.csda.2017.11.003},
}

@Article{Casarin2015,
  title = {Dynamic Predictive Density Combinations for Large Data Sets in Economics and Finance},
  author = {Roberto Casarin and Stefano Grassi and Francesco Ravazzolo and Herman K {van Dijk}},
  journal = {Tinbergen Institute Discussion Paper},
  year = {2015},
  url = {https://doi.org/10.2139/ssrn.2633388},
}

@Article{Cheng2015a,
  title = {Forecast Combination with Outlier Protection},
  author = {Gang Cheng and Yuhong Yang},
  journal = {International Journal of Forecasting},
  year = {2015},
  number = {2},
  pages = {223--237},
  volume = {31},
  publisher = {Elsevier},
  url = {https://doi.org/10.1016/j.ijforecast.2014.06.004 },
}

@Article{Cheng2015,
  title = {Forecasting with Factor-Augmented Regression: A Frequentist Model Averaging Approach},
  author = {Xu Cheng and Bruce E. Hansen},
  journal = {Journal of Econometrics},
  year = {2015},
  number = {2},
  pages = {280-293},
  volume = {186},
  url = {https://doi.org/10.2139/ssrn.2343103},
}

@Article{Christiansen2012,
  title = {A Comprehensive Look at Financial Volatility Prediction by Economic Variables},
  author = {Charlotte Christiansen and Maik Schmeling and Andreas Schrimpf},
  journal = {Journal of Applied Econometrics},
  year = {2012},
  number = {6},
  pages = {956--977},
  volume = {27},
  publisher = {John Wiley \& Sons},
  url = {https://doi.org/10.1002/jae.2298},
}

@Article{Claeskens2016,
  title = {The Forecast Combination Puzzle: A Simple Theoretical Explanation},
  author = {Gerda Claeskens and Jan R. Magnus and Andrey L. Vasnev and Wendun Wang},
  journal = {International Journal of Forecasting},
  year = {2016},
  number = {3},
  pages = {754--762},
  volume = {32},
  url = {https://doi.org/10.1016/j.ijforecast.2015.12.005},
}

@Article{Clemen1989,
  title = {Combining Forecasts: A Review and Annotated Bibliography},
  author = {Robert T Clemen},
  journal = {International Journal of Forecasting},
  year = {1989},
  number = {4},
  pages = {559--583},
  volume = {5},
  publisher = {Elsevier},
  url = {https://doi.org/10.1016/0169-2070(89)90012-5},
}

@Article{Crane1967,
  title = {A Two-Stage Forecasting Model: Exponential Smoothing and Multiple Regression},
  author = {Dwight B. Crane and James R. Crotty},
  journal = {Management Science},
  year = {1967},
  number = {8},
  pages = {501-507},
  volume = {13},
  url = {https://doi.org/10.1287/mnsc.13.8.b501},
}

@Article{DePooter2010,
  title = {Term Structure Forecasting Using Macro Factors and Forecast Combination},
  author = {Michiel {De Pooter} and Francesco Ravazzolo and Dick JC {Van Dijk}},
  journal = {FRB International Finance Discussion Paper},
  year = {2010},
  number = {993},
  url = {https://doi.org/10.2139/ssrn.1585174},
}

@Article{Elliott2013,
  title = {Complete Subset Regressions},
  author = {Graham Elliott and Antonio Gargano and Allan Timmermann},
  journal = {Journal of Econometrics},
  year = {2013},
  publisher = {Elsevier},
  url = {https://doi.org/10.1016/j.jeconom.2013.04.017},
}

@Article{Elliott2005,
  title = {Optimal Forecast Combinations Under Regime Switching},
  author = {G. Elliott and A. Timmermann},
  journal = {International Economic Review},
  year = {2005},
  number = {4},
  pages = {1081--1102},
  volume = {46},
  url = {https://doi.org/10.1111/j.1468-2354.2005.00361.x},
}

@Article{Elliott2004,
  title = {Optimal Forecast Combinations Under General Loss Functions and Forecast Error Distributions},
  author = {G. Elliott and A. Timmermann},
  journal = {Journal of Econometrics},
  year = {2004},
  number = {1},
  pages = {47--79},
  volume = {122},
  url = {https://doi.org/10.1016/j.jeconom.2003.10.019},
}

@Article{Fawcett2013,
  title = {Generalised Density Forecast Combinations},
  author = {N Fawcett and G Kapetanios and J Mitchell and S Price},
  year = {2013},
  journal = {Bank of England Working Paper No. 492},
  url = {https://doi.org/10.2139/ssrn.2403561},
}

@Manual{Fiorucci2016,
  title = {forecTheta: Forecasting Time Series by Theta Models},
  author = {Jose Augusto Fiorucci and Francisco Louzada and Bao Yiqi},
  note = {R package version 2.2},
  year = {2016},
  url = {https://CRAN.R-project.org/package=forecTheta},
}

@Manual{Gaillard2016,
  title = {Opera: Online Prediction by Expert Aggregation},
  author = {Pierre Gaillard and Yannig Goude},
  note = {R package version 1.0},
  year = {2016},
  url = {https://CRAN.R-project.org/package=opera},
}

@Article{Genre2013,
  title = {Combining Expert Forecasts: Can Anything Beat the Simple Average?},
  author = {V. Genre and G. Kenny and A. Meyler and A. Timmermann},
  journal = {International Journal of Forecasting},
  year = {2013},
  number = {1},
  pages = {108--121},
  volume = {29},
  publisher = {Elsevier},
  url = {https://doi.org/10.1016/j.ijforecast.2012.06.004},
}

@Article{Goetz2016,
  title = {Combining Forecasts from Successive Data Vintages: An Application to US Growth},
  author = {Thomas B. Goetz and Alain Hecq and Jean Pierre Urbain},
  journal = {International Journal of Forecasting},
  year = {2016},
  number = {1},
  pages = {61--74},
  volume = {32},
  url = {https://doi.org/10.1016/j.ijforecast.2015.04.003},
}

@Article{Graefe2014,
  title = {Combining Forecasts: An Application to Elections},
  author = {Andreas Graefe and J. Scott Armstrong and Randall J. Jones and Alfred G. Cuz√°n},
  journal = {International Journal of Forecasting},
  year = {2014},
  number = {1},
  pages = {43--55},
  volume = {30},
  url = {https://doi.org/10.1016/j.ijforecast.2013.02.005},
}

@Article{Granger1984,
  title = {Improved Methods of Combining Forecasts},
  author = {Clive WJ Granger and Ramu Ramanathan},
  journal = {Journal of Forecasting},
  year = {1984},
  number = {2},
  pages = {197--204},
  volume = {3},
  publisher = {John Wiley \& Sons},
  url = {https://doi.org/10.1002/for.3980030207 },
}

@Article{Hannan1979,
  title = {The Determination of the Order of an Autoregression},
  author = {Edward J Hannan and Barry G Quinn},
  journal = {Journal of the Royal Statistical Society. Series B (Methodological)},
  year = {1979},
  pages = {190--195},
  publisher = {JSTOR},
  url = {http://www.jstor.org/stable/2985032},
}

@Article{hansen2005,
  title = {Challenges for Econometric Model Selection},
  author = {B. E. Hansen},
  journal = {Econometric Theory},
  year = {2005},
  number = {1},
  pages = {60--68},
  volume = {21},
  publisher = {Cambridge Univ Press},
  url = {https://doi.org/10.1017/s0266466605050048},
}

@Article{Hansen2008,
  title = {Least-Squares Forecast Averaging},
  author = {Bruce E Hansen},
  journal = {Journal of Econometrics},
  year = {2008},
  number = {2},
  pages = {342--350},
  volume = {146},
  publisher = {Elsevier},
  url = {https://doi.org/10.1016/j.jeconom.2008.08.022},
}

@Article{Hansen2007,
  title = {Least Squares Model Averaging},
  author = {Bruce E Hansen},
  journal = {Econometrica},
  year = {2007},
  pages = {1175--1189},
  publisher = {JSTOR},
  url = {https://doi.org/10.1111/j.1468-0262.2007.00785.x},
}

@Article{Hansen2012,
  title = {Jackknife Model Averaging},
  author = {Bruce E Hansen and Jeffrey S Racine},
  journal = {Journal of Econometrics},
  year = {2012},
  number = {1},
  pages = {38--46},
  volume = {167},
  publisher = {Elsevier},
  url = {https://doi.org/10.1016/j.jeconom.2011.06.019},
}

@Article{Hendry2004,
  title = {Pooling of Forecasts},
  author = {D. F. Hendry and M. P. Clements},
  journal = {The Econometrics Journal},
  year = {2004},
  number = {1},
  pages = {1--31},
  volume = {7},
  url = {ttps://doi.org/10.1111/j.1368-423x.2004.00119.x},
}

@Article{Hornik2006,
  title = {Support Vector Machines in R},
  author = {Kurt Hornik and David Meyer and Alexandros Karatzoglou},
  journal = {Journal of statistical software},
  year = {2006},
  number = {9},
  pages = {1--28},
  volume = {15},
  publisher = {American Statistical Association},
  url = {https://doi.org/10.18637/jss.v015.i09},
}

@Article{Hsiao2014,
  title = {Is There An Optimal Forecast Combination?},
  author = {C. Hsiao and S. K. Wan},
  journal = {Journal of Econometrics},
  year = {2014},
  number = {2},
  pages = {294--309},
  volume = {178},
  url = {https://doi.org/10.1016/j.jeconom.2013.11.003},
}

@Article{Hurvich1989,
  title = {Regression and Time Series Model Selection in Small Samples},
  author = {Clifford M Hurvich and Chih-Ling Tsai},
  journal = {Biometrika},
  year = {1989},
  number = {2},
  pages = {297--307},
  volume = {76},
  publisher = {Biometrika Trust},
  url = {https://doi.org/10.2307/2336663},
}

@Article{Hyndman2011,
  title = {Optimal Combination Forecasts for Hierarchical Time Series},
  author = {R. J. Hyndman and R. A. Ahmed and G. Athanasopoulos and H. L. Shang},
  journal = {Computational Statistics \& Data Analysis},
  year = {2011},
  number = {9},
  pages = {2579--2589},
  volume = {55},
  publisher = {Elsevier},
  url = {https://doi.org/10.1016/j.csda.2011.03.006},
}

@Manual{Hyndman2017,
  title = {{forecast}: Forecasting Functions for Time Series and Linear Models},
  author = {Rob J Hyndman},
  note = {R package version 8.1},
  year = {2017},
  url = {http://github.com/robjhyndman/forecast},
}

@Manual{Hyndman,
  title = {{hts}: An R Package for Forecasting Hierarchical or Grouped Time Series},
}

@Article{Hyndman2006,
  title = {Another Look at Measures of Forecast Accuracy},
  author = {R. J. Hyndman and A. B. Koehler},
  journal = {International Journal of Forecasting},
  year = {2006},
  number = {4},
  pages = {679-688},
  volume = {22},
  url = {https://doi.org/10.1016/j.ijforecast.2006.03.001},
}

@Manual{IEA2017,
  title = {Monthly Electricity Statistics},
  author = {{IEA}},
  note = {International Energy Agency},
  year = {2017},
}

@Article{Jose2008,
  title = {Simple Robust Averages of Forecasts: Some Empirical Results},
  author = {V. R. R. Jose and R. L. Winkler},
  journal = {International Journal of Forecasting},
  year = {2008},
  number = {1},
  pages = {163--169},
  volume = {24},
  url = {https://doi.org/10.1016/j.ijforecast.2007.06.001},
}

@Manual{Junger2012,
  title = {Mtsdi: Multivariate Time Series Data Imputation},
  author = {Washington Junger and Antonio Ponce {de Leon}},
  note = {R package version 0.3.3},
  year = {2012},
  url = {https://CRAN.R-project.org/package=mtsdi},
}

@Article{Kapetanios2008,
  title = {Forecasting Using Bayesian and Information-Theoretic Model Averaging: An Application to UK Inflation},
  author = {George Kapetanios and Vincent Labhard and Simon Price},
  journal = {Journal of Business \& Economic Statistics},
  year = {2008},
  number = {1},
  pages = {33--41},
  volume = {26},
  publisher = {Taylor \& Francis},
  url = {https://doi.org/10.1198/073500107000000232},
}

@Article{Liaw2002,
  title = {Classification and Regression by randomForest},
  author = {Andy Liaw and Matthew Wiener},
  journal = {R news},
  year = {2002},
  number = {3},
  pages = {18--22},
  volume = {2},
}

@Manual{Lumley2017,
  title = {Leaps: Regression Subset Selection},
  author = {Thomas Lumley},
  note = {R package version 3.0},
  year = {2017},
  url = {https://CRAN.R-project.org/package=leaps},
}

@Article{Magnus2014,
  title = {Concept-Based Bayesian Model Averaging and Growth Empirics},
  author = {Jan R Magnus and Wendun Wang},
  journal = {Oxford Bulletin of Economics and Statistics},
  year = {2014},
  number = {6},
  pages = {874--897},
  volume = {76},
  publisher = {John Wiley \& Sons},
  url = {https://doi.org/10.1111/obes.12068},
}

@Article{McNees1992,
  title = {The Uses and Abuses of `Consensus' Forecasts},
  author = {S. K. McNees},
  journal = {Journal of Forecasting},
  year = {1992},
  number = {8},
  pages = {703--710},
  volume = {11},
  url = {https://doi.org/10.1016/0169-2070(93)90039-p},
}

@Article{Mevik2007,
  title = {The Pls Package: Principal Component and Partial Least Squares Regression in R},
  author = {Bj√∂rn-Helge Mevik and Ron Wehrens},
  journal = {Journal of Statistical Software},
  year = {2007},
  number = {2},
  pages = {1--24},
  volume = {18},
  publisher = {American Statistical Association},
  url = {https://doi.org/10.18637/jss.v018.i02},
}

@TechReport{Morana2015,
  title = {Model Averaging by Stacking},
  author = {Claudio Morana},
  institution = {University of Milan Bicocca, Department of Economics, Management and Statistics},
  year = {2015},
  number = {310},
  type = {Working Paper},
  url = {https://doi.org/10.2139/ssrn.2665704},
}

@Article{Newbold1974,
  title = {Experience with Forecasting Univariate Time Series and the Combination of Forecasts},
  author = {P. Newbold and C. W. J. Granger},
  journal = {Journal of the Royal Statistical Society A},
  year = {1974},
  number = {2},
  pages = {131--165},
  volume = {137},
  url = {https://doi.org/10.2307/2344546},
}

@Article{nowotarski2014empirical,
  title = {An Empirical Comparison of Alternative Schemes for Combining Electricity Spot Price Forecasts},
  author = {Jakub Nowotarski and Eran Raviv and Stefan Tr√ºck and Rafa≈Ç Weron},
  journal = {Energy Economics},
  year = {2014},
  pages = {395--412},
  volume = {46},
  publisher = {Elsevier},
  url = {https://doi.org/10.2139/ssrn.2313553},
}

@TechReport{Opschoor2014,
  title = {Improving Density Forecasts and Value-at-Risk Estimates by Combining Densities},
  author = {Anne Opschoor and Dick JC {Van Dijk} and Michel {Van der Wel}},
  institution = {Tinbergen Institute},
  year = {2014},
  number = {14-090/III},
  type = {Discussion Paper},
  url = {https://doi.org/10.2139/ssrn.2469024},
}

@Article{Palm1992,
  title = {To Combine or Not To Combine? Issues of Combining Forecasts},
  author = {F. C. Palm and A. Zellner},
  journal = {Journal of Forecasting},
  year = {1992},
  number = {8},
  pages = {687--701},
  volume = {11},
  url = {https://doi.org/10.1002/for.3980110806},
}

@Article{Pesaran2011,
  title = {Forecast Combination across Estimation Windows},
  author = {M. H. Pesaran and A. Pick},
  journal = {Journal of business and economic statistics},
  year = {2011},
  number = {2},
  pages = {307--318},
  volume = {29},
  publisher = {Taylor \& Francis},
  url = {https://doi.org/10.1198/jbes.2010.09018},
}

@Article{Raftery2005,
  title = {BMA: An R Package for Bayesian Model Averaging},
  author = {Adrian E Raftery and Ian S Painter},
  journal = {R news},
  year = {2005},
  number = {2},
  pages = {2--8},
  volume = {5},
}

@Article{rapach2009out,
  title = {Out-of-Sample Equity Premium Prediction: Combination Forecasts and Links to the Real Economy},
  author = {David E Rapach and Jack K Strauss and Guofu Zhou},
  journal = {Review of Financial Studies},
  year = {2010},
  number = {2},
  pages = {821-862},
  volume = {23},
  publisher = {Soc Financial Studies},
}

@TechReport{Ravazzolo2007,
  title = {Predictive Gains from Forecast Combinations Using Time Varying Model Weights},
  author = {Francesco Ravazzolo and Marno Verbeek and Herman K {Van Dijk}},
  institution = {Econometric Institute},
  year = {2007},
  number = {2007-26},
  type = {Report},
  url = {https://doi.org/10.2139/ssrn.1012574},
}

@Manual{Raviv2015a,
  title = {{ForecastCombinations}: Forecast Combinations in R},
  author = {Eran Raviv},
  note = {R package version 1.1},
  year = {2015},
  url = {https://CRAN.R-project.org/package=ForecastCombinations},
}

@Manual{Raviv2015b,
  title = {{ForecastCombinations}: Forecast Combinations in R},
  author = {Eran Raviv},
  note = {R package version 1.1},
  year = {2015},
  url = {https://CRAN.R-project.org/package=ForecastCombinations},
}

@Article{Raviv2015,
  title = {Forecasting Day-Ahead Electricity Prices: Utilizing Hourly Prices},
  author = {Eran Raviv and Kees E. Bouwman and Dick {van Dijk}},
  journal = {Energy Economics},
  year = {2015},
  pages = {227 - 239},
  volume = {50},
  issn = {0140-9883},
  url = {https://doi.org/10.1016/j.eneco.2015.05.014},
}

@Article{Ridgeway2007,
  title = {Generalized Boosted Models: A Guide to the Gbm Package},
  author = {Greg Ridgeway},
  journal = {Update},
  year = {2007},
  number = {1},
  pages = {2007},
  volume = {1},
}

@Manual{Shaub2017,
  title = {forecastHybrid: Convenient Functions for Ensemble Time Series Forecasts},
  author = {David Shaub and Peter Ellis},
  note = {R package version 0.4.1},
  year = {2017},
  url = {https://CRAN.R-project.org/package=forecastHybrid},
}

@Article{Smith2009,
  title = {A Simple Explanation of the Forecast Combination Puzzle},
  author = {Jeremy Smith and Kenneth F. Wallis},
  journal = {Oxford Bulletin of Economics and Statistics},
  year = {2009},
  number = {3},
  pages = {331--355},
  volume = {71},
  url = {https://doi.org/10.1111/j.1468-0084.2008.00541.x},
}

@Article{Stock2004,
  title = {Combination Forecasts of Output Growth in a Seven-Country Data Set},
  author = {James H Stock and Mark W Watson},
  journal = {Journal of Forecasting},
  year = {2004},
  number = {6},
  pages = {405--430},
  volume = {23},
  url = {https://doi.org/10.1002/for.928},
}

@Article{Tang2009,
  title = {Parameter Estimation and Bias Correction for Diffusion Processes},
  author = {C. Y. Tang and S. X. Chen},
  journal = {Journal of Econometrics},
  year = {2009},
  number = {1},
  pages = {65--81},
  volume = {149},
  publisher = {Elsevier},
  url = {https://doi.org/10.1016/j.jeconom.2008.11.001},
}

@Article{Taylor2006,
  title = {A Comparison of Univariate Methods for Forecasting Electricity Demand up to a Day Ahead},
  author = {James W Taylor and Lilian M {De Menezes} and Patrick E McSharry},
  journal = {International Journal of Forecasting},
  year = {2006},
  number = {1},
  pages = {1--16},
  volume = {22},
  publisher = {Elsevier},
  url = {https://doi.org/10.1016/j.ijforecast.2005.06.006},
}

@Article{Timmermann2006,
  title = {Forecast Combinations},
  author = {Allan Timmermann},
  journal = {Handbook of economic forecasting},
  year = {2006},
  pages = {135--196},
  volume = {1},
  publisher = {Elsevier},
  url = {https://doi.org/10.1016/s1574-0706(05)01004-9},
}

@Manual{Turlach2013,
  title = {Quadprog: Functions to Solve Quadratic Programming Problems.},
  author = {Berwin A. Turlach and Andreas Weingessel},
  note = {R package version 1.5-5},
  year = {2013},
  url = {https://CRAN.R-project.org/package=quadprog},
}

@Book{Venables2002,
  title = {Modern Applied Statistics with S},
  author = {W. N. Venables and B. D. Ripley},
  publisher = {Springer-Verlag},
  year = {2002},
  address = {New York},
  edition = {4th},
  note = {ISBN 0-387-95457-0},
}

@Unpublished{Weiss2017,
  title = {Hierarchical Time Series and Forecast Combination in Healthcare Demand Forecasting},
  author = {Christoph E Weiss},
  note = {Working Paper, Judge Business School, University of Cambridge},
  year = {2017},
}

@Manual{Weiss2016,
  title = {GeomComb: (Geometric) Forecast Combination Methods},
  author = {Christoph E. Weiss and Gernot R. Roetzer},
  note = {R package version 1.0},
  year = {2016},
  url = {https://CRAN.R-project.org/package=GeomComb},
}

@Article{Wright2009,
  title = {Forecasting US Inflation by Bayesian Model Averaging},
  author = {Jonathan H Wright},
  journal = {Journal of Forecasting},
  year = {2009},
  number = {2},
  pages = {131--144},
  volume = {28},
  publisher = {John Wiley \& Sons},
  url = {https://doi.org/10.1002/for.1088},
}

@Article{Wright2008,
  title = {Bayesian Model Averaging and Exchange Rate Forecasts},
  author = {Jonathan H Wright},
  journal = {Journal of Econometrics},
  year = {2008},
  number = {2},
  pages = {329--341},
  volume = {146},
  publisher = {Elsevier},
  url = {https://doi.org/10.2139/ssrn.457345},
}
