% An example bibliography .bib file.

%This is a bibliography of extremes papers Version 11 January 2002
%@PREAMBLE{"\newcommand{\noopsort}[1]{} " }

% Note that spaces are needed to get all authors initials,
% ie D. R. Cox or Cox, D. R. are both ok. The full stops are NOT
% needed ie D R Cox and Cox, D R  also both work!

@article{Aalen1989,
  title={A linear regression model for the analysis of life times},
  author={Aalen, Odd O},
  journal={Statistics in Medicine},
  volume={8},
  number={8},
  pages={907--925},
  year={1989},
  publisher={Wiley Online Library},
  url={https://doi.org/10.1002/sim.4780080803}
}

@BOOK{Aalen2008,
      author="Aalen,O and Borgan, O and Gjessing, H ",
      title="Survival and event history analysis",
      year=2008,
      publisher="Springer",
      address="",
      note="",
      url={https://link.springer.com/book/10.1007/978-0-387-68560-1}}

@BOOK{Andersen1993,
      author="Andersen,PK and Borgan, O and Gill, RD and Keiding, N ",
      title="Statistical Models Based On Counting Processes",
      year=1993,
      publisher="Springer",
      address="",
      note="",
      url={https://link.springer.com/book/10.1007/978-1-4612-4348-9}}

@article{Cortese2010,
  title={Competing risks and time-dependent covariates},
  author={Cortese, Giuliana and Andersen, Per K},
  journal={Biometrical Journal},
  volume={52},
  number={1},
  pages={138--158},
  year={2010},
  publisher={Wiley Online Library},
  url={https://doi.org/10.1002/bimj.200900076}
}
      
@BOOK{Carlin2009,
      author={Carlin,BP and Louis, TA},
      title={Bayesian Methods for Data Analysis},
      year={2009},
      publisher={CRC Press},
      url={https://doi.org/10.1201/b14884}
      }

@Article{flexsurv_package,
    title = {{flexsurv}: A Platform for Parametric Survival Modeling in
      {R}},
    author = {Christopher Jackson},
    journal = {Journal of Statistical Software},
    year = {2016},
    volume = {70},
    number = {8},
    pages = {1--33},
    doi = {10.18637/jss.v070.i08},
  }      

@article{Karoui2018,
  title={Can we trust the bootstrap in high-dimensions? {T}he case of linear models},
  author={El Karoui, Noureddine and Purdom, Elizabeth},
  journal={The Journal of Machine Learning Research},
  volume={19},
  number={1},
  pages={170--235},
  year={2018},
  publisher={JMLR. org},
  url={https://jmlr.org/papers/v19/17-006.html}
}

@article{gamboostMSM_package,
  title={gamboostMSM},
  author={Reulen, Holger},
  journal={R package version},
  pages={1.1.87},
  year={2014},
  url={https://CRAN.R-project.org/package=gamboostMSM}
}
      
@BOOK{Gelman2014,
      author="Gelman,A and Carlin, JB and Stern, HS and Dunson, DB and Vehtari,A and Rubin, DB ",
      title="Bayesian Data Analysis",
      year=2014,
      publisher="CRC Press",
      address="",
      note="",
      url={https://doi.org/10.1201/b16018}}
      
@article{Gerds2014,
  title={Calibration plots for risk prediction models in the presence of competing risks},
  author={Gerds, Thomas A and Andersen, Per K and Kattan, Michael W},
  journal={Statistics in medicine},
  volume={33},
  number={18},
  pages={3191--3203},
  year={2014},
  publisher={Wiley Online Library},
  url={https://doi.org/10.1002/sim.6152}
}


@article{Grinfeld2018,
title = {Personalized Prognostic Predictions for Patients with Myeloproliferative Neoplasms through Integration of Comprehensive Genomic and Clinical Information},
journal = {Blood},
volume = {130},
pages = {491},
year = {2017},
issn = {0006-4971},
doi = {https://doi.org/10.1182/blood.V130.Suppl_1.491.491},
url = {https://www.sciencedirect.com/science/article/pii/S000649711981008X},
author = {Jacob Grinfeld and Jyoti Nangalia and E Joanna Baxter and Anna L. Godfrey and Paola Guglielmelli and Rob Cantrill and David Wedge and Nicos Angelopoulos and Gunes Gundem and Charlie Massie and Elli Papaemmanuil and Cathy MacLean and Julia Cook and Francesca Lauren Nice and Christen Lykkegaard Andersen and Hans Carl Hasselbalch and Mary Frances McMullin and Alessandro M. Vannucchi and Claire N. Harrison and Moritz Gerstung and Peter J Campbell and Anthony R Green},
}

@article{harrell1982evaluating,
    author = {Harrell, Frank E., Jr and Califf, Robert M. and Pryor, David B. and Lee, Kerry L. and Rosati, Robert A.},
    title = "{Evaluating the Yield of Medical Tests}",
    journal = {JAMA},
    volume = {247},
    number = {18},
    pages = {2543-2546},
    year = {1982},
    month = {05},
    issn = {0098-7484},
    doi = {10.1001/jama.1982.03320430047030},
    url = {https://doi.org/10.1001/jama.1982.03320430047030},
    eprint = {https://jamanetwork.com/journals/jama/articlepdf/372568/jama\_247\_18\_030.pdf},
}


@book{Hastie2009,
  title={The elements of statistical learning: data mining, inference, and prediction},
  author={Hastie, Trevor and Tibshirani, Robert and Friedman, Jerome H and Friedman, Jerome H},
  volume={2},
  year={2009},
  publisher={Springer},
  url={https://link.springer.com/book/10.1007/978-0-387-84858-7}
}

@article{Hoff2019,
	Author = {Hoff, Rune and Putter, Hein and Mehlum, Ingrid Sivesind and Gran, Jon Michael},
	Da = {2019/10/01},
	Date-Added = {2021-02-19 11:01:01 +0000},
	Date-Modified = {2021-02-19 11:01:01 +0000},
	Doi = {10.1007/s10985-019-09474-0},
	Id = {Hoff2019},
	Isbn = {1572-9249},
	Journal = {Lifetime Data Analysis},
	Number = {4},
	Pages = {660--680},
	Title = {Landmark estimation of transition probabilities in non-Markov multi-state models with covariates},
	Ty = {JOUR},
	Url = {https://doi.org/10.1007/s10985-019-09474-0},
	Volume = {25},
	Year = {2019},
	Bdsk-Url-1 = {https://doi.org/10.1007/s10985-019-09474-0}}


@article{Hougaard1999,
  title={Multi-state models: a review},
  author={Hougaard, Philip},
  journal={Lifetime data analysis},
  volume={5},
  number={3},
  pages={239--264},
  year={1999},
  publisher={Springer},
  url={https://doi.org/10.1023/A:1009672031531}
}

@Article{Jackson2011,
    title = {Multi-state models for panel data: the {msm} package for {R}},
    author = {Christopher H. Jackson},
    journal = {Journal of Statistical Software},
    year = {2011},
    volume = {38},
    number = {8},
    pages = {1--29},
    url = {http://www.jstatsoft.org/v38/i08/},
  }
  
  @book{Kalbfleisch2002,
  title={The statistical analysis of failure time data},
  author={Kalbfleisch, John D and Prentice, Ross L},
  year={2002},
  publisher={John Wiley \& Sons},
  doi={10.1002/9781118032985},
  }

@article{Listwon2015,
  TITLE = {{SemiMarkov: An R Package for Parametric Estimation in Multi-State Semi-Markov Models}},
  AUTHOR = {Listwon, Agnieszka and Saint-Pierre, Philippe},
  URL = {https://hal.archives-ouvertes.fr/hal-00860244},
  JOURNAL = {{Journal of Statistical Software}},
  PUBLISHER = {{University of California, Los Angeles}},
  VOLUME = {66},
  NUMBER = {6},
  PAGES = {784},
  YEAR = {2015},
  DOI = {10.18637/jss.v066.i06},
  KEYWORDS = {exponentiated Weibull distribution ; multi-state semi-Markov models ; parametric estimation ; asthma ; R package},
  PDF = {https://hal.archives-ouvertes.fr/hal-00860244/file/Listwon_SaintPierre_HAL.pdf},
  HAL_ID = {hal-00860244},
  HAL_VERSION = {v1},
}

@article{mboost_package,
  title={mboost: Model-Based Boosting},
  author={Hothorn, Torsten and Buehlmann, Peter and Kneib, Thomas and Schmid, Matthias and Hofner, Benjamin},
  journal={R package version},
  pages={2.9-3},
  year={2020},
  url={https://CRAN.R-project.org/package=mboost}
}

@article{Morris1983,
  title={Parametric empirical Bayes inference: theory and applications},
  author={Morris, Carl N},
  journal={Journal of the American Statistical Association},
  volume={78},
  number={381},
  pages={47--55},
  year={1983},
  publisher={Taylor \& Francis Group},
  url={https://doi.org/10.1080/01621459.1983.10477920}
}

@article{Papaemmanuil2013,
  title={Clinical and biological implications of driver mutations in myelodysplastic syndromes},
  author={Papaemmanuil, Elli and Gerstung, Moritz and Malcovati, Luca and Tauro, Sudhir and Gundem, Gunes and Van Loo, Peter and Yoon, Chris J and Ellis, Peter and Wedge, David C and Pellagatti, Andrea and others},
  journal={Blood},
  volume={122},
  number={22},
  pages={3616--3627},
  year={2013},
  publisher={Am Soc Hematology},
  url={https://doi.org/10.1182/blood-2013-08-518886}
}

@BOOK{Pawitan2001,
      author="Pawitan, Y",
      title="In All Likelihood",
      year=2001,
      publisher="Oxford University Press",
      address="",
      note="",
      url={https://global.oup.com/academic/product/in-all-likelihood-9780199671229?cc=gb&lang=en&#}
      }
      
@article{penMSM_package,
  title={penMSM},
  author={Reulen, Holger},
  journal={R package version},
  pages={0.99},
  year={2015},
  url={https://CRAN.R-project.org/package=penMSM}
}

@article{Perperoglou2014,
  title={Cox models with dynamic ridge penalties on time-varying effects of the covariates},
  author={Perperoglou, Aris},
  journal={Statistics in Medicine},
  volume={33},
  number={1},
  pages={170--180},
  year={2014},
  publisher={Wiley Online Library},
  url={https://doi.org/10.1002/sim.5921}
}
      
@Article{Putter2011,
    title = {{mstate}: An {R} Package for the Analysis of Competing Risks and Multi-State Models},
    author = {Liesbeth C. {de Wreede} and Marta Fiocco and Hein Putter},
    journal = {Journal of Statistical Software},
    year = {2011},
    volume = {38},
    number = {7},
    pages = {1--30},
    url = {http://www.jstatsoft.org/v38/i07/},
  }

@article{Putter2007tutorial,
  title={Tutorial in biostatistics: competing risks and multi-state models},
  author={Putter, Hein and Fiocco, Marta and Geskus, Ronald B},
  journal={Statistics in Medicine},
  volume={26},
  number={11},
  pages={2389--2430},
  year={2007},
  publisher={Wiley Online Library},
  url={https://doi.org/10.1002/sim.2712}
}

@article{Putter2011tutorial,
  title={Tutorial in biostatistics: Competing risks and multi-state models Analyses using the mstate package},
  author={Putter, Hein},
  journal={Companion file for the mstate package},
  year={2011},
  url = {https://mirror.las.iastate.edu/CRAN/web/packages/mstate/vignettes/Tutorial.pdf}
}

  @Manual{R_language,
    title = {R: A Language and Environment for Statistical Computing},
    author = {{R Core Team}},
    organization = {R Foundation for Statistical Computing},
    address = {Vienna, Austria},
    year = {2019},
    url = {https://www.R-project.org/},
  }

@article{Rueda2019,
  title={Dynamics of breast-cancer relapse reveal late-recurring ER-positive genomic subgroups},
  author={Rueda, Oscar M and Sammut, Stephen-John and Seoane, Jose A and Chin, Suet-Feung and Caswell-Jin, Jennifer L and Callari, Maurizio and Batra, Rajbir and Pereira, Bernard and Bruna, Alejandra and Ali, H Raza and others},
  journal={Nature},
  volume={567},
  number={7748},
  pages={399},
  year={2019},
  publisher={Nature Publishing Group},
  url={https://doi.org/10.1038/s41586-019-1007-8}
}

@article{Samworth2012,
  title={Stein's paradox},
  author={Samworth, Richard J},
  journal={Eureka},
  volume={62},
  pages={38--41},
  year={2012},
  publisher={The Archimedeans},
  url={https://citeseerx.ist.psu.edu/document?repid=rep1&type=pdf&doi=7eebd55f569395544f2b5d367d6aee614901d2c1}
}

@article{Schall1991,
author = {Schall, Robert},
title = {Estimation in generalized linear models with random effects},
journal = {Biometrika},
volume = {78},
number = {4},
pages = {719-727},
year = {1991},
doi = {10.1093/biomet/78.4.719},
URL = {http://dx.doi.org/10.1093/biomet/78.4.719},
eprint = {/oup/backfile/content_public/journal/biomet/78/4/10.1093/biomet/78.4.719/2/78-4-719.pdf}
}

@article{schwarz1978estimating,
  title={Estimating the dimension of a model},
  author={Schwarz, Gideon},
  journal={The annals of statistics},
  pages={461--464},
  year={1978},
  publisher={JSTOR},
  url={https://www.jstor.org/stable/2958889}
}

@manual{shiny, 
  title={Easy web applications in R.}, 
  author={{RStudio, Inc}}, 
  year={2013}, 
  url={http://www.rstudio.com/shiny/}
} 

 @Manual{survival_package,
    title = {A Package for Survival Analysis in S},
    author = {Terry M Therneau},
    year = {2015},
    note = {version 2.38},
    url = {https://CRAN.R-project.org/package=survival},
  }


@article{Shu2007,
	Author = {Shu, Youyi and Klein, John P. and Zhang, Mei-Jie},
	Da = {2007/03/01},
	Date-Added = {2021-02-09 10:55:17 +0000},
	Date-Modified = {2021-02-09 10:55:17 +0000},
	Doi = {10.1007/s10985-006-9018-9},
	Id = {Shu2007},
	Isbn = {1572-9249},
	Journal = {Lifetime Data Analysis},
	Number = {1},
	Pages = {91--117},
	Title = {Asymptotic theory for the Cox semi-Markov illness-death model},
	Ty = {JOUR},
	Url = {https://doi.org/10.1007/s10985-006-9018-9},
	Volume = {13},
	Year = {2007},
	Bdsk-Url-1 = {https://doi.org/10.1007/s10985-006-9018-9}}
	
@article{Spitoni2012,
author = {Cristian Spitoni and Marion Verduijn and Hein Putter},
doi = {doi:10.1515/1557-4679.1375},
url = {https://doi.org/10.1515/1557-4679.1375},
title = {Estimation and Asymptotic Theory for Transition Probabilities in Markov Renewal Multi-State Models},
journal = {The International Journal of Biostatistics},
number = {1},
volume = {8},
year = {2012}
}


@article{vanHouwelingen2007,
  title={Dynamic prediction by landmarking in event history analysis},
  author={van Houwelingen, Hans C},
  journal={Scandinavian Journal of Statistics},
  volume={34},
  number={1},
  pages={70--85},
  year={2007},
  publisher={Wiley Online Library},
  url={https://doi.org/10.1111/j.1467-9469.2006.00529.x}
}

@article{Wreede2010,
title = "The mstate package for estimation and prediction in non- and semi-parametric multi-state and competing risks models",
journal = "Computer Methods and Programs in Biomedicine",
volume = "99",
number = "3",
pages = "261 - 274",
year = "2010",
issn = "0169-2607",
doi = "https://doi.org/10.1016/j.cmpb.2010.01.001",
url = "http://www.sciencedirect.com/science/article/pii/S0169260710000027",
author = "Liesbeth C. de Wreede and Marta Fiocco and Hein Putter",
keywords = "Survival analysis, Multi-state models, Competing risks models, Markov models, Cox models, Software"
}

@article{Zou2005,
author = {Zou, Hui and Hastie, Trevor},
title = {Regularization and variable selection via the elastic net},
journal = {Journal of the Royal Statistical Society: Series B (Statistical Methodology)},
volume = {67},
number = {2},
pages = {301-320},
keywords = {Grouping effect, LARS algorithm, Lasso, Penalization, p≫n problem, Variable selection},
doi = {https://doi.org/10.1111/j.1467-9868.2005.00503.x},
url = {https://rss.onlinelibrary.wiley.com/doi/abs/10.1111/j.1467-9868.2005.00503.x},
eprint = {https://rss.onlinelibrary.wiley.com/doi/pdf/10.1111/j.1467-9868.2005.00503.x},
year = {2005}
}