@Book{ Agresti:1990,
	AUTHOR = "A. Agresti",
	TITLE = "Categorical Data Analysis",
	PUBLISHER = "Wiley, New York, NY",
	YEAR = 1990
}

@Article{ Beaber+al:1985,
	AUTHOR = "R.J. Beaber and A. Marston and J. Michelli and M.J. Mills",
	TITLE = "A brief test for measuring malingering in schizophrenic individuals",
	JOURNAL = "American Journal of Psychiatry",
	YEAR = 1985,
        VOLUME = 142,
	NUMBER = 12,
	PAGES = "1478--1481"
}

@Article{ Crawford:2003,
	AUTHOR = "V.P. Crawford",
	TITLE = "Lying for strategic advantage: Rational and boundedly rational misrepresentation of intentions",
	JOURNAL = "The American Economic Review",
	YEAR = 2003,
	VOLUME = 93,
        NUMBER = 1,
	PAGES = "133--149"
}

@Article{ Gray+al:2003,
	AUTHOR = "N. S. Gray and M. J. MacCulloch and J. Smith and M. Morris and R. J. Snowden",
	TITLE = "Forensic psychology: Violence viewed by psychopathic murderers",
	JOURNAL = "Nature",
	YEAR = 2003,
	VOLUME = 423,
        NUMBER = 6939,
	PAGES = "497--498"
}

@Article{ Hopwood+al:2008,
	AUTHOR = "C. J. Hopwood and C. A. Talbert and L. C. Morey and R. Rogers",
	TITLE = "Testing the incremental utility of the negative impression-positive impression differential in detecting simulated personality assessment inventory profiles",
	JOURNAL = "Journal of Clinical Psychology",
	YEAR = 2006,
	VOLUME = 64,
        NUMBER = 3,
	PAGES = "338--343"
}

@Book{ Joreskog+Sorbom:1996,
	AUTHOR = {K. J{\"o}reskog and D. S{\"o}rbom},
	TITLE = "PRELIS 2: User's Reference Guide",
	PUBLISHER = "Scientific Software International, Inc., Lincolnwood, IL",
	YEAR = 1996
}

@Article{ Lehmann:1993,
	AUTHOR = "E. L. Lehmann",
	TITLE = "The {F}isher, {N}eyman-{P}earson Theories of Testing Hypotheses: One Theory or Two?",
	JOURNAL = "Journal of the American Statistical Association",
	YEAR = 1993,
        VOLUME = 88,
	NUMBER = 424,
	PAGES = "1242--1249"
}

@Article{ Lombardi+Pastore:2012,
	AUTHOR = "L. Lombardi and M. Pastore",
	TITLE = "Sensitivity of fit indices to fake perturbation of ordinal data: A sample by replacement approach",
	JOURNAL = "Multivariate Behavioral Research",
	YEAR = 2012,
	VOLUME = 47,
        ISSUE = 4,
	PAGES = "519--546"
}

@Manual{ Fox:2010,
	TITLE = "polycor: Polychoric and Polyserial Correlations",
	AUTHOR = "John Fox",
	YEAR = "2010",
	NOTE = "R package version 0.7-8",
	URL = "http://CRAN.R-project.org/package=polycor"
}

@Article{ Marshall:2000,
	AUTHOR = "E. Marshall",
	TITLE = "How prevalent is fraud? {T}hatâ€™s a million-dollar question",
	JOURNAL = "Science",
	YEAR = 2000,
	VOLUME = 290,
        NUMBER = 5497,
	PAGES = "1662--1663"
}

@Article{ Muthen:1984,
	AUTHOR = "B. Muth{\'e}n",
	TITLE = "A general structural equation model with dichotomous, ordered categorical and continuous latent variables indicators",
	JOURNAL = "Psychometrika",
	YEAR = 1984,
	VOLUME = 49,
        ISSUE = 1,
	PAGES = "115--132"
}

@Article{ Pastore+Lombardi:2013,
	title = "The impact of faking on {C}ronbach's alpha for dichotomous and ordered rating scores",
	author = "M. Pastore and L. Lombardi",
	journal = "Quality \& Quantity",
	pages = "1191--1211",
	volume = "48",
	year = 2014,
	doi = "10.1007/s11135-013-9829-1"
}

@InCollection{ Pastore+al:2007,
	AUTHOR = "M. Pastore and L. Lombardi and F. Mereu",
	TITLE = "Effects of malingering in self-report measures: A scenario analysis approach",
	EDITOR = "C. H. Skiadas",
	BOOKTITLE = "Recent Advances in Stochastic Modeling and Data Analysis",
	PUBLISHER = "World Scientific Publishing",
	PAGES = "483--491",
	YEAR = 2007
}

@Article{ Paulhus:1984,
	AUTHOR = "D. L. Paulhus",
	TITLE = "Two-component models of socially desirable responding",
	JOURNAL = "Journal of Personality and Social Psychology",
	YEAR = 1984,
	VOLUME = 46,
        NUMBER = 3,
	PAGES = "598--609"
}

@Article{ VanderGeest+Sarkodie:1998,
	AUTHOR = "S. {Van der Geest} and S. Sarkodie",
	TITLE = "The fake patient: A research experiment in a {G}hanaian hospital",
	JOURNAL = "Social Science \& Medicine",
	YEAR = 1998,
	VOLUME = 47,
        NUMBER = 9,
	PAGES = "107--120"
}

@Book{ Venables+Ripley:2002,
	title = "Modern Applied Statistics with S",
	author = "W. N. Venables and B. D. Ripley",
	publisher = "Springer",
	edition = "Fourth",
	address = "New York",
	year = "2002",
	note = "ISBN 0-387-95457-0",
	url = "http://www.stats.ox.ac.uk/pub/MASS4"
}

@Book{ Cohen:1988,
	author = "J. Cohen",
	publisher = "Lawrence Erlbaum Associates, Hillsdale, NJ",
	title = "Statistical power analysis for the behavioral sciences",
	year = 1988,
	edition = "2nd"
}

@Article{ Moustaki+Knott:2000,
	Author = "I Moustaki and M Knott",
	Title = "{Generalized latent trait models}",
	Journal = "{Psychometrika}",
	Year = "{2000}",
	Volume = "{65}",
	Number = "{3}",
	Pages = "{391--411}",
	Month = "{SEP}",
	Abstract = "{In this paper we discuss a general model framework within which manifest variables with different distributions in the exponential Family can be analyzed with a latent trait model. A unified maximum likelihood method For estimating the parameters of the generalized latent trait model will be presented. We discuss in addition the scoring of individuals on the latent dimensions. The general framework presented allows, not only the analysis of manifest variables all of one type but also the simultaneous analysis of a collection of variables with different distributions. The approach used analyzes the data as they are by making assumptions about the distribution of the manifest variables directly.}",
	Publisher = "{PSYCHOMETRIC SOC}",
	Address = "{COLLEGE OF WILLIAM AND MARY DEPT PSYCHOLOGY, WILLIAMSBURG, VA 23185 USA}",
	Type = "{Article}",
	DOI = "{10.1007/BF02296153}",
	ISSN = "{0033-3123}",
	Keywords = "EM algorithm, {generalized linear models, latent trait model, scoring methods}",
	Affiliation = "{Moustaki, I (Reprint Author), Univ London London Sch Econ \& Polit Sci, Dept Stat, Houghton St, London WC2A 2AE, England. Univ London London Sch Econ \& Polit Sci, Dept Stat, London WC2A 2AE, England.}",
	Doc-Delivery-Number = "{360ZQ}",
	Journal-ISO = "{Psychometrika}",
	Keywords-Plus = "{POLYCHORIC CORRELATIONS; RASCH MODEL; VARIABLES; MATRIX}",
	Language = "{English}",
	Number-of-Cited-References = "{27}",
	Research-Areas = "{Mathematics; Mathematical Methods In Social Sciences; Psychology}",
	Times-Cited = "{62}",
	Unique-ID = "{ISI:000089697600008}",
	Web-of-Science-Categories = "{Mathematics, Interdisciplinary Applications; Social Sciences, Mathematical Methods; Psychology, Mathematical}"
}

@Article{ Helton+al:2006,
	author = "J.C. Helton and J.D. Johnson and C.J. Salaberry and C.B. Storlie",
	journal = "Reliability Engineering and System Safety",
	title = "Survey of sampling based methods for uncertainty and sensitivity analysis",
	year = 2006,
	volume = 91,
        number = 10,
	pages = "1175--1209"
}

@Article{ Ellingson+al:2001,
	author = "J. E. Ellingson and D. B. Smith and P. R. Sackett",
	journal = "Journal Of Applied Psychology",
	title = "Investigating the influence of social desirability on personality factor structure",
	year = 2001,
	pages = "122--133",
	volume = 86
}

@Article{ Eysenck+al:1974,
	author = "S. B. Eysenck and H. J. Eysenck and L. Shaw",
	journal = "The British journal of social and clinical psychology ",
	title = "The modification of personality and Lie scale scores by special 'honesty' instructions.",
	year = 1974,
	pages = "41--50",
	volume = 13
}

@Article{ Hesketh+al:2004,
	author = "B. Hesketh and B. Griffin and D. Grayson",
	journal = "Personality And Individual Differences",
	title = "Applicants faking good: evidence of item bias in the {NEO PI-R}",
	year = 2004,
	pages = "1545--1558 ",
	volume = 36
}

@Article{ Topping+OGorman:1997,
	title = "Effects of faking set on validity of the {NEO-FFI} ",
	journal = "Personality and Individual Differences ",
	volume = "23",
	number = "1",
	pages = "117--124",
	year = "1997",
	note = "",
	issn = "0191-8869",
	doi = "http://dx.doi.org/10.1016/S0191-8869(97)00006-8",
	url = "http://www.sciencedirect.com/science/article/pii/S0191886997000068",
	author = "Geoffrey D. Topping and J.G. O'Gorman"
}

@Article{ Ellingson+al:1999,
	Author = "JE Ellingson and PR Sackett and LM Hough",
	Title = "{Social desirability corrections in personality measurement: Issues of applicant comparison and construct validity}",
	Journal = "Journal Of Applied Psychology",
	Year = "{1999}",
	Volume = "{84}",
	Number = "{2}",
	Pages = "{155--166}",
	Month = "{APR}",
	DOI = "{10.1037/0021-9010.84.2.155}",
	ISSN = "{0021-9010}",
	Unique-ID = "{ISI:000080562000001}"
}

@Article{ Galic+al:2012,
	Author = "Zvonimir Galic and Zeljko Jerneic and Maja Parmac Kovacic",
	Title = "Do Applicants Fake Their Personality Questionnaire Responses and How Successful are Their Attempts? {A} Case of Military Pilot Cadet Selection",
	Journal = "International Journal Of Selection And Assessment",
	Year = "{2012}",
	Volume = "{20}",
	Number = "{2}",
	Pages = "{229--241}",
	Month = "{JUN}",
	DOI = "{10.1111/j.1468-2389.2012.00595.x}",
	ISSN = "{0965-075X}",
	Unique-ID = "{ISI:000304138100010}"
}

@Article{ Zickar+Robie:1999,
	author = "M. J. Zickar and C. Robie",
	journal = "Journal of Applied Psychology",
	title = "Modeling faking good on personality items: An item-level analysis.",
	year = 1999,
	pages = "551--563",
	volume = 84
}

@Article{ Ziegler+Buehner:2009,
	Author = "Matthias Ziegler and Markus Buehner",
	Title = "Modeling Socially Desirable Responding and Its Effects",
	Journal = "Educational And Psychological Measurement",
	Year = "{2009}",
	Volume = "{69}",
	Number = "{4}",
	Pages = "{548--565}",
	Month = "{AUG}",
	DOI = "{10.1177/0013164408324469}",
	ISSN = "{0013-1644}",
	Unique-ID = "{ISI:000268020600002}"
}

@Article{ Pauls+Crost:2005,
	Author = "CA Pauls and NW Crost",
	Title = "Effects of different instructional sets on the construct validity of the {NEO-PI-R}",
	Journal = "Personality And Individual Differences",
	Year = "{2005}",
	Volume = "{39}",
	Number = "{2}",
	Pages = "{297--308}",
	Month = "{JUL}",
	DOI = "{10.1016/j.paid.2005.01.003}",
	ISSN = "{0191-8869}",
	Unique-ID = "{ISI:000230193400005}"
}

@Book{ Samejima:1969,
	author = "Fumiko Samejima",
	publisher = "Richmond, VA: Psychometric Society",
	title = "Estimation of Latent Ability Using a Response Pattern of Graded Scores",
	year = 1969,
	series = "Psychometric Monograph No. 17"
}

@Article{ Foster+al:1997,
	author = "P. F. Foster and E. Fabrega and S. Karademir and N. H. Sankary and D. Mital and J. W. Williams",
	journal = "Hepatology",
	title = "Prediction of abstinence from ethanol in alcoholic recipients following liver transplantation",
	year = 1997,
	pages = "1469--1477",
	volume = 25
}

@book{Agresti:1990,
author = {A.~{Agresti}},
title = {{Categorical Data Analysis}},
publisher = {Wiley New York NY},
year = {1990}
}
@book{Beaber+al:1985,
author = {R.~{Beaber, A.~Marston, J.~Michelli, and M.~Mills}},
title = {{A brief test for measuring malingering in schizophrenic individuals}},
publisher = {American Journal of Psychiatry 142 (12):},
pages = {1478--1481},
year = {1985}
}
@book{Cohen:1988,
author = {J.~{Cohen}},
title = {{Statistical power analysis for the behavioral sciences}},
publisher = {Lawrence Erlbaum Associates Hillsdale NJ 2nd edition},
year = {1988}
}
@book{Crawford:2003,
author = {V.~{Crawford}},
title = {{Lying for strategic advantage: Rational and boundedly rational misrepresentation of intentions}},
publisher = {The American Economic Review 93 (1):},
pages = {133--149},
year = {2003}
}
@book{Ellingson+al:1999,
author = {J.~{Ellingson, P.~Sackett, and L.~Hough}},
title = {{Social desirability corrections in personality measurement: Issues of applicant comparison and construct validity}},
publisher = {Journal Of Applied Psychology 84 (2): APR  ISSN 0021-9010 doi10.1037/0021-9010.84.2.155},
pages = {155--166},
year = {1999}
}
@book{Ellingson+al:2001,
author = {J.~E. {Ellingson, D.~B. Smith, and P.~R. Sackett}},
title = {{Investigating the influence of social desirability on personality factor structure}},
publisher = {Journal Of Applied Psychology 86:},
pages = {122--133},
year = {2001}
}
@book{Eysenck+al:1974,
author = {S.~B. {Eysenck, H.~J. Eysenck, and L.~Shaw}},
title = {{The modification of personality and lie scale scores by special 'honesty' instructions}},
publisher = {The British journal of social and clinical psychology,13:},
pages = {41--50},
year = {1974}
}
@book{Foster+al:1997,
author = {P.~F. {Foster, E.~Fabrega, S.~Karademir, N.~H. Sankary, D.~Mital, and J.~W. Williams}},
title = {{Prediction of abstinence from ethanol in alcoholic recipients following liver transplantation}},
publisher = {Hepatology 25:},
pages = {1469--1477},
year = {1997}
}
@book{Fox:2010,
author = {J.~{Fox}},
title = {{polycor: Polychoric and Polyserial Correlations, }},
publisher = {R package version 0.7-8},
year = {2010},
url = {http://CRAN.R-project.org/package=polycor}
}
@book{Galic+al:2012,
author = {Z.~{Galic, Z.~Jerneic, and M.~P. Kovacic}},
title = {{Do applicants fake their personality questionnaire responses and how successful are their attempts? A case of military pilot cadet selection}},
publisher = {International Journal Of Selection And Assessment,20 (2):  JUN  ISSN 0965-075X doi10.1111/j.1468-2389..00595.x},
pages = {229--241},
year = {2012}
}
@book{Gray+al:2003,
author = {N.~S. {Gray, M.~J. MacCulloch, J.~Smith, M.~Morris, and R.~J. Snowden}},
title = {{Forensic psychology: Violence viewed by psychopathic murderers}},
publisher = {Nature 423 (6939):},
pages = {497--498},
year = {2003}
}
@book{Helton+al:2006,
author = {J.~{Helton, J.~Johnson, C.~Salaberry, and C.~Storlie}},
title = {{Survey of sampling based methods for uncertainty and sensitivity analysis}},
publisher = {Reliability Engineering and System Safety 91(10):},
pages = {1175--1209},
year = {2006}
}
@book{Hesketh+al:2004,
author = {B.~{Hesketh, B.~Griffin, and D.~Grayson}},
title = {{Applicants faking good: evidence of item bias in the NEO PI-R}},
publisher = {Personality And Individual Differences 36:},
pages = {1545--1558},
year = {2004}
}
@book{Hopwood+al:2008,
author = {C.~J. {Hopwood, C.~A. Talbert, L.~C. Morey, and R.~Rogers}},
title = {{Testing the incremental utility of the negative impression-positive impression differential in detecting simulated personality assessment inventory profiles}},
publisher = {Journal of Clinical Psychology 64 (3):},
pages = {338--343},
year = {2006}
}
@book{Joreskog+Sorbom:1996,
author = {K.~{J{\"o}reskog and D.~S{\"o}rbom}},
title = {{PRELIS 2: User's Reference Guide}},
publisher = {Scientific Software International Inc. Lincolnwood IL},
year = {1996}
}
@book{Lehmann:1993,
author = {E.~L. {Lehmann}},
title = {{The Fisher, Neyman-Pearson theories of testing hypotheses: One theory or two?}},
publisher = {Journal of the American Statistical Association 88(424):},
pages = {1242--1249},
year = {1993}
}
@book{Lombardi+Pastore:2012,
author = {L.~{Lombardi and M.~Pastore}},
title = {{Sensitivity of fit indices to fake perturbation of ordinal data: A sample by replacement approach}},
publisher = {Multivariate Behavioral Research 47:},
pages = {519--546},
year = {2012}
}
@book{Marshall:2000,
author = {E.~{Marshall}},
title = {{How prevalent is fraud? Thatâ€™s a million-dollar question}},
publisher = {Science 290 (5497):},
pages = {1662--1663},
year = {2000}
}
@book{Moustaki+Knott:2000,
author = {I.~{Moustaki and M.~Knott}},
title = {{Generalized latent trait models}},
publisher = {Psychometrika 65 (3): ,SEP  ISSN 0033-3123 doi10.1007/BF02296153},
pages = {391--411},
year = {2000}
}
@book{Muthen:1984,
author = {B.~{Muth{\'e}n}},
title = {{A general structural equation model with dichotomous, ordered categorical and continuous latent variables indicators}},
publisher = {Psychometrika 49:},
pages = {115--132},
year = {1984}
}
@book{Pastore+Lombardi:2013,
author = {M.~{Pastore and L.~Lombardi}},
title = {{The impact of faking on Cronbach's alpha for dichotomous and ordered rating scores}},
publisher = {Quality & Quantity 48:   doi10.1007/s11135-013-9829-1},
pages = {1191--1211},
year = {2014}
}
@book{Pastore+al:2007,
author = {M.~{Pastore, L.~Lombardi, and F.~Mereu}},
title = {{Effects of malingering in self-report measures: A scenario analysis approach}},
publisher = {In C.~H Skiadas editor Recent Advances in StochasticModeling and Data Analysis pages  World Scientific Publishing},
pages = {483--491},
year = {2007}
}
@book{Paulhus:1984,
author = {D.~L. {Paulhus}},
title = {{Two-component models of socially desirable responding}},
publisher = {Journal of Personality and Social Psychology 46(3):},
pages = {598--609},
year = {1984}
}
@book{Pauls+Crost:2005,
author = {C.~{Pauls and N.~Crost}},
title = {{Effects of different instructional sets on the construct validity of the NEO-PI-R}},
publisher = {Personality And Individual Differences 39(2):  JUL  ISSN 0191-8869 doi10.1016/j.paid..01.003},
pages = {297--308},
year = {2005}
}
@book{Samejima:1969,
author = {F.~{Samejima}},
title = {{Estimation of Latent Ability Using a Response Pattern of Graded Scores}},
publisher = {Psychometric Monograph No 17 Richmond VA: Psychometric Society},
year = {1969}
}
@book{Topping+OGorman:1997,
author = {G.~D. {Topping and J.~O'Gorman}},
title = {{Effects of faking set on validity of the NEO-FFI}},
publisher = {Personality and Individual Differences 23(1):   ISSN 0191-8869 doi},
pages = {117--124},
year = {1997},
url = {http://dx.doi.org/10.1016/S0191-8869(97)00006-8}
}
@book{VanderGeest+Sarkodie:1998,
author = {S.~{{Van der Geest} and S.~Sarkodie}},
title = {{The fake patient: A research experiment in a Ghanaian hospital}},
publisher = {Social Science & Medicine 47 (9):},
pages = {107--120},
year = {1998}
}
@book{Venables+Ripley:2002,
author = {W.~N. {Venables and B.~D. Ripley}},
title = {{Modern Applied Statistics with S}},
publisher = {Springer New York fourth edition},
year = {2002},
url = {http://www.stats.ox.ac.uk/pub/MASS4},
isbn = {0-387-95457-0}
}
@book{Zickar+Robie:1999,
author = {M.~J. {Zickar and C.~Robie}},
title = {{Modeling faking good on personality items: An item-level analysis}},
publisher = {Journal of Applied Psychology 84:},
pages = {551--563},
year = {1999}
}
@book{Ziegler+Buehner:2009,
author = {M.~{Ziegler and M.~Buehner}},
title = {{Modeling socially desirable responding and its effects}},
publisher = {Educational And Psychological Measurement 69(4):  AUG  ISSN 0013-1644 doi10.1177/0013164408324469},
pages = {548--565},
year = {2009}
}




