@Article{1000G:12,
  title = {An Integrated Map of Genetic Variation from 1,092 Human Genomes},
  author = {1000Genomes Project Consortium and {others}},
  journal = {Nature},
  volume = {491},
  number = {7422},
  pages = {56--65},
  year = {2012},
  publisher = {Nature Publishing Group},
}

@Book{howie:10,
  title = {Using IMPUTE2 for Phasing of GWAS and Subsequent Imputation},
  author = {Bryan Howie and Jonathan Marchini},
  year = {2010},
  publisher = {University of Chicago and University of Oxford},
}

@Book{minimac:15,
  author = {Sayantan Das},
  title = {\href{http://Genome.sph.umich.edu/Wiki/Minimac3}{Minimac3}},
  year = {2015},
  publisher = {Center for Statistical Genetics, University of Michigan},
}

@Manual{linkim:14,
  title = {Linkim: Linkage Information Based Genotype Imputation Method},
  author = {Yi Xu and Jixiang Wu},
  year = {2014},
  note = {R package version 0.1},
  url = {http://CRAN.R-project.org/package=linkim},
}

@Manual{haplo.ccs:12,
  title = {Haplo.ccs: Estimate Haplotype Relative Risks in Case-Control Data},
  author = {Benjamin French and Thomas Lumley},
  year = {2012},
  note = {R package version 1.3.1},
  url = {http://CRAN.R-project.org/package=haplo.ccs},
}

@Manual{haplo.stats:16,
  title = {Haplo.stats: Statistical Analysis of Haplotypes with Traits and Covariates When Linkage Phase Is Ambiguous},
  author = {Sinnwell JP and Schaid DJ},
  year = {2016},
  note = {R package version 1.7.7},
  url = {http://CRAN.R-project.org/package=haplo.stats},
}

@Article{hsphase:14,
  title = {Hsphase: An {R} Package for Pedigree Reconstruction, Detection of Recombination Events, Phasing and Imputation of Half-Sib Family Groups},
  author = {Mohammad H Ferdosi and Brian P Kinghorn and Julius HJ {Van der Werf} and Seung Hwan Lee and Cedric Gondro},
  journal = {BMC bioinformatics},
  volume = {15},
  number = {1},
  pages = {1},
  year = {2014},
  publisher = {BioMed Central},
}

@Article{rrBLUP:11,
  title = {Ridge Regression and Other Kernels for Genomic Selection with {R} Package rrBLUP},
  author = {J. B. Endelman},
  journal = {Plant Genome},
  year = {2011},
  volume = {4},
  pages = {250-255},
}

@Article{synbreed:12,
  title = {Synbreed: a Framework for the Analysis of Genomic Prediction Data Using {R}},
  author = {Valentin Wimmer and Theresa Albrecht and Hans-Juergen Auinger and Chris-Carolin Schoen},
  journal = {Bioinformatics},
  year = {2012},
  volume = {28},
  number = {15},
  pages = {2086-2087},
}

@Article{haplore:15,
  title = {HAPLORE: a Program for Haplotype Reconstruction in General Pedigrees without Recombination},
  author = {Kui Zhang and Fengzhu Sun and Hongyu Zhao},
  journal = {Bioinformatics},
  volume = {21},
  number = {1},
  pages = {90--103},
  year = {2005},
  publisher = {Oxford Univ Press},
}

@Article{BerWof:07,
  title = {Reconstructing Sibling Relationships in Wild Populations},
  author = {Tanya Y Berger-Wolf and Saad I Sheikh and Bhaskar DasGupta and Mary V Ashley and Isabel C Caballero and Wanpracha Chaovalitwongse and S Lahari Putrevu},
  journal = {Bioinformatics},
  volume = {23},
  number = {13},
  pages = {49--56},
  year = {2007},
  publisher = {Oxford Univ Press},
}

@Article{alleHap:14,
  title = {alleHap: An Efficient Algorithm to Reconstruct Zero-Recombinant Haplotypes from Parent-Offspring Pedigrees},
  author = {Nathan Medina-Rodríguez and Angelo Santana and Ana M Wägner and José M Quinteiro},
  journal = {BMC Bioinformatics},
  volume = {15},
  number = {Suppl 3},
  pages = {A6},
  year = {2014},
  publisher = {BioMed Central Ltd},
}

@Article{Brown:09,
  title = {A Unified Approach to Genotype Imputation and Haplotype-Phase Inference for Large Data Sets of Trios and Unrelated Individuals},
  author = {Brian L Browning and Sharon R Browning},
  journal = {The American Journal of Human Genetics},
  volume = {84},
  number = {2},
  pages = {210--223},
  year = {2009},
  publisher = {Elsevier},
}

@Article{Brown:11,
  title = {Haplotype Phasing: Existing Methods and New Developments},
  author = {Brian L Browning and Sharon R Browning},
  journal = {Nature Reviews Genetics},
  volume = {12},
  number = {10},
  pages = {703--714},
  year = {2011},
  publisher = {Nature Publishing Group},
}

@Article{browning:11,
  title = {A Fast, Powerful Method for Detecting Identity by Descent},
  author = {Brian L Browning and Sharon R Browning},
  journal = {The American Journal of Human Genetics},
  volume = {88},
  number = {2},
  pages = {173--182},
  year = {2011},
  publisher = {Elsevier},
}

@Article{Mack:13,
  author = {S. J. Mack and P. Cano and J. A. Hollenbach and J. He and C. K. Hurley and D. Middleton and M. E. Moraes and S. E. Pereira and J. H. Kempenich and E. F. Reed and M. Setterholm and A. G. Smith and M. G. Tilanus and M. Torres and M. D. Varney and C. E. M. Voorter and G. F. Fischer and K. Fleischhauer and D. Goodridge and W. Klitz and A.-M. Little and M. Maiers and S. G. E. Marsh and C. R. Müller and H. Noreen and E. H. Rozemuller and A. Sanchez-Mazas and D. Senitzer and E. Trachtenberg and Marcelo Fernandez-Vina},
  title = {Common and Well-Documented HLA Alleles: 2012 Update to the CWD Catalogue},
  journal = {Tissue Antigens},
  volume = {81},
  number = {4},
  publisher = {Blackwell Publishing Ltd},
  pages = {194--203},
  year = {2013},
}

@Article{Caste:10,
  title = {Evaluation of Computational Methods for the Reconstruction of HLA Haplotypes},
  author = {EC Castelli and CT Mendes-Junior and LC Veiga-Castelli and NF Pereira and ML Petzl-Erler and EA Donadi},
  journal = {Tissue Antigens},
  volume = {76},
  number = {6},
  pages = {459--466},
  year = {2010},
  publisher = {John Wiley \& Sons},
}

@Article{Bakker:06,
  title = {A High-Resolution HLA and SNP Haplotype Map for Disease Association Studies in the Extended Human MHC},
  author = {Paul IW {de Bakker} and Gil McVean and Pardis C Sabeti and Marcos M Miretti and Todd Green and Jonathan Marchini and Xiayi Ke and Alienke J Monsuur and Pamela Whittaker and Marcos Delgado and {others}},
  journal = {Nature genetics},
  volume = {38},
  number = {10},
  pages = {1166--1172},
  year = {2006},
  publisher = {Nature Publishing Group},
}

@Article{hapmap:05,
  title = {A Haplotype Map of the Human Genome},
  author = {International HapMap Consortium and {others}},
  journal = {Nature},
  volume = {437},
  number = {7063},
  pages = {1299--1320},
  year = {2005},
  publisher = {Nature Publishing Group},
}

@Article{Plink:07,
  title = {PLINK: a Tool Set for Whole-Genome Association and Population-Based Linkage Analyses},
  author = {Shaun Purcell and Benjamin Neale and Kathe Todd-Brown and Lori Thomas and Manuel AR Ferreira and David Bender and Julian Maller and Pamela Sklar and Paul IW {De Bakker} and Mark J Daly and {others}},
  journal = {The American Journal of Human Genetics},
  volume = {81},
  number = {3},
  pages = {559--575},
  year = {2007},
  publisher = {Elsevier},
}

@Article{t1dgc:06,
  title = {The Type 1 Diabetes Genetics Consortium},
  author = {Stephen S Rich and Patrick Concannon and Henry Erlich and Cecile Julier and Grant Morahan and Jorn Nerup and Flemming Pociot and John A Todd},
  journal = {Annals of the New York Academy of Sciences},
  volume = {1079},
  number = {1},
  pages = {1--8},
  year = {2006},
  publisher = {John Wiley \& Sons},
}

@Article{hickey:12,
  title = {A Phasing and Imputation Method for Pedigreed Populations That Results in a Single-Stage Genomic Evaluation},
  author = {John M Hickey and Brian P Kinghorn and Bruce Tier and Julius HJ {van der Werf} and Matthew A Cleveland},
  journal = {Genetics Selection Evolution},
  volume = {44},
  number = {1},
  pages = {9},
  year = {2012},
  publisher = {BioMed Central},
}

@Article{sargolzaei:14,
  title = {A New Approach for Efficient Genotype Imputation Using Information from Relatives},
  author = {Mehdi Sargolzaei and Jacques P Chesnais and Flavio S Schenkel},
  journal = {BMC genomics},
  volume = {15},
  number = {1},
  pages = {478},
  year = {2014},
  publisher = {BioMed Central},
}
