@book{Tufte90,
  author = {Tufte, E.R.},
  publisher = {Graphics Press},
  title = {Envisioning Information},
  year = 1990
}

@Manual{brew,
    title = {brew: Templating Framework for Report Generation},
    author = {Horner, J.},
    year = {2011},
    note = {R package version 1.0-6},
    url = {http://CRAN.R-project.org/package=brew},
}

@Article{wickham13,
  author = {Wickham, H.},
  journal = {Encyclopedia of Environmetrics},
  title = {Statistical Graphics},
  year = {2013},
  note = {Pre-print available at \url{http://vita.had.co.nz/papers/stat-graphics.html}}
}

@article{hron13,
    author = {Hron, K. and Templ, M. and Filzmoser, P.},
    title = {Estimation of a Proportion in Survey Sampling Using the Logratio Approach},
    journal = {Metrika},
    year = {2013},
    volume = {76},
    number = {6},
    pages = {799--818}
}


@Book{ggplot2,
    author = {Wickham, H.},
    title = {ggplot2: Elegant Graphics for Data Analysis},
    publisher = {Springer New York},
    year = {2009},
    url = {http://had.co.nz/ggplot2/book},
}

@book{wilkenson05,
 author = {Wilkinson, L.},
 title = {The Grammar of Graphics},
 year = {2005},
 publisher = {Springer-Verlag New York, Inc.},
 address = {Secaucus, NJ, USA},
} 

@InCollection{Friendly:06:hbook,
  author =	 {Friendly, M.},
  title =	 {A Brief History of Data Visualization},
  year =	 {2008},
  publisher =	 {Springer-Verlag},
  address =	 {Heidelberg},
  booktitle =	 {Handbook of Data Visualization},
  editor =	 {C. Chen and W. H\"ardle and A Unwin},
  pages =	 {15--56},
}


@Manual{RDev,
    title = {{R}: A Language and Environment for Statistical Computing},
    author = {{R Core Team}},
    organization = {R Foundation for Statistical Computing},
    address = {Vienna, Austria},
    year = {2014},
    url = {http://www.R-project.org/},
  }


@article{zeileis09,
title = {Escaping {RGBland}: Selecting colors for statistical graphics },
journal = {Computational Statistics \& Data Analysis},
volume = {53},
number = {9},
pages = {3259--3270},
year = {2009},
author = {Zeileis, A. and Hornik, K. and Murrell, P.}
}


@inproceedings{inbar07,
 author = {Inbar, O. and Tractinsky, N. and Meyer, J.},
 title = {Minimalism in Information Visualization: Attitudes Towards Maximizing the Data-ink Ratio},
 booktitle = {Proceedings of the 14th European Conference on Cognitive Ergonomics: Invent! Explore!},
 series = {ECCE '07},
 year = {2007},
 location = {London, United Kingdom},
 pages = {185--188},
 numpages = {4},
 address = {New York, NY, USA}
}


@inproceedings{hill11,
  author = {Hill, E.},
  title = {{JMP}\copyright \ 9 Add-Ins: Taking Visualization of {SAS}\copyright \ Data to New Heights},
  booktitle = {SAS Global Forum 2011},
  year = 2011
}

@article{bosch08,
  title={Visualising Official Statistics},
  author={Bosch, O. and de~Jonge, E.},
  journal={Statistical Journal of the IAOS: Journal of the International Association for Official Statistics},
  volume={25},
  number={3},
  pages={103--116},
  year={2008}
}

@Manual{unece,
  title = {Making Data Meaningful. Part 2: A Guide to Presenting Statistics},
  author = {{The United Nations Economic Commission for Europe}},
  year = {2009},
  note = {ECE/CES/STAT/NONE/2009/3},
}

@book{miller04,
  title={The Chicago Guide to Writing about Numbers},
  author={Miller, J.E.},
  series={Chicago Guides to Writing, Editing, and },
  year={2004},
  publisher={University of Chicago Press}
}


@book{Tufte01,
  author = {Tufte, Edward R.},
  edition = {2nd},
  howpublished = {Hardcover},
  title = {{The Visual Display of Quantitative Information}},
  publisher = {Bertrams},
  year = {2001}
}


@Manual{sparkT,
    title = {{sparkTable}: Sparklines and Graphical Tables for {\TeX} and {HTML}},
    author = {Kowarik, A. and Meindl, B. and Templ, M.},
    year = {2015},
    note = {R package version 1.0.0},
    url = {http://CRAN.R-project.org/package=sparkTable},    
}

@book{tufte86,
 author = {Tufte, Edward R.},
 title = {The Visual Display of Quantitative Information},
 year = {1986},
 publisher = {Graphics Press},
 address = {Cheshire, CT, USA},
}

@Manual{shiny,
  title = {shiny: Web Application Framework for {R}},
  author = {{RStudio} and {Inc.}},
  year = {2014},
  note = {R package version 0.9.1},
  url = {http://CRAN.R-project.org/package=shiny},
}

@Manual{Rsoftware,
  title = {{R}: A Language and Environment for Statistical Computing},
  author = {{R Core Team}},
  organization = {R Foundation for Statistical Computing},
  address = {Vienna, Austria},
  year = {2014},
  url = {http://www.R-project.org/},
}

@article{templ2013combining,
  title={Combining Geographical Information and Traditional Plots: The Checkerplot},
  author={Templ, Matthias and Hulliger, Beat and Kowarik, Alexander and F{\"u}rst, Karin},
  journal={International Journal of Geographical Information Science},
  volume={27},
  number={4},
  pages={685--698},
  year={2013},
  publisher={Taylor \& Francis}
}

@Manual{xtablepkg,
  title = {xtable: Export Tables to \LaTeX{} or {HTML}},
  author = {David B. Dahl},
  year = {2014},
  note = {R package version 1.7-3},
  url = {http://CRAN.R-project.org/package=xtable},
}

@article{cleveland87,
  author = {Cleveland, W.S. and McGill, R.},
  journal = {Journal of the Royal Statistical Society. Series A (General)},
  number = 3,
  pages = {192--229},
  publisher = {JSTOR},
  title = {Graphical Perception: The Visual Decoding of Quantitative Information on Graphical Displays of Data},
  volume = 150,
  year = 1987
}

@ARTICLE{heer06,
  author =	 {Heer, J. and Agrawala, M.},
  journal =	 {IEEE Transactions on Visualization and Computer
                  Graphics},
  title =	 {Multi-Scale Banking to 45 Degrees},
  year =	 {2006},
  month =	 sep,
  volume =	 {12},
  number =	 {5},
  pages =	 {701--708},
}

@Manual{knitrpkg,
  title =	 {knitr: A General-Purpose Package for Dynamic Report
                  Generation in {R}},
  author =	 {Yihui Xie},
  year =	 {2014},
  url =		 {http://CRAN.R-project.org/package=knitr},
  note =	 {R package version 1.6}
}


