@article{franzese2007,
title={Spatial Econometric Models of Cross-Sectional Interdependence in Political Science Panel and Time-Series-Cross-Section Data},
volume={15},
url={https://doi.org/10.1093/pan/mpm005},
number={2},
journal={Political Analysis},
publisher={Cambridge University Press},
author={Franzese, Robert J. and Hays, Jude C.},
year={2007},
pages={140-164}
}

@article{goodchild2009,
author = {Goodchild, Michael F.},
title = {What Problem? Spatial Autocorrelation and Geographic Information Science},
journal = {Geographical Analysis},
volume = {41},
number = {4},
pages = {411-417},
year = {2009},
url={https://doi.org/10.1111/j.1538-4632.2009.00769.x}
}

@book{darmofal2015,
address={New York, USA},
title={Spatial Analysis for the Social Sciences},
series={Analytical Methods for Social Research},
publisher={Cambridge University Press},
author={Darmofal, David},
year={2015},
collection={Analytical Methods for Social Research},
url={https://doi.org/10.1017/CBO9781139051293}
}

@article{getis2002,
author = {Getis, Arthur and Griffith, Daniel A.},
title = {Comparative Spatial Filtering in Regression Analysis},
journal = {Geographical Analysis},
volume = {34},
number = {2},
pages = {130-140},
year = {2002},
url = {https://doi.org/10.1111/j.1538-4632.2002.tb01080.x}
}

@article{tiefelsdorf2007,
author = {Michael Tiefelsdorf and Daniel A Griffith},
title ={Semiparametric Filtering of Spatial Autocorrelation: The Eigenvector Approach},
journal = {Environment and Planning A: Economy and Space},
volume = {39},
number = {5},
pages = {1193-1221},
url = {https://doi.org/10.1068/a37378},
year = {2007}
}

@article{griffith1996,
author = {Griffith, Daniel A.},
title = {Spatial Autocorrelation and Eigenfunctions of the Geographic Weights Matrix Accompanying Geo-Referenced Data},
journal = {The Canadian Geographer},
volume = {40},
number = {4},
pages = {351-367},
year = {1996},
url = {https://doi.org/10.1111/j.1541-0064.1996.tb00462.x}
}

@article{griffith2000,
author={Griffith, Daniel A.},
title={A Linear Regression Solution to the Spatial Autocorrelation Problem},
journal={Journal of Geographical Systems},
year={2000},
volume={2},
number={2},
pages={141-156},
url={https://doi.org/10.1007/PL00011451}
}

@book{griffith2003,
  title={Spatial Autocorrelation and Spatial Filtering: Gaining Understanding Through Theory and Scientific Visualization},
  author={Griffith, Daniel A.},
  series={Advances in Spatial Science},
  year={2003},
  publisher={Springer},
  address={Berlin, Heidelberg},
  url={https://doi.org/10.1007/978-3-540-24806-4}
}

@Article{bivand2015,
  title = {Comparing Implementations of Estimation Methods for Spatial Econometrics},
  author = {Roger Bivand and Gianfranco Piras},
  journal = {Journal of Statistical Software},
  year = {2015},
  volume = {63},
  number = {18},
  pages = {1-36},
  url = {https://www.jstatsoft.org/v63/i18/},
}

@Manual{murakami2020,
  title = {spmoran: Moran Eigenvector-Based Scalable Spatial Additive Mixed Modeling},
  author = {Daisuke Murakami},
  year = {2020},
  note = {R package version 0.2.0-2},
  url = {https://CRAN.R-project.org/package=spmoran},
}

@book{cliff1981,
  title={Spatial Processes: Models \& Applications},
  author={Cliff, Andrew D and John K. Ord},
  series={Advances in Spatial Science},
  year={1981},
  publisher={Pion},
  address={London},
  isbn={9780850860818},
  lccn={81132089}
}

@article{cliff1972,
author = {Cliff, Andrew D and John K. Ord},
title = {Testing for Spatial Autocorrelation Among Regression Residuals},
journal = {Geographical Analysis},
volume = {4},
number = {3},
pages = {267-284},
url = {https://doi.org/10.1111/j.1538-4632.1972.tb00475.x},
year = {1972}
}

@incollection{griffith2014,
author={Griffith, Daniel and Chun, Yongwan},
editor={Fischer, Manfred M. and Nijkamp, Peter},
title={Spatial Autocorrelation and Spatial Filtering},
bookTitle={Handbook of Regional Science},
year={2014},
publisher={Springer},
address={Berlin, Heidelberg},
url={https://doi.org/10.1007/978-3-642-23430-9_72},
pages={1477-1507}
}

@book{griffith1997,
  title={Multivariate Statistical Analysis for Geographers},
  author={Griffith, Daniel and Carl G. Amrhein},
  year={1997},
  publisher={Prentice Hall},
  address={Englewood Cliffs},
  isbn={9780136056928},
  lccn={96053264}
}

@book{griffith2019,
	Address = {London},
	Series={Spatial Econometrics and Spatial Statistics},
	Author = {Daniel A. Griffith and Yongwan Chun and Bin Li},
	Publisher = {Elsevier},
	Title = {Spatial Regression Analysis Using Eigenvector Spatial Filtering},
	Year = {2019},
	isbn = {9780128150436},
	url = {https://doi.org/10.1016/B978-0-12-815043-6.09990-0},
}

@article{tiefelsdorf1995,
author = {Michael Tiefelsdorf and Barry Boots},
title ={The Exact Distribution of Moran's I},
journal = {Environment and Planning A: Economy and Space},
volume = {27},
number = {6},
pages = {985-999},
year = {1995},
url = {https://doi.org/10.1068/a270985}
}

@article{chun2014,
title = {A quality assessment of eigenvector spatial filtering based parameter estimates for the normal probability model},
journal = {Spatial Statistics},
volume = {10},
pages = {1-11},
year = {2014},
url = {https://doi.org/10.1016/j.spasta.2014.04.001},
author = {Yongwan Chun and Daniel A. Griffith}
}

@article{chun2014b,
author = {Chun, Yongwan},
title = {Analyzing Space-Time Crime Incidents Using Eigenvector Spatial Filtering: An Application to Vehicle Burglary},
journal = {Geographical Analysis},
volume = {46},
number = {2},
pages = {165-184},
year = {2014},
url = {https://doi.org/10.1111/gean.12034}
}

@article{chun2016,
author={Chun, Yongwan and Griffith, Daniel A. and Lee, Monghyeon and Sinha, Parmanand},
title={Eigenvector Selection with Stepwise Regression Techniques to Construct Eigenvector Spatial Filters},
journal={Journal of Geographical Systems},
year={2016},
volume={18},
number={1},
pages={67-85},
url={https://doi.org/10.1007/s10109-015-0225-3}
}

@article{paez2019,
author = {P\'aez, Antonio},
title = {Using Spatial Filters and Exploratory Data Analysis to Enhance Regression Models of Spatial Data},
journal = {Geographical Analysis},
volume = {51},
number = {3},
pages = {314-338},
year = {2019},
url = {https://doi.org/10.1111/gean.12180}
}

@article{legallo2013,
author = {Le Gallo, Julie and Antonio P{\'a}ez},
title ={Using Synthetic Variables in Instrumental Variable Estimation of Spatial Series Models},
journal = {Environment and Planning A: Economy and Space},
volume = {45},
number = {9},
pages = {2227-2242},
year = {2013},
url = {https://doi.org/10.1068/a45443}
}

@article{murakami2019,
author = {Murakami, Daisuke and Griffith, Daniel A.},
title = {Eigenvector Spatial Filtering for Large Data Sets: Fixed and Random Effects Approaches},
journal = {Geographical Analysis},
volume = {51},
number = {1},
pages = {23-49},
year = {2019},
url = {https://doi.org/10.1111/gean.12156}
}

@Manual{dray2020,    title = {adespatial: Multivariate Multiscale Spatial Analysis},    author = {St\'ephane Dray and David Bauman and Guillaume Blanchet and Daniel Borcard and Sylvie Clappe and Guillaume Guenard and Thibaut Jombart and Guillaume Larocque and Pierre Legendre and Naima Madi and Helene H. Wagner},    year = {2020},    note = {R package version 0.3-8},    url = {https://CRAN.R-project.org/package=adespatial}
}

@Manual{oksanen2019,    title = {vegan: Community Ecology Package},    author = {Jari Oksanen and F. Guillaume Blanchet and Michael Friendly and Roeland Kindt and Pierre Legendre and Dan McGlinn and Peter R. Minchin and R. B. O'Hara and Gavin L. Simpson and Peter Solymos and M. Henry H. Stevens and Eduard Szoecs and Helene H. Wagner},    year = {2019},    note = {R package version 2.5-6},    url = {https://CRAN.R-project.org/package=vegan}
}

