@Manual{Zhang:2017fk,
  author = {Yang Zhang and Hua Zhong and Ruby Sharma and Sajal Kumar and Joe Song},
  note = {R package version 2.4.0},
  title = {FunChisq: Chi-Square and Exact Tests for Non-Parametric Functional Dependencies},
  year = {2017},
  url = {https://cran.r-project.org/package=FunChisq},
}

@Article{simon1966cause,
  author = {Herbert A Simon and Nicholas Rescher},
  journal = {Philosophy of Science},
  number = {4},
  pages = {323--340},
  title = {Cause and Counterfactual},
  volume = {33},
  year = {1966},
  url = {https://doi.org/10.1086/288105},
}

@Article{Hill:2016fk,
  author = {Steven M Hill and Laura M Heiser and Thomas Cokelaer and Michael Unger and Nicole K Nesser and Daniel E Carlin and Yang Zhang and Artem Sokolov and Evan O Paull and Chris K Wong and Kiley Graim and Adrian Bivol and Haizhou Wang and Fan Zhu and Bahman Afsari and Ludmila V Danilova and Alexander V Favorov and Wai Shing Lee and Dane Taylor and Chenyue W Hu and Byron L Long and David P Noren and Alexander J Bisberg and {The HPN-DREAM Consortium} and Gordon B Mills and Joe W Gray and Michael Kellen and Thea Norman and Stephen Friend and Amina A Qutub and Elana J Fertig and Yuanfang Guan and Mingzhou Song and Joshua M Stuart and Paul T Spellman and Heinz Koeppl and Gustavo Stolovitzky and Julio Saez-Rodriguez and Sach Mukherjee},
  journal = {Nature methods},
  number = {4},
  title = {Inferring Causal Molecular Networks: Empirical Assessment through a Community-Based Effort.},
  volume = {13},
  year = {2016},
  url = {https://doi.org/10.1038/nmeth.3773},
}

@Misc{zhang2013deciphering,
  author = {Yang Zhang and Mingzhou Song},
  url = {https://arxiv.org/abs/1311.2707},
  title = {Deciphering Interactions in Causal Networks without Parametric Assumptions},
  year = {2013},
}

@Article{demirhanrtableicc,
  author = {Haydar Demirhan},
  journal = {The R Journal},
  number = {1},
  pages = {48--63},
  title = {{rTableICC}: An {R} Package for Random Generation of {2$\times$2$\times$K} and {R}$\times${C} Contingency Tables},
  volume = {8},
  year = {2016},
}

@Manual{gmodels2015,
  author = {Gregory R. Warnes and Ben Bolker and Thomas Lumley and Randall C. Johnson},
  note = {R package version 2.16.2},
  title = {Gmodels: Various R Programming Tools for Model Fitting},
  url = {https://CRAN.R-project.org/package=gmodels},
  year = {2015},
}

@InBook{mcdonald2014multiple,
  author = {John H McDonald},
  chapter = {G--test of goodness-of-fit},
  edition = {3rd},
  pages = {53--58},
  publisher = {Sparkly House Publishing},
  title = {Handbook of Biological Statistics},
  year = {2014},
}

@Article{barnard1945new,
  author = {G A Barnard},
  journal = {Nature},
  pages = {177},
  title = {A New Test for 2$\times$2 Tables},
  volume = {156},
  year = {1945},
  url = {https://doi.org/10.1038/156177a0},
}

@Article{fisher1922interpretation,
  author = {Ronald A Fisher},
  journal = {Journal of the Royal Statistical Society},
  number = {1},
  pages = {87--94},
  title = {On the Interpretation of $\chi^2$ from Contingency Tables, and the Calculation of {$P$}},
  volume = {85},
  year = {1922},
  url = {https://doi.org/10.2307/2340521},
}

@Article{pearson1900x,
  author = {Karl Pearson},
  journal = {The London, Edinburgh, and Dublin Philosophical Magazine and Journal of Science},
  number = {302},
  pages = {157--175},
  title = {X. On the Criterion That a Given System of Deviations from the Probable in the Case of a Correlated System of Variables Is Such That It Can Be Reasonably Supposed to Have Arisen from Random Sampling},
  volume = {50},
  year = {1900},
  url = {https://doi.org/10.1080/14786440009463897},
}

@Article{patefield1981algorithm,
  author = {WM Patefield},
  journal = {Journal of the Royal Statistical Society C},
  number = {1},
  pages = {91--97},
  title = {Algorithm {AS} 159: An Efficient Method of Generating Random {R$\times$C} Tables with Given Row and Column Totals},
  volume = {30},
  year = {1981},
  url = {https://doi.org/10.2307/2346669},
}

@Article{pearsontheory,
  author = {K Pearson},
  journal = {K. Pearson, Early Papers},
  title = {On the Theory of Contingency and Its Relation to Association and Normal Correlation},
  year = {1904},
}

@Book{bartle1964elements,
  author = {Robert Gardner Bartle},
  publisher = {John Wiley \& Sons},
  title = {The Elements of Real Analysis},
  volume = {2},
  year = {1964},
}

@Article{zhang2015chinet,
  author = {Yang Zhang and Z Lewis Liu and Mingzhou Song},
  journal = {Nucleic Acids Research},
  number = {9},
  pages = {4393--4407},
  title = {{ChiNet} Uncovers Rewired Transcription Subnetworks in Tolerant Yeast for Advanced Biofuels Conversion},
  volume = {43},
  year = {2015},
}

@Book{stewart2015calculus,
  author = {James Stewart},
  publisher = {Cengage Learning},
  title = {Calculus},
  year = {2015},
}

@Manual{Chisqtest2106,
  address = {Vienna, Austria},
  author = {{R Core Team}},
  organization = {R Foundation for Statistical Computing},
  title = {R: A Language and Environment for Statistical Computing},
  year = {2016},
}

