@Manual{R,
  title = {R: A Language and Environment for Statistical Computing},
  author = {{R Core Team}},
  organization = {R Foundation for Statistical Computing},
  address = {Vienna, Austria},
  year = {2019},
  url = {https://www.r-project.org/},
}

@book{Aalen1980,
	Address = {New York},
	Author = {Aalen, O. O.},
	Publisher = {Springer-Verlag},
	Title = {A model for non-parametric regression analysis of counting processes. 
	In Mathematical statistics and probability theory (eds W. Klonecki, A. Kozek \& J. Rosinski). Lecture Notes in Statistics,  Vol. 2, 1-25},
	Year = {1980}}

@article{Aalen2001,
	Author = {Aalen, O. O. and Borgan, O. and Fekjaer, H.},
	Issn = {0006-341X},
	Journal = {Biometrics},
	Number = {4},
	Pages = {993--1001},
	Publisher = {INTERNATIONAL BIOMETRIC SOC},
	Title = {Covariate adjustment of event histories estimated from Markov chains: The additive approach},
	Volume = {57},
	Year = {2001}}

@ARTICLE{AJ1978,
  author = {Aalen, O. and Johansen, S.},
  title = {An Empirical transition matrix for non homogeneous Markov and chains based on censored observations},
  journal = {Scandinavian Journal of Statistics},
  year = {1978},
  volume = {5},
  pages = {141--150},
  owner = {moreira},
  timestamp = {2011.10.12}
}

@ARTICLE{Akritas1994,
  author = {Akritas, M.G.},
  title = {Nearest neighbor estimation of a bivariate distribution under random censoring},
  journal = {The Annals of Statistics},
  year = {1994},
  volume = {22},
  pages = {1299--1327},
  timestamp = {2010.07.22}
}

@ARTICLE{Allignol2018,
  author = {Allignol, A. and Latouche, A.},
  title = {CRAN Task View: Survival Analysis},
  journal = {Version 2018-05-04, URL http://CRAN.R-project.org/view=Survival},
  year = {2018},
  timestamp = {2010.07.22}
}

@article{Allignol2014,
	Author = {Allignol, Arthur and Beyersmann, Jan and Gerds, Thomas and Latouche, Aur{\'e}lien},
	Date-Added = {2017-06-05 08:37:53 +0000},
	Date-Modified = {2017-06-05 08:37:53 +0000},
	Journal = {Lifetime data analysis},
	Number = {4},
	Pages = {495--513},
	Publisher = {Springer},
	Title = {A competing risks approach for nonparametric estimation of transition probabilities in a non-Markov illness-death model},
	Volume = {20},
	Year = {2011}}

@ARTICLE{Allignol2011,
  author = {Allignol, A. and Schumacher, M. and Beyersmann, J.},
  title = {Empirical Transition Matrix of Multi-State Models: The etm Package},
  journal = {Journal of Statistical Software},
  year = {2011},
  volume = {38:4},
  pages = {1--15},
  owner = {hputter},
  timestamp = {2010.07.22}
}

@ARTICLE{Altman1995,
  author = {Altman, N., and Leger, C.},
  title = { Bandwidth selection for kernel distribution function estimation},
  journal = {Journal of Statistical Planning and Inference},
  year = {1995},
  volume = {46},
  pages = {195--214},
  owner = {luis},
  timestamp = {2011.10.12}
}

@ARTICLE{Alvarez2004,
  author = {de {U\~{n}a}-\'{A}lvarez, J. and Rodr\'{\i}guez-Campos, C.},
  title = {Strong consistency of presmoothed Kaplan-Meier integrals when covariables are present},
  journal = {Statistics},
  year = {2004},
  volume = {38},
  pages = {483--496},
  owner = {moreira},
  timestamp = {2011.10.12}
}

@ARTICLE{AlvarezMM2008,
  author = {{de U\~{n}a}-\'{A}lvarez, J. and Meira-Machado, L. F.},
  title = {A Simple Estimator of the Bivariate Distribution Function for Censored
Gap Times},
  journal = {Statistics and Probability Letters},
  year = {2008},
  volume = {78},
  pages = {2440--2445},
  owner = {moreira},
  timestamp = {2010.12.22}
}

@ARTICLE{AlvarezAP2011,
  author = {de {U\~{n}a}-\'{A}lvarez, J. and Amorim, A. P.},
  title = {A semiparametric estimator of the bivariate distribution function for censored gap times},
  journal = {Biometrical Journal},
  year = {2011},
  volume = {53(1)},
  pages = {113--127},
  owner = {moreira},
  timestamp = {2011.10.12}
}

@article{AlvarezMM2015,
	Author = {de {U\~{n}a}-\'{A}lvarez, Jacobo and Meira-Machado, Luis},
	Issn = {0006-341X},
	Journal = {Biometrics},
	Number = {2},
	Pages = {364--375},
	Publisher = {WILEY-BLACKWELL},
	Title = {Nonparametric estimation of transition probabilities in the non-Markov illness-death model: A comparative study},
	Volume = {71},
	Year = {2015}}

@ARTICLE{Amorim2011,
  author = {Amorim, A.P. and de {U\~{n}a}-\'{A}lvarez, J. and Meira-Machado, L.},
  title = {Presmoothing the transition probabilities in the illness-death model},
  journal = {Statistics \& Probability Letters},
  year = {2011},
  volume = {81(7)},
  pages = {797--806},
  owner = {moreira},
  timestamp = {2011.10.12}
}

@BOOK{Andersen1993,
  title = {Statistical Models Based on Counting Processes},
  publisher = {Springer-Verlag},
  year = {1993},
  author = {P. K. Andersen and {\O}. Borgan and R. D. Gill and N. Keiding},
  address = {New York}
}

@ARTICLE{Andersen2000,
  author = {Andersen, P.K. and Esbjerj, S. and Sorensen, T.I.A.},
  title = {Multistate models for bleeding episodes and mortality in liver cirrhosis},
  journal = {Statistics in Medicine},
  year = {2000},
  volume = {19},
  pages = {587--599},
  owner = {moreira},
  timestamp = {2011.10.12}
}

@ARTICLE{Andersen2002,
  author = {Andersen, P.K. and Keiding, N.},
  title = {Multi-state models for event history analysis},
  journal = {Statistical Methods Medical Research},
  year = {2002},
  volume = {11},
  pages = {91--115},
  owner = {moreira},
  timestamp = {2011.10.12}
}

@article{Andersen2003,
	Author = {Andersen, P. K. and Klein, J. P. and Rosth{\o}j, S.},
	Journal = {Biometrika},
	Month = {mayo},
	Number = {1},
	Pages = {15--27},
	Publisher = {Oxford},
	Title = {Generalised linear models for correlated pseudo-observations, with applications to multi-state models},
	Volume = {90},
	Year = {2003}}


@ARTICLE{AndersenPerme2008,
  author = {Andersen, P.K. and Perme, M. P.},
  title = {Inference for outcome probabilities in multistate models},
  journal = {Lifetime Data Analysis},
  year = {2008},
  volume = {14},
  pages = {405--431},
  owner = {moreira},
  timestamp = {2011.10.12}
}

@ARTICLE{AraujoMM2014,
	Author = {Artur Agostinho Ara{\'u}jo and Javier Roca-Pardi{\~n}as and Lu{\'\i}s Meira-Machado},
	Date-Added = {2017-06-05 16:48:55 +0000},
	Date-Modified = {2017-09-11 11:25:07 +0000},
	Title = {TPmsm: Estimation of the transition probabilities in 3-state models},
           journal = {Journal of Statistical Software},
	Year = {2014},
           volume = {62},
           pages = {1--29}}

@article{Azarang2017,
	Author = {Azarang, L. and Scheike, T. and de {U\~{n}a}-\'{A}lvarez, J.},
	Journal = {Statistics in Medicine},
	Month = {February},
	Number = {12},
	Pages = {1964--1976},
	Publisher = {JOHN WILEY \& SONS LTD},
	Title = {Direct modelling of regression effects for transition probabilities in the progressive illness-death model},
	Volume = {36},
	Year = {2017}}

@ARTICLE{Balboa2018,
  author = {Balboa, V. and de {U\~{n}a}-\'{A}lvarez, J.},
  title = { Estimation of Transition Probabilities for the Illness-Death Model: Package TP.idm},
  journal = {Journal of Statistical Software},
  year = {2018},
  volume = {83:10},
  pages = {1--19},
  owner = {hputter},
  timestamp = {2010.07.22}
}

@BOOK{Beran1981,
  title = {Nonparametric regression with randomly censored survival data},
  publisher = {Technical report},
  year = {1981},
  author = {Beran, R.},
  address = { University of California, Berkeley}
}

@article{Borgan1988,
	Author = {{\O} Borgan},
	Date-Added = {2017-06-05 13:25:27 +0000},
	Date-Modified = {2017-06-05 13:27:09 +0000},
	Journal = {Encyclopedia of Biostatistics},
	Pages = {5--10},
	Title = {Aalen-Johansen Estimator},
	Volume = {1},
	Year = {1988}}

@article{Breslow1972,
	Author = {N.E. Breslow},
	Date-Added = {2017-06-05 13:28:49 +0000},
	Date-Modified = {2017-06-05 13:29:47 +0000},
	Journal = {Journal of Royal Statistical Society, Series B},
	Pages = {216--217},
	Title = {Discussion of paper by DR Cox},
	Year = {1972}}

@ARTICLE{Byar1980,
  author = {Byar, D.P.},
  title = {Veterans Administration Study of Chemoprophylaxis for Recurrent Stage I Bladder Tumors:
Comparisons of Placebo, Pyridoxine and Topical Thiotepa},
  journal = {Bladder Tumors and Other Topics in Urological Oncology},
  year = {1980},
  volume = {18},
  pages = {363--370},
  timestamp = {2010.07.22}
}

@ARTICLE{Cao2004,
  author = {Cao, R. and J\'{a}come, M.A.},
  title = {Presmoothed kernel density estimator for censored data},
  journal = {Journal of Nonparametric Statistics},
  year = {2004},
  volume = {16},
  pages = {289--309},
  owner = {moreira},
  timestamp = {2011.10.12}
}

@ARTICLE{Cao2005,
  author = {Cao, R. and Lopez-de-Ullibarri, I. and Janssen, P. and Veraverbeke, N.},
  title = {Presmoothed Kaplan-Meier and Nelson-Aalen estimators},
  journal = {Journal of Nonparametric Statistics},
  year = {2005},
  volume = {17},
  pages = {31--56},
  owner = {moreira},
  timestamp = {2011.10.12}
}

@ARTICLE{Commenges1999,
  author = {Commenges, D.},
  title = {Multi-state models in epidemiology},
  journal = {Lifetime Data Analysis},
  year = {1999},
  volume = {5},
  pages = {315--327},
  owner = {moreira},
  timestamp = {2011.10.12}
}


@ARTICLE{Copelan1991,
  author = {Copelan, E.A., and Biggs, J.C., and Thompson, J.M. et al.},
  title = { Treatment for acute myelocytlic leukemia with allogeneic bone marrow
transplantation following preperation with Bu/Cy},
  journal = {Blood},
  year = {1991},
  volume = {78},
  pages = {838--843},
  owner = {luis},
  timestamp = {2011.10.12}
}

@article{Conlon2014,
	Address = {111 RIVER ST, HOBOKEN 07030-5774, NJ USA},
	Author = {Conlon, A. S. C. and Taylor, J. M. G. and Sargent, D. J.},
	Issn = {0277-6715},
	Journal = {Statistics in Medice},
	Number = {10},
	Pages = {1750--1766},
	Publisher = {WILEY-BLACKWELL},
	Title = {Multi-state models for colon cancer recurrence and death with a cured fraction},
	Volume = {33},
	Year = {2014}}

@ARTICLE{Cox1972,
  author = {Cox, D.R.},
  title = {Regression models and life tables},
  journal = {Journal of the Royal Statistical Society Series B},
  year = {1972},
  volume = {34},
  pages = {187--220},
  owner = {moreira},
  timestamp = {2011.10.12}
}

@BOOK{Cox1965,
  title = {The theory of stochastic processes},
  publisher = {Chapman and Hal},
  year = {1965},
  author = {D. R. Cox and H. D. Miller},
  address = {London}
}

@BOOK{Cook2007,
  title = {The Analysis of Recurrent Event Data},
  publisher = {Springer},
  year = {2007},
  author = {Cook, R.J. and Lawless, J.F.},
  address = {New York}
}


@ARTICLE{Crowley1977,
  author = {Crowley, J. and Hu, M.},
  title = {Covariance analysis of heart transplant survival data},
  journal = {Journal of the American Statistical Association},
  year = {1977},
  volume = {72},
  pages = {27--36},
  owner = {moreira},
  timestamp = {2011.10.12}
}

@ARTICLE{Dabrowska1987,
  author = {Dabrowska, D.},
  title = {Non-parametric regression with censored survival data},
  journal = {Scandinavian Journal of Statistics},
  year = {1987},
  volume = {14},
  pages = {181--197},
  owner = {luis},
  timestamp = {2011.10.12}
}

@ARTICLE{Dabrowska1988,
  author = {Dabrowska, D.},
  title = {Kaplan-Meier estimate on the plane},
  journal = {Annals of Statistics},
  year = {1988},
  volume = {16},
  pages = {1475--1488},
  owner = {luis},
  timestamp = {2011.10.12}
}

@ARTICLE{Dabrowska1988a,
  author = {Dabrowska, D.},
  title = {Kaplan-Meier estimate on the plane: weak convergence, LIL, and the bootstrap},
  journal = {Journal of Multivariate Analysis},
  year = {1988},
  volume = {29},
  pages = {308--325},
  owner = {luis},
  timestamp = {2011.10.12}
}

@ARTICLE{Dabrowska1989,
  author = {Dabrowska, D.},
  title = {Uniform consistency of the kernel conditional Kaplan-Meier estimate},
  journal = {Annals of Statistics},
  year = {1989},
  volume = {17},
  pages = {1157--1167},
  owner = {luis},
  timestamp = {2011.10.12}
}


@BOOK{Davison1997,
  title = {Bootstrap Methods and Their Application},
  publisher = {Cambridge University Press},
  year = {1997},
  author = {Davison, A.C. and Hinkley, D.V.},
  address = {New York}
}

@article{Dancourt2004,
	Address = {THE BOULEVARD, LANGFORD LANE, KIDLINGTON, OXFORD OX5 1GB, ENGLAND},
	Author = {Dancourt, V. and Quantin, C. and Abrahamowicz, M. and Binquet, C. and Alioum, A. and Faivre, J.},
	Issn = {0895-4356},
	Journal = {Journal of Clinical Epidemiology},
	Number = {3},
	Pages = {243--251},
	Publisher = {PERGAMON-ELSEVIER SCIENCE LTD},
	Title = {Modeling recurrence in colorectal cancer},
	Volume = {57},
	Year = {2004}
}

@ARTICLE{Datta2001,
  author = {Datta, S. and Satten, G.A.},
  title = {Validity of the Aalen-Johansen estimators of stage occupation probabilities and Nelson Aalen integrated transition hazards for non-Markov models},
  journal = {Statistics \& Probability Letters},
  year = {2001},
  volume = {55},
  pages = {403--411},
  owner = {moreira},
  timestamp = {2011.10.12}
}

@article{Datta2002,
	Address = {9600 GARSINGTON RD, OXFORD OX4 2DG, OXON, ENGLAND},
	Author = {Datta, S. and Satten, G. A.},
	Issn = {0006-341X},
	Journal = {Biometrics},
	Number = {4},
	Pages = {792--802},
	Publisher = {BLACKWELL PUBLISHING LTD},
	Times-Cited = {31},
	Title = {Estimation of integrated transition hazards and stage occupation probabilities for non-Markov systems under dependent censoring},
	Volume = {58},
	Year = {2002}}

@ARTICLE{Devroye1978a,
  author = {Devroye, L.P.},
  title = {The uniform convergence of nearest neighbor regression function estimators and their application in optimization},
  journal = {IEEE Transactions on Information Theory},
  year = {1978a},
  volume = {24},
  pages = {142--151},
  owner = {moreira},
  timestamp = {2011.10.12}
}

@ARTICLE{Devroye1978b,
  author = {Devroye, L.P.},
  title = {The uniform convergence of the Nadaraya-Watson regression function estimate},
  journal = {Canadian Journal of Statistics},
  year = {1978b},
  volume = {6},
  pages = {179--191},
  owner = {moreira},
  timestamp = {2011.10.12}
}

@ARTICLE{Dikta1998, 
  author = {Dikta, G.},
  title = {On semiparametric random censorship models},
  journal = {Journal of Statistical Planning and Inference},
  year = {1998},
  volume = {66},
  pages = {253--279},
  owner = {moreira},
  timestamp = {2011.10.12}
}

@ARTICLE{Dikta2000,
  author = {Dikta, G.},
  title = {The strong law under semiparametric random censorship models},
  journal = {Journal of Statistical Planning and Inference},
  year = {2000},
  volume = {83},
  pages = {1--10},
  owner = {moreira},
  timestamp = {2011.10.12}
}


@ARTICLE{Dikta2005,
  author = {G. Dikta  and J. Ghorai  and C. Schmidt },
  title = {The central limit theorem under semiparametric random censorship models},
  journal = {Journal of Statistical Planning and Inference},
  year = {2005},
  volume = {127},
  pages = {23--51},
  owner = {moreira},
  timestamp = {2011.10.12}
}

@article{Efron1987,
	Author = {Efron, B.},
	Date-Added = {2017-06-05 13:30:53 +0000},
	Date-Modified = {2017-06-05 13:31:04 +0000},
	Journal = {Journal of the American Statistical Association},
	Pages = {171--185},
	Title = {Better Bootstrap Confidence Intervals},
	Volume = {82},
	Year = {1987}}

@article{Eilers1996,
	Author = {Eilers, P.H.C. and Marx, B.D.},
	Date-Added = {2017-06-05 13:30:53 +0000},
	Date-Modified = {2017-06-05 13:31:04 +0000},
	Journal = {Statistical Science},
	Pages = {89--121},
	Title = {Flexible smoothing with B-splines and penalties},
	Volume = {11},
	Year = {1996}}
	
@article{Ferguson2012,
	Author = {Ferguson, N. and Datta, S. and Brock, G},
	Date-Added = {2017-06-05 13:30:53 +0000},
	Date-Modified = {2017-06-05 13:31:04 +0000},
	Journal = {Journal of Statistical Software},
	Number = {14},
	Pages = {1--24},
	Title = {msSurv: An R Package for Nonparametric Estimation of Multistate Models},
	Volume = {50},
	Year = {2012}}


@article{FineGray1999,
	Author = {Fine, J. P. and Gray, R. J.},
	Journal = {Journal of the American Statistical Association},
	Pages = {496--509},
	Month = {February},
	Number = {446},
	Publisher = {Taylor \& Francis},
	Title = {A proportional hazards model for the subdistribution of a competing risk},
	Volume = {94},
	Year = {1999}}

@ARTICLE{Ghouch2008,
  author = {Ghouch, A., and Van Keilegom, I.},
  title = {Non-parametric Regression with Dependent Censored Data},
  journal = {Scandinavian Journal of Statistics},
  year = {2008},
  volume = {35},
  pages = {228--247},
  owner = {luis},
  timestamp = {2011.10.12}
}

@article{Geskus2011,
	Address = {COMMERCE PLACE, 350 MAIN ST, MALDEN 02148, MA USA},
	Author = {Geskus, Ronald B.},
	Issn = {0006-341X},
	Journal = {Biometrics},
	Number = {1},
	Pages = {39--49},
	Publisher = {WILEY-BLACKWELL},
	Title = {Cause-Specific Cumulative Incidence Estimation and the Fine and Gray Model Under Both Left Truncation and Right Censoring},
	Volume = {67},
	Year = {2011}}

@article{GilardPioc2015,
	Address = {THE BOULEVARD, LANGFORD LANE, KIDLINGTON, OXFORD OX5 1GB, OXON, ENGLAND},
	Author = {Gilard-Pioc, Severine and Abrahamowicz, Michal and Mahboubi, Amel and Bouvier, Anne-Marie and Dejardin, Olivier and Huszti, Ella and Binquet, Christine and Quantin, Catherine},
	Issn = {1877-7821},
	Journal = {Cancer Epidemiology},
	Number = {3},
	Pages = {447--455},
	Publisher = {ELSEVIER SCI LTD},
	Title = {Multi-state relative survival modelling of colorectal cancer progression and mortality},
	Volume = {39},
	Year = {2015}}

@ARTICLE{Gray2010,
  author = {Gray, R.J.},
  title = {cmprsk: Subdistribution Analysis of Competing Risks},
  journal = {R package version 2.2-1, URL= http://CRAN.R-project.org/package=cmprsk},
  year = {2010},
  url = {http://CRAN.R-project.org/package=cmprsk}
 
}

@ARTICLE{Hardle1984,
  author = {H\"{a}rdle, W. and Luckhaus, S.},
  title = {Uniform consistency of a class of regression function estimators},
  journal = {Annals of Statistics},
  year = {1984},
  volume = {12},
  pages = {612--623},
  owner = {moreira},
  timestamp = {2011.10.12}
}

@book{Hosmer1989,
	Address = {New York},
	Author = {Hosmer, D. W. and Lemeshow, S.},
	Date-Added = {2017-06-05 13:41:32 +0000},
	Date-Modified = {2017-06-05 13:41:32 +0000},
	Publisher = {John Wiley \& Sons},
	Title = {Applied Logistic Regression},
	Year = {1989}}

@BOOK{Hougaard2000,
  title = {Analysis of Multivariate Survival Data},
  publisher = {Springer-Verlag},
  year = {2000},
  author = {Hougaard, P.},
  series = {Statistics for Biology and Health},
  address = {New York}
}

@ARTICLE{Hougaard1999,
  author = {Hougaard, P.},
  title = {Multi-state Models: a Review},
  journal = {Lifetime Data Analysis},
  year = {1999},
  volume = {5},
  pages = {239--264},
  owner = {hputter},
  timestamp = {2010.07.22}
}

@article{Houwelingen2007,
	Author = {Van Houwelingen, Hans C.},
	Date-Added = {2017-06-05 13:41:18 +0000},
	Date-Modified = {2017-09-11 11:22:24 +0000},
	Issn = {0303-6898},
	Journal = {Scandinavian Journal of Statistics},
	Month = {marzo},
	Number = {1},
	Pages = {70--85},
	Publisher = {BLACKWELL PUBLISHING},
	Title = {Dynamic prediction by landmarking in event history analysis},
	Volume = {34},
	Year = {2007},
}

@ARTICLE{Iglesias2003,
  author = {Igl\'{e}sias-P\'{e}rez, C., and Gonz\'{a}lez-Manteiga, W.},
  title = {Bootstrap for the conditional distribution function with truncated and censored data},
  journal = {The Annals of the Institute of Statistical Mathematics},
  year = {2003},
  volume = {55},
  pages = {331--357},
  owner = {luis},
  timestamp = {2011.10.12}
}

@BOOK{Johnson1972,
  title = {Distributions in statistics: continuous multivariate distributions},
  publisher = {John Wiley \& Sons},
  year = {1972},
  author = {Johnson, N.L. and Kotz, S.},
  address = {New York}
}

@ARTICLE{Lu1990,
  author = {Lu,J.C. and Bhattacharya, G.K.},
  title = {Some new constructions of bivariate Weibull models},
  journal = {Annals of Institute of Statistical Mathematics},
  year = {1990},
  volume = {42},
  pages = {543--559},
  timestamp = {2010.07.22}
}

@ARTICLE{Lu1991,
  author = {Lu,J.C. and Bhattacharya, G.K.},
  title = {Inference procedures for a bivariate exponential model of Gumbel based on life test of
component and system},
  journal = {Journal of Statistical Planning and Inference},
  year = {1991},
  volume = {27},
  pages = {383--396},
  timestamp = {2010.07.22}
}

@ARTICLE{KM1958,
  author = {Kaplan, E.L. and Meier, P.},
  title = {Nonparametric estimation from incomplete observations},
  journal = {Journal of the American Statistical Association},
  year = {1958},
  volume = {53},
  pages = {457--481},
  owner = {moreira},
  timestamp = {2010.12.22}
}

@BOOK{Klein1997,
  title = {Survival analysis - techniques for censored and truncated data},
  publisher = {Springer-Verlag},
  year = {1997},
  author = {Klein, J.P., and Moeschberger, M.L.},
  address = {New York}
}

@book{Kalbfleisch2011,
	Author = {Kalbfleisch, John D and Prentice, Ross L},
	Date-Added = {2017-06-05 13:35:02 +0000},
	Date-Modified = {2017-06-05 16:23:05 +0000},
	Publisher = {John Wiley \& Sons},
	Title = {The statistical analysis of failure time data},
	Year = {1980}}


@ARTICLE{Jackson2011,
  author = {Jackson, C.H.},
  title = {Multi-State Models for Panel Data: The msm Package for R},
  journal = {Journal of Statistical Software},
  year = {2011},
  volume = {38:8},
  pages = {1--28},
  owner = {hputter},
  timestamp = {2010.07.22}
}

@ARTICLE{Jackson2016,
  author = {Jackson, C.H.},
  title = { flexsurv: A Platform for Parametric Survival Modeling in R},
  journal = {Journal of Statistical Software},
  year = {2016},
  volume = {70:8},
  pages = {1--33},
}

@ARTICLE{Lin1999,
  author = {Lin, D.Y. and Sun, W. and Ying, Z.},
  title = {Nonparametric estimation of the time distributions for serial events with censored data},
  journal = {Biometrika},
  year = {1999},
  volume = {86},
  pages = {59--70},
  owner = {moreira},
  timestamp = {2010.12.22}
}


@ARTICLE{Mack1982,
  author = {Mack, Y. P. and Silverman, B. W.},
  title = {Weak and strong uniform consistency of kernel regression estimates},
  journal = {Probability Theory and Related Fields},
  year = {1982},
  volume = {61},
  pages = {405--415},
  owner = {moreira},
  timestamp = {2011.10.12}
}

@ARTICLE{Manteiga1994,
  author = {Gonzalez-Manteiga, W. and Cadarso-Su\'{a}rez, C.},
  title = {Asymptotic properties of a generalized Kaplan-Meier estimator with some applications},
  journal = {Communications in Statistics-Theory and Methods},
  year = {1994},
  volume = {4(1)},
  pages = {65--78},
  owner = {luis},
  timestamp = {2011.10.12}
}

@ARTICLE{Miller1983,
  author = {Miller, R. G.},
  title = {What Price Kaplan-Meier?},
  journal = {Biometrics},
  year = {1983},
  volume = {39},
  pages = {1077--1081},
}

@ARTICLE{MM2006,
  author = {Meira-Machado, L. and {de U\~{n}a}-\'{A}lvarez, J. and Cadarso-Su\'{a}rez,	C.},
  title = {Nonparametric Estimation of Transition Probabilities in a Non-Markov Illness-Death Model},
  journal = {Lifetime Data Analysis},
  year = {2006},
  volume = {12},
  pages = {325--344},
  owner = {hputter},
  timestamp = {2010.07.22}
}

@ARTICLE{MM-RP2011,
  author = {Meira-Machado, L. and Roca-Pardi\~{n}as, J.},
  title = {p3state.msm: Analyzing Survival Data from an Illness-Death Model},
  journal = {Journal of Statistical Software},
  year = {2011},
  volume = {38:3},
  owner = {hputter},
  timestamp = {2010.07.22}
}

@ARTICLE{MM2009,
  author = {Meira-Machado, L. and de {U\~{n}a}-\'{A}lvarez, J. and Cadarso-Su\'{a}rez, C. and Andersen, P.K.},
  title = {Multi-state models for the analysis of time to event data},
  journal = {Statistical Methods in Medical Research},
  year = {2009},
  volume = {18},
  pages = {195--222},
  owner = {hputter},
  timestamp = {2010.07.22}
}

@ARTICLE{MM-AM2010,
  author = {Meira-Machado, L. and Moreira, A.},
  title = {Estimation of the Bivariate Distribution Function for Censored Gap Times},
  journal = {Proceedings of the 19th International Conference on Computational Statistics},
  year = {2010},
  pages = {1367--1374},
  timestamp = {2010.07.22}
}

@ARTICLE{MM2015,
  author = {Meira-Machado, L. and de {U\~{n}a}-\'{A}lvarez, J. and Datta, S.},
  title = {Nonparametric estimation of conditional transition
probabilities in a non-Markov illness-death model},
  journal = {Computational Statistics},
  year = {2015},
  volume = {30},
  pages = {377--397},
  owner = {hputter},
  timestamp = {2010.07.22}
}

@ARTICLE{MeiraMachadoLSRR,
  author = {Meira-Machado, L. and Roca-Pardi\~{n}as, J. and Van Keilegom, I. and Cadarso-Su\'{a}rez, C.},
  title = {Estimation of transition probabilities in a non-Markov model with successive survival times},
  journal = {Discussion paper},
  year = {2010},

  url = {http://www.stat.ucl.ac.be/ISpub/tr/2010/TR10057.pdf}
}

@ARTICLE{MM-BIOM2016,
  author = {Meira-Machado, L. and Sestelo, M. and Goncalves, A.},
  title = {Nonparametric estimation of the survival function for ordered
multivariate failure time data: a comparative study},
  journal = {Biometrical Journal},
  year = {2016},
  volume = {58},
  Number = {2},
  pages = {623--634},
  doi = {10.1002/bimj.201500038},
  url = {http://onlinelibrary.wiley.com/doi/10.1002/bimj.201500038/suppinfo}
}


@ARTICLE{MM-BIOM2018,
  author = {Meira-Machado, L. and Sestelo, M.},
  title = {Estimation in the progressive illness-death model: A nonexhaustive review},
  journal = {Biometrical Journal},
  year = {2019},
  volume = {61},
  pages = {245--263},
  doi = {10.1002/bimj.201500038}
}

@article{MM-SORT2016,
	Author = {Meira-Machado, Luis},
	Issn = {1696-2281},
	Journal = {SORT-Statistics and Operations Research Transactions},
	Month = {Jul-Dec},
	Number = {2},
	Pages = {375--398},
	Publisher = {INST ESTADISTICA CATALUNYA-IDESCAT},
	Times-Cited = {0},
	Title = {Smoothed landmark estimators of the transition probabilities},
	Volume = {40},
	Year = {2016}}


@article{Moertel1990,
	Author = {Moertel , Charles G. and Fleming , Thomas R. and Macdonald , John S. and Haller , Daniel G. and Laurie , John A. and Goodman , Phyllis J. and Ungerleider , James S. and Emerson , William A. and Tormey , Douglas C. and Glick , John H. and Veeder , Michael H. and Mailliard , James A.},
	Date-Added = {2017-06-05 16:57:53 +0000},
	Date-Modified = {2017-06-05 17:53:28 +0000},
	Journal = {New England Journal of Medicine},
	Number = {6},
	Pages = {352-358},
	Title = {Levamisole and Fluorouracil for Adjuvant Therapy of Resected Colon Carcinoma},
	Volume = {322},
	Year = {1990},
	Bdsk-Url-1 = {http://dx.doi.org/10.1056/NEJM199002083220602}}

@article{Moreira2013,
	Author = {Moreira, Ana and de {U\~{n}a}-\'{A}lvarez, Jacobo and Meira-Machado, Luis},
	Date-Added = {2017-06-05 13:37:20 +0000},
	Date-Modified = {2017-09-11 11:19:48 +0000},
	Issn = {1935-7524},
	Journal = {Electronical Journal of Statistics},
	Pages = {1491--1516},
	Publisher = {INST MATHEMATICAL STATISTICS},
	Title = {Presmoothing the Aalen-Johansen estimator in the illness-death model},
	Volume = {7},
	Year = {2013}}

@article{Nadaraya1965,
	Author = {Nadaraya, E.A.},
	Date-Added = {2017-06-05 13:37:39 +0000},
	Date-Modified = {2017-06-05 17:51:32 +0000},
	Journal = {Theory of Probability and its Applications},
	Pages = {186--190},
	Title = {On nonparametric estimates of density functions and regression curves},
	Volume = {10},
	Year = {1965}}
	
@article{Pepe1991,
	Author = {Pepe, Margaret Sullivan},
	Date-Added = {2017-06-05 13:38:28 +0000},
	Date-Modified = {2017-06-05 13:38:28 +0000},
	Journal = {Journal of the American Statistical Association},
	Number = {415},
	Pages = {770--778},
	Publisher = {Taylor \&amp; Francis},
	Title = {Inference for events with dependent risks in multiple endpoint studies},
	Volume = {86},
	Year = {1991}}

@ARTICLE{prodlim,
  author = {Gerds, T.A.},
  title = {prodlim: Product-Limit Estimation for Censored Event History Analysis},
  journal = {R package version 1.5.7, URL= http://CRAN.R-project.org/package=prodlim},
  year = {2015},
 
  url = {http://CRAN.R-project.org/package=prodlim}

}

@article{PutterSpitoni2018,
	Author = {Putter, H and Spitoni, C},
	Date-Added = {2017-06-05 13:30:53 +0000},
	Date-Modified = {2017-06-05 13:31:04 +0000},
	Journal = {Statistical Methods in Medical Research},
	Pages = {2081--2092},
	Title = {Non-parametric estimation of transition probabilities in non-Markov
		multi-state models: The landmark Aalen-Johansen estimator},
	Volume = {27},
	Year = {2018}
}

@article{Putter2007,

	Address = {THE ATRIUM, SOUTHERN GATE, CHICHESTER PO19 8SQ, W SUSSEX, ENGLAND},
	Author = {Putter, H. and Fiocco, M. and Geskus, R. B.},
	Date-Added = {2017-06-05 13:38:42 +0000},
	Date-Modified = {2017-09-11 11:20:23 +0000},
	Issn = {0277-6715},
	Journal = {Statistics in Medicine},
	Keywords = {BONE-MARROW TRANSPLANTATION; PROPORTIONAL HAZARDS MODEL; CUMULATIVE INCIDENCE; COX REGRESSION; CENSORED OBSERVATIONS; BREAST-CANCER; FAILURE; TIME; PROBABILITIES; PREDICTION},
	Month = {mayo},
	Number = {11},
	Pages = {2389--2430},
	Publisher = {JOHN WILEY \& SONS LTD},
	Times-Cited = {644},
	Title = {Tutorial in biostatistics: Competing risks and multi-state models},
	Volume = {26},
	Wok-Uid = {WOS:000246161400007},
	Year = {2007},
	Bdsk-Url-1 = {http://ws.isiknowledge.com/cps/openurl/service?url_ver=Z39.88-2004&rft_id=info:ut/WOS:000246161400007}}


@ARTICLE{RodriguezMM2016,
  author = {Rodr\'{i}guez-\'{A}lvarez, M.X. and Meira-Machado, L. and Abu-Assi, E.},
  title = {Nonparametric estimation of time-dependent ROC curves conditional on a continuous covariate},
  journal = {Statistics in medicine},
  year = {2016},
  volume = {35:7},
  pages = {1090--1102},
  owner = {luis},
  timestamp = {2010.07.22}
}

@ARTICLE{SattenDatta2001,
  author = {Satten, G.A., and Datta, S.},
  title = {The Kaplan-Meier Estimator as an Inverse-Probability-of-Censoring Weighted Average},
  journal = {The American Statistician},
  year = {2001},
  volume = {55:3},
  pages = {207--210},
  owner = {luis},
  timestamp = {2010.07.22}
}

@article{Satten2002,
	Author = {Satten, G. A. and Datta, S.},
	Issn = {0277-6715},
	Journal = {Statistics in Medicine},
	Number = {1},
	Pages = {3--19},
	Publisher = {JOHN WILEY \& SONS LTD},
	Title = {Marginal estimation for multi-stage models: waiting time distributions and competing risks analyses},
	Volume = {21},
	Year = {2002}
}

@ARTICLE{SattenRobins2001,
  author = {Satten, G.A., and Datta, S., and Robins, J.},
  title = {Estimating the marginal survival function in the presence of time dependent covariates},
  journal = {Statistics \& Probability Letters},
  year = {2001},
  volume = {54},
  pages = {397--403},
  owner = {luis},
  timestamp = {2010.07.22}
}

@article{Scheike2008,
	Author = {Scheike, T. H. and Zhang, M. J. and Gerds, T. A.},
	Journal = {Biometrika},
	Month = {March},
	Number = {1},
	Pages = {205--220},
	Publisher = {Oxford},
	Title = {Predicting cumulative incidence probability by direct binomial regression},
	Volume = {95},
	Year = {2008}}

@ARTICLE{survival,
  author = {Therneau,T.M. and Lumley, T.},
  title = {survival: Survival Analysis},
  journal = {R package version 2.41-3, URL= http://CRAN.R-project.org/package=survival},
  year = {2017},
  url = {http://CRAN.R-project.org/package=survival}

}

@Manual{survival-package,
    title = {A Package for Survival Analysis in R},
    author = {Terry M Therneau},
    year = {2021},
    note = {R package version 3.2-11},
    url = {https://CRAN.R-project.org/package=survival},
  }

@article{Titman2015,
	Author = {Titman, Andrew C},
	Date-Added = {2017-06-05 13:40:42 +0000},
	Date-Modified = {2017-06-05 13:40:42 +0000},
	Journal = {Biometrics},
	Number = {4},
	Pages = {1034--1041},
	Publisher = {Wiley Online Library},
	Title = {Transition probability estimates for non-Markov multi-state models},
	Volume = {71},
	Year = {2015}}

@manual{TPmsm,
	Author = {Artur Agostinho Ara{\'u}jo and Javier Roca-Pardi{\~n}as and Lu{\'\i}s Meira-Machado},
	Date-Added = {2017-06-05 16:48:55 +0000},
	Date-Modified = {2017-09-11 11:25:07 +0000},
	Note = {{R} package version 1.1.0},
	Title = {TPmsm: Estimation of transition probabilities in multistate models},
	Url = {http://CRAN.R-project.org/package=TPmsm},
	Year = {2013},
	Bdsk-Url-1 = {http://CRAN.R-project.org/package=TPmsm}}

@ARTICLE{VanKeilegom2001,
  author = {Van Keilegom, I., and Akritas, M. and Veraverbeke, N.},
  title = {Estimation of the conditional distribution in regression with censored data: a comparative study},
  journal = {Computational Statistics and Data Analysis},
  year = {2001},
  volume = {35},
  pages = {487--500},
}

@ARTICLE{VanKeilegom2011,
  author = {Van Keilegom, I. and {de U\~{n}a}-\'{A}lvarez, J. and  Meira-Machado, L.},
  title = {Nonparametric location-scale models for successive survival times under dependent censoring},
  journal = {Journal of Statistical Planning and Inference},
  year = {2011},
  volume = {141},
  pages = {1118--1131},
  timestamp = {2010.07.22}
}

@ARTICLE{VanKeilegom2004,
  author = {Van Keilegom, I.},
  title = {A note on the nonparametric estimation of the bivariate distribution under dependent censoring},
  journal = {Journal of Nonparametric Statistics},
  year = {2004},
  volume = {16},
  pages = {659--670},
  owner = {moreira},
  timestamp = {2010.12.22}
}

@ARTICLE{VanderLaan2002,
  author = {Van Der Laan, M.J. and Hubbard, A.E. and Robins, J.M.},
  title = {Locally efficient estimation of a multivariate survival function in longitudinal studies},
  journal = {Journal of the American Statistical Association},
  year = {2002},
  volume = {97},
  pages = {494--507},
  owner = {moreira},
  timestamp = {2010.12.22}
}

@BOOK{WandJones1995,
  title = {Kernel Smoothing},
  publisher = {Chapman \& Hal},
  year = {1997},
  author = {Wand, M.P. and Jones, M.C.},
  address = {London}
}

@ARTICLE{Watson1964,
  author = {Watson, G.S.},
  title = {Smooth regression analysis},
  journal = {Sankhya},
  year = {1964},
  volume = {26:15},
  pages = {175--184},
}

@BOOK{Wood2006,
  title = {Generalized Additive Models: An Introduction with R},
  publisher = {Chapman and Hall},
  year = {2006},
  author = {Wood, S.N.},
  address = {CRC Press}
}

@ARTICLE{Wreede,
  author = {de Wreede, L. and Fiocco, M. and Putter, H.},
  title = {mstate: An R Package for the Analysis of Competing Risks and Multi-State Models},
  journal = {Journal of Statistical Software},
  year = {2011},
  volume = {38:7},
  pages = {1--30},
  owner = {hputter},
  timestamp = {2010.07.22}
}

@ARTICLE{Yuan2005,
  author = {Yuan, M.},
  title = {Semiparametric censorship model with covariates},
  journal = {Test},
  year = {2005},
  volume = {14},
  pages = {489--514},
  owner = {hputter},
  timestamp = {2010.07.22}
}

@ARTICLE{Zhang2004,
  author = {Zhang, H.},
  title = {Asymptotic efficiency of estimation in the partial Koziol-Green model},
  journal = {Journal of Statistical Planning and Inference},
  year = {2004},
  volume = {124},
  pages = {399--408},
}


@ARTICLE{Wei1992,
  author = {Wei, L.J.},
  title = {The accelerated failure time model: a useful alternative to the Cox regression model in survival analysis},
  journal = {Statist. Med.},
  year = {1992},
  volume = {11},
  pages = {1871--1879}
}


@comment{jabref-meta: selector_publisher:}

@comment{jabref-meta: selector_author:}

@comment{jabref-meta: selector_journal:}

@comment{jabref-meta: selector_keywords:}