@article{hothorn_most_2018,
  title = {Most Likely Transformations},
  author = {Torsten Hothorn and Lisa M{\"o}st and Peter B{\"u}hlmann},
  journal = {Scandinavian Journal of Statistics},
  year = {2018},
  volume = {45},
  number = {1},
  pages = {110--134},
  url = {https://doi.org/10.1111/sjos.12291},
}

@article{tian_2020,
  author = {Tian, Yuqi and Hothorn, Torsten and Li, Chun and Harrell Jr., Frank E. and Shepherd, Bryan E.},
  title = {An empirical comparison of two novel transformation models},
  journal = {Statistics in Medicine},
  year = {2020},
  volume = {39},
  number = {5},
  pages = {562--576},
  url = {https://doi.org/10.1002/sim.8425},
}

@article{bates_fitting_2015,
  title = {Fitting {Linear} {Mixed}-{Effects} {Models} {Using} lme4},
  author = {Bates, Douglas and M{\"a}chler, Martin and Bolker, Benjamin M. and Walker, Steve},
  journal = {Journal of Statistical Software},
  year = {2015},
  volume = {67},
  number = {1},
  pages = {1--48},
  url = {https://doi.org/10.18637/jss.v067.i01},
}

@article{belenky_patterns_2003,
  title = {Patterns of performance degradation and restoration during sleep restriction and subsequent recovery: a sleep dose-response study},
  author = {Belenky, Gregory and Wesensten, Nancy J. and Thorne, David R. and Thomas, Maria L. and Sing, Helen C. and Redmond, Daniel P. and Russo, Michael B. and Balkin, Thomas J.},
  journal = {Journal of Sleep Research},
  year = {2003},
  volume = {12},
  number = {1},
  pages = {1--12},
  url = {https://doi.org/10.1046/j.1365-2869.2003.00337.x},
}

@article{box_analysis_1964,
  title = {An analysis of transformations},
  author = {George E. P. Box and David R. Cox},
  journal = {Journal of the Royal Statistical Society. Series B (Methodological)},
  year = {1964},
  volume = {26},
  number = {2},
  pages = {211--252},
  url = {https://doi.org/10.1111/j.2517-6161.1964.tb00553.x},
}

@Manual{survival-package,
  title = {A Package for Survival Analysis in {R}},
  author = {Terry M. Therneau},
  year = {2021},
  note = {R~package version 3.2-12},
  url = {https://CRAN.R-project.org/package=survival},
}

@article{Lohse2017,
  title = {Continuous outcome logistic regression for analyzing body mass index distributions},
  author = {Lohse, Tina and Rohrmann, Sabine and Faeh, David and Hothorn, Torsten},
  journal = {F1000Research},
  year = {2017},
  volume = {6},
  pages = {1933},
  url = {https://doi.org/10.12688/f1000research.12934.1},
}

@article{Manuguerra2010,
  author = {Manuguerra, Maurizio and Heller, Gillian},
  title = {Ordinal Regression Models for Continuous Scales},
  journal = {The International Journal of Biostatistics},
  year = {2010},
  volume = {6},
  pages = {14--14},
  url = {https://doi.org/10.2202/1557-4679.1230}
}

@inproceedings{Manuguerra2017,
  title = {Semi-parametric ordinal regression models for continuous scales},
  author = {Maurizio Manuguerra and Gillian Heller and Jun Ma},
  year = {2017},
  volume = {1},
  pages = {236--241},
  editor = {Marco Grzegorczyk and Giacomo Ceoldo},
  booktitle = {Proceedings of the 32nd International Workshop on Statistical Modelling},
}

@article{chow_effect_2006,
  title = {The effect of 300 {mW}, 830 nm laser on chronic neck pain: a double-blind, randomized, placebo-controlled study},
  author = {Chow, Roberta T. and Heller, Gillian Z. and Barnsley, Les},
  journal = {Pain},
  year = {2006},
  volume = {124},
  number = {1-2},
  pages = {201--210},
  url = {https://doi.org/10.1016/j.pain.2006.05.018},
}

@Article{manuguerra_ordinalCont,
  title = {Continuous Ordinal Regression for Analysis of Visual Analogue Scales: The {R} Package {ordinalCont}},
  author = {Maurizio Manuguerra and Gillian Z. Heller and Jun Ma},
  journal = {Journal of Statistical Software},
  year = {2020},
  volume = {96},
  number = {8},
  pages = {1--24},
  url = {https://doi.org/10.18637/jss.v096.i08},
}

@Manual{thereneau_coxme,
  title = {coxme: Mixed Effects Cox Models},
  author = {Terry M. Therneau},
  year = {2020},
  note = {R~package version 2.2-16},
  url = {https://CRAN.R-project.org/package=coxme},
}

@article{christensen_statistical_2011,
  title = {Statistical and {Thurstonian} models for the {A}-not {A} protocol with and without sureness},
  author = {Christensen, Rune Haubo Bojesen and Cleaver, Graham and Brockhoff, Per Bruun},
  journal = {Food Quality and Preference},
  year = {2011},
  volume = {22},
  number = {6},
  pages = {542--549},
  url = {https://doi.org/10.1016/j.foodqual.2011.03.003},
}

@article{hothorn_mlt,
  author = {Torsten Hothorn},
  title = {Most Likely Transformations: The mlt Package},
  journal = {Journal of Statistical Software},
  volume = {92},
  number = {1},
  year = {2020},
  pages = {1--68},
  url = {https://doi.org/10.18637/jss.v092.i01},
}

@Manual{Hothorn2020_tram,
  title = {tram: Transformation Models},
  author = {Torsten Hothorn and Luisa Barbanti},
  year = {2021},
  note = {R~package version 0.6-0},
  url = {https://CRAN.R-project.org/package=tram},
}

@article{kristensen_tmb,
  title = {{TMB}: Automatic Differentiation and {L}aplace Approximation},
  author = {Kasper Kristensen and Anders Nielsen and Casper W. Berg and Hans Skaug and Bradley M. Bell},
  journal = {Journal of Statistical Software},
  year = {2016},
  volume = {70},
  number = {5},
  pages = {1--21},
  url = {https://doi.org/10.18637/jss.v070.i05},
}

@article{Brooks2017_glmmTMB,
  author = {Mollie E. Brooks and Kasper Kristensen and Koen J. {van Benthem} and Arni Magnusson and Casper W. Berg and Anders Nielsen and Hans J. Skaug and Martin M{\"a}chler and Benjamin M. Bolker},
  title = {{glmmTMB} Balances Speed and Flexibility Among Packages for Zero-inflated Generalized Linear Mixed Modeling},
  year = {2017},
  journal = {The R Journal},
  volume = {9},
  number = {2},
  pages = {378--400},
  url = {https://doi.org/10.32614/RJ-2017-066},
}

@article{Pinheiro2006_AGQ,
  author = {Jose Pinheiro and Edward C. Chao},
  title = {Efficient {Laplacian} and Adaptive {Gaussian} Quadrature Algorithms for Multilevel Generalized Linear Mixed Models},
  journal = {Journal of Computational and Graphical Statistics},
  volume = {15},
  number = {1},
  pages = {58--81},
  year  = {2006},
  url = {https://doi.org/10.1198/106186006X96962},
}

@article{Joe2008,
  author = {Joe, Harry},
  title = {Accuracy of {Laplace} Approximation for Discrete Response Mixed Models},
  journal = {Computational Statistics \& Data Analysis},
  year = {2008},
  volume = {52},
  number = {12},
  pages = {5066--5074},
  url = {https://doi.org/10.1016/j.csda.2008.05.002},
}

@article{lee_conditional_2004,
  title = {Conditional and {Marginal} {Models}: {Another} {View}},
  author = {Lee, Youngjo and Nelder, John A.},
  journal = {Statistical Science},
  year = {2004},
  volume = {19},
  number = {2},
  pages = {219--238},
  url = {https://doi.org/10.1214/088342304000000305},
}

@book{hardin_generalized_2013,
  title = {Generalized estimating equations},
  author = {Hardin, James W. and Hilbe, Joseph M.},
  year = {2013},
  url = {https://doi.org/10.1201/b13880},
  publisher = {CRC Press},
  edition = {Second},
}

@Manual{christensen_ordinal,
  title = {ordinal---Regression Models for Ordinal Data },
  author = {Rune Haubo Bojesen Christensen},
  year = {2019},
  note = {R~package version 2019.12-10.},
  url = {https://CRAN.R-project.org/package=ordinal}
}

@article{lindsey_appropriateness_1998,
  title = {On the appropriateness of marginal models for repeated measurements in clinical trials},
  author = {Lindsey, James K. and Lambert, Philippe},
  journal = {Statistics in Medicine},
  year = {1998},
  volume = {17},
  number = {4},
  pages = {447--469},
  url = {https://doi.org/10.1002/(SICI)1097-0258(19980228)17:4<447::AID-SIM752>3.0.CO;2-G},
}

@Manual{pinheiro_nlme,
  title = {{nlme}: Linear and Nonlinear Mixed Effects Models},
  author = {Jose Pinheiro and Douglas Bates and Saikat DebRoy and Deepayan Sarkar and {R Core Team}},
  year = {2021},
  note = {R~package version 3.1-152},
  url = {https://CRAN.R-project.org/package=nlme},
}

@book{demidenko_mixed_2013,
  edition = {Second},
  series = {Wiley series in probability and statistics},
  title = {Mixed models: theory and applications with {R}},
  url = {https://doi.org/10.1002/9781118651537},
  publisher = {Wiley},
  author = {Demidenko, Eugene},
  year = {2013},
}

@Manual{boxcoxmix,
  title = {{boxcoxmix}: Box-Cox-Type Transformations for Linear and Logistic Models with Random Effects},
  author = {Amani Almohaimeed and Jochen Einbeck},
  year = {2020},
  note = {R~package version 0.28},
  url = {https://CRAN.R-project.org/package=boxcoxmix},
}

@Article{parfm,
  title = {{parfm}: Parametric Frailty Models in {R}},
  author = {Marco Munda and Federico Rotolo and Catherine Legrand},
  journal = {Journal of Statistical Software},
  year = {2012},
  volume = {51},
  number = {11},
  pages = {1--20},
  url = {https://doi.org/10.18637/jss.v051.i11},
}

@Article{frailtypack,
  title = {{frailtypack}: An {{R}} Package for the Analysis of Correlated Survival Data with Frailty Models Using Penalized Likelihood Estimation or Parametrical Estimation},
  author = {Virginie Rondeau and Yassin Mazroui and Juan R. Gonzalez},
  journal = {Journal of Statistical Software},
  year = {2012},
  volume = {47},
  number = {4},
  pages = {1--28},
  url = {https://doi.org/10.18637/jss.v047.i04},
}

@Manual{tramME,
  title = {{tramME}: Transformation Models with Mixed Effects},
  author = {B\'alint Tam\'asi and Torsten Hothorn},
  year = {2021},
  note = {R~package version 0.1.2},
  url = {https://CRAN.R-project.org/package=tramME},
}

@article{Chernozhukov_2013,
  author = {Victor Chernozhukov and Iv{\'a}n Fern{\'a}ndez-Val and Blaise Melly},
  title = {Inference on Counterfactual Distributions},
  volume = {81},
  url = {https://doi.org/10.3982/ECTA10582},
  number = {6},
  journal = {Econometrica},
  year = {2013},
  pages = {2205--2268}
}

@article{Self1987,
  author = {Steven G. Self and Kung-Yee Liang},
  title = {Asymptotic Properties of Maximum Likelihood Estimators and Likelihood Ratio Tests under Nonstandard Conditions},
  journal = {Journal of the American Statistical Association},
  year = {1987},
  volume = {82},
  number = {398},
  pages = {605--610},
  url = {https://doi.org/10.1080/01621459.1987.10478472},
}

@article{Thorson2016,
  author = {James T. Thorson and Kasper Kristensen},
  title = {Implementing a Generic Method for Bias Correction in Statistical Models Using Random Effects, with Spatial and Population Dynamics Examples},
  journal = {Fisheries Research},
  year = {2016},
  volume = {175},
  pages = {66--74},
  url = {https://doi.org/10.1016/j.fishres.2015.11.016},
}
