
@Article{QueirozFerrari2023,
  author = {Francisco F. Queiroz and Silvia L. P. Ferrari},
  title = {Power Logit Regression for Modeling Bounded Data},
  year = {2023},
  journal = {Statistical Modelling},
  doi = {10.1177/1471082X221140157},
}

@Manual{QueirozFerrari2022,
  title = {PLreg: Power Logit Regression for Modeling Bounded Data},
  author = {Francisco F. Queiroz and Silvia L. P. Ferrari},
  year = {2023},
  note = {R package version 0.4.1},
  url = {https://CRAN.R-project.org/package=PLreg},
}

@Article{FerrariCribariNeto2004,
  author = {Silvia L. P. Ferrari and Francisco Cribari-Neto},
  title = {Beta Regression for Modelling Rates and Proportions},
  year = {2004},
  journal = {Journal of Applied Statistics},
  volume = {31},
  number = {7},
  pages = {799--815},
  doi = {1010.1080/0266476042000214501},
}

@Article{BayesBazanGarcia2012,
author = {Cristian L. Bayes and Jorge L. Baz{\'a}n and Catalina Garc{\'i}a},
title = {A New Robust Regression Model for Proportions},
volume = {7},
journal = {Bayesian Analysis},
number = {4},
pages = {841 -- 866},
year = {2012},
doi = {10.1214/12-BA728},
}
ti
@Article{GOMEZDENIZ201449,
title = {The Log–Lindley Distribution as an Alternative to the Beta Regression Model With Applications in Insurance},
journal = {Insurance: Mathematics and Economics},
volume = {54},
pages = {49-57},
year = {2014},
doi = {10.1016/j.insmatheco.2013.10.017},
author = {Emilio Gómez-Déniz and Miguel A. Sordo and Enrique Calderín-Ojeda},
}

@Article{DunnSmyth,
author = {Peter K. Dunn  and  Gordon K. Smyth},
title = {Randomized Quantile Residuals},
journal = {Journal of Computational and Graphical Statistics},
volume = {5},
number = {3},
pages = {236-244},
year  = {1996},
publisher = {Taylor \& Francis},
doi = {10.1080/10618600.1996.10474708},
}


@Article{SmithsonShou2017,
author = {Michael Smithson and Yiyun Shou},
title = {CDF-quantile Distributions for Modelling Random Variables on the Unit Interval},
journal = {British Journal of Mathematical and Statistical Psychology},
volume = {70},
number = {3},
pages = {412-438},
doi = {10.1111/bmsp.12091},
year = {2017}
}

@Article{LemonteBazan2016,
author = {Artur J. Lemonte and Jorge L. Baz{\'a}n},
title = {New Class of Johnson Distributions and its Associated Regression Model for Rates and Proportions},
journal = {Biometrical Journal},
volume = {58},
number = {4},
pages = {727-746},
doi = {10.1002/bimj.201500030},
year = {2016}
}

@Article{BARNDORFFNIELSEN1991106,
title = {Some Parametric Models on the Simplex},
journal = {Journal of Multivariate Analysis},
volume = {39},
number = {1},
pages = {106-116},
year = {1991},
doi = {10.1016/0047-259X(91)90008-P},
author = {O. E. Barndorff-Nielsen and B. J{\o}rgensen},
}

@Article{ZHANGQIU2014,
title = {Regression Analysis of Proportional Data Using Simplex Distribution},
journal = {Science China Mathematics (Chinese Version)},
volume = {44},
number = {1},
pages = {89-104},
year = {2014},
doi = {10.1360/012013-200},
author = {Peng Zhang and ZhenGuo Qiu},
}

@Manual{ZhangQiuShi2016,
  title = {simplexreg: Regression Analysis of Proportional Data Using Simplex Distribution},
  author = {Peng Zhang and Zhengguo Qiu and Chengchun Shi},
  year = {2016},
  note = {R package version 1.3},
  url = {https://CRAN.R-project.org/package=simplexreg},
}

@Manual{Zeileisetal2021,
  title = {betareg: Beta Regression},
  author = {Achim Zeileis and Francisco Cribari-Neto and Bettina Gruen and Ioannis Kosmidis},
  year = {2021},
  note = {R package version 3.1-4},
  url = {https://CRAN.R-project.org/package=betareg},
}

@Manual{Shou2022,
  title = {cdfquantreg: Quantile Regression for Random Variables on the Unit Interval},
  author = {Yiyun Shou and Michael Smithson},
  year = {2022},
  note = {R package version 1.3.1-1},
  url = {https://CRAN.R-project.org/package=cdfquantreg},
}


@Article{Johnson1949,
 author = {N. L. Johnson},
 journal = {Biometrika},
 number = {1/2},
 pages = {149--176},
 publisher = {Oxford University Press},
 title = {Systems of Frequency Curves Generated by Methods of Translation},
 volume = {36},
 year = {1949},
doi = {10.2307/2332539}
}

@Article{daPazetal2019,
author = {Rosineide F. da Paz and Narayanaswamy Balakrishnan and Jorge Luis Baz{\'a}n},
title = {L-Logistic Regression Models: Prior Sensitivity Analysis, Robustness to Outliers and Applications},
volume = {33},
journal = {Brazilian Journal of Probability and Statistics},
number = {3},
publisher = {Brazilian Statistical Association},
pages = {455 -- 479},
year = {2019},
doi = {10.1214/18-BJPS397},
}

@article{Korkmaz2020,
author = {Mustafa \C. Korkmaz},
title = {A New Heavy-tailed Distribution Defined on the Bounded Interval: The Logit Slash Distribution and its Application},
journal = {Journal of Applied Statistics},
volume = {47},
number = {12},
pages = {2097-2119},
year  = {2020},
publisher = {Taylor \& Francis},
doi = {10.1080/02664763.2019.1704701},
}


@Article{ZeileisCroissant2010,
 title={Extended Model Formulas in R: Multiple Parts and Multiple Responses},
 volume={34},
 doi={10.18637/jss.v034.i01},
 number={1},
 journal={Journal of Statistical Software},
 author={Achim Zeileis and Yves Croissant},
 year={2010},
 pages={1–13}
}

@Article{Chengetal2019,
author = {Cheng, Tina L. and Gerson, Alexander and Moore, Marianne S. and Reichard, Jonathan D. and DeSimone, Joely and Willis, Craig K. R. and Frick, Winifred F. and Kilpatrick, Auston Marm},
title = {Higher Fat Stores Contribute to Persistence of Little Brown Bat Populations with White-nose Syndrome},
journal = {Journal of Animal Ecology},
volume = {88},
number = {4},
pages = {591-600},
doi = {10.1111/1365-2656.12954},
year = {2019}
}

@Article{SchmitRoth1990,
 author = {Joan T. Schmit and Kendall Roth},
 journal = {The Journal of Risk and Insurance},
 number = {3},
 pages = {455--470},
 publisher = {[American Risk and Insurance Association, Wiley]},
 title = {Cost Effectiveness of Risk Management Practices},
 urldate = {2023-01-21},
 volume = {57},
 year = {1990}
}

@Article{QueirozLemonte2021,
author = {Francisco F. Queiroz and Artur J. Lemonte},
title = {A Broad Class of Zero-or-one Inflated Regression Models for Rates and Proportions},
journal = {Canadian Journal of Statistics},
volume = {49},
number = {2},
pages = {566-590},
doi = {10.1002/cjs.11576},
year = {2021}
}















@Book{Cameron+Trivedi:2013,
  author = {A. Colin Cameron and Pravin K. Trivedi},
  title = {Regression Analysis of Count Data},
  year = {2013},
  edition = {2nd},
  publisher = {Cambridge University Press},
  address = {Cambridge},
}

@Book{Chambers+Hastie:1992,
  editor = {John M. Chambers and Trevor J. Hastie},
  title = {Statistical Models in S},
  publisher = {Chapman \& Hall},
  year = {1992},
  address = {London},
}

@Manual{Jackman:2015,
  title = {pscl: Classes and Methods for R Developed in the Political Science Computational Laboratory, Stanford University},
  author = {Simon Jackman},
  year = {2015},
  note = {R package version 1.4.9},
  url = {https://CRAN.R-project.org/package=pscl},
}

@Article{Mullahy:1986,
  author = {John Mullahy},
  title = {Specification and Testing of Some Modified Count Data Models},
  year = {1986},
  journal = {Journal of Econometrics},
  volume = {33},
  number = {3},
  pages = {341--365},
  doi = {10.1016/0304-4076(86)90002-3},
}

@Book{McCullagh+Nelder:1989,
  author = {Peter McCullagh and John A. Nelder},
  title = {Generalized Linear Models},
  edition = {2nd},
  year = {1989},
  publisher = {Chapman \& Hall},
  address = {London},
  doi = {10.1007/978-1-4899-3242-6},
}

@Manual{R,
  title = {R: {A} Language and Environment for Statistical Computing},
  author = {{R Core Team}},
  organization = {R Foundation for Statistical Computing},
  address = {Vienna, Austria},
  year = {2017},
  url = {https://www.R-project.org/},
}

@Article{Stasinopoulos+Rigby:2007,
  author = {D. Mikis Stasinopoulos and Robert A. Rigby},
  title = {Generalized Additive Models for Location Scale and Shape ({GAMLSS}) in R},
  journal = {Journal of Statistical Software},
  year = {2007},
  volume = {23},
  number = {7},
  pages = {1--46},
  doi = {10.18637/jss.v023.i07},
}

@Book{Venables+Ripley:2002,
  author = {William N. Venables and Brian D. Ripley},
  title = {Modern Applied Statistics with S},
  edition = {4th},
  year = {2002},
  pages = {495},
  publisher = {Springer-Verlag},
  address = {New York},
  doi = {10.1007/978-0-387-21706-2},
}

@Book{Wood:2006,
  author = {Simon N. Wood},
  title = {Generalized Additive Models: An Introduction with R},
  year = {2006},
  publisher = {Chapman \& Hall/CRC},
  address = {Boca Raton},
}

@Article{Yee:2009,
  author = {Thomas W. Yee},
  title = {The VGAM Package for Categorical Data Analysis},
  journal = {Journal of Statistical Software},
  year = {2010},
  volume = {32},
  number = {10},
  pages = {1--34},
  doi = {10.18637/jss.v032.i10},
}

@Article{Zeileis+Kleiber+Jackman:2008,
  author = {Achim Zeileis and Christian Kleiber and Simon Jackman},
  title = {Regression Models for Count Data in R},
  journal = {Journal of Statistical Software},
  year = {2008},
  volume = {27},
  number = {8},
  pages = {1--25},
  doi = {10.18637/jss.v027.i08},
}

@Manual{R,
  title = {R: A Language and Environment for Statistical Computing},
  author = {{R Core Team}},
  organization = {R Foundation for Statistical Computing},
  address = {Vienna, Austria},
  year = {2016},
  note = {{ISBN} 3-900051-07-0},
  url = {https://www.R-project.org/},
}

@article{ihaka:1996,
  Author = {Ihaka, Ross and Gentleman, Robert},
	Journal = {Journal of Computational and Graphical Statistics},
	Number = 3,
	Pages = {299--314},
	Title = {R: A Language for Data Analysis and Graphics},
	Volume = 5,
	Year = 1996,
        url = {https://doi.org/10.1080/10618600.1996.10474713}
}

