@book{Adler+Wilkerson:2004,
author = {E.~S.~{Adler and J.~Wilkerson}},
title = {{Congressional Bills Project}},
year = {2004},
url = {http://congressionalbills.org/}
}
@book{baumgartner2008decline,
author = {F.~{Baumgartner, S.~De~Boef, and A.~Boydstun}},
title = {{The Decline of the Death Penalty and the Discovery of Innocence}},
publisher = {Cambridge University Press},
year = {2008}
}
@book{collingwood2012tradeoffs,
author = {L.~{Collingwood and J.~Wilkerson}},
title = {{Tradeoffs in accuracy and efficiency in supervised learning methods}},
publisher = {Journal of Information Technology & Politics 9(3):},
pages = {298--318},
year = {2012}
}
@book{feinerer2008text,
author = {I.~{Feinerer, K.~Hornik, and D.~Meyer}},
title = {{Text mining infrastructure in R}},
publisher = {Journal of Statistical Software 25 (5):},
pages = {1--54},
year = {2008}
}
@book{friedman2010regularization,
author = {J.~{Friedman, T.~Hastie, and R.~Tibshirani}},
title = {{Regularization paths for generalized linear models via coordinate descent}},
publisher = {Journal of Statistical Software 33 (1): 1},
year = {2010}
}
@book{jones2009representation,
author = {B.~{Jones, H.~Larsen-Price, and J.~Wilkerson}},
title = {{Representation and American governing institutions}},
publisher = {The Journal of Politics 71 (01):},
pages = {277--290},
year = {2009}
}
@book{Jurka:2012,
author = {T.~P. {Jurka}},
title = {{maxent: An R package for low-memory multinomial logistic regression with support for semi-automated text classification}},
publisher = {The R Journal 4 (1):  June},
pages = {56--59},
year = {2012}
}
@book{liaw2002classification,
author = {A.~{Liaw and M.~Wiener}},
title = {{Classification and regression by randomForest}},
publisher = {R News 2 (3):},
pages = {18--22},
year = {2002}
}
@book{mclaughlin2004collaborative,
author = {M.~{McLaughlin and J.~Herlocker}},
title = {{A collaborative filtering algorithm and evaluation metric that accurately model the user experience}},
publisher = {In Proceedings of the 27th Annual International ACM SIGIRConference on Research and Development in Information Retrieval pages ACM},
pages = {329--336},
year = {2004}
}
@book{e1071_pkg,
author = {D.~{Meyer, E.~Dimitriadou, K.~Hornik, A.~Weingessel, and F.~Leisch}},
title = {{e1071: Misc Functions of the Department of Statistics (e1071), TU Wien, }},
publisher = {R package version 1.6-1},
year = {2012},
url = {http://CRAN.R-project.org/package=e1071}
}
@book{ipred_pkg,
author = {A.~{Peters and T.~Hothorn}},
title = {{ipred: Improved Predictors, }},
publisher = {R package version 0.8-13},
year = {2012},
url = {http://CRAN.R-project.org/package=ipred}
}
@book{tree_pkg,
author = {B.~{Ripley}},
title = {{tree: Classification and Regression Trees, }},
publisher = {R package version 1.0-31},
year = {2012},
url = {http://CRAN.R-project.org/package=tree}
}
@book{sokolova2006beyond,
author = {M.~{Sokolova, N.~Japkowicz, and S.~Szpakowicz}},
title = {{Beyond accuracy, F-score and ROC: a family of discriminant measures for performance evaluation}},
publisher = {In AI : Advances in Artificial Intelligence pages Springer},
pages = {1015--1021},
year = {2006}
}
@book{catools_pkg,
author = {J.~{Tuszynski}},
title = {{caTools: Tools: Moving Window Statistics, GIF, Base64, ROC AUC, etc., }},
publisher = {R package version 1.13},
year = {2012},
url = {http://CRAN.R-project.org/package=caTools}
}
@book{Venables+Ripley:2002,
author = {W.~{Venables and B.~Ripley}},
title = {{Modern Applied Statistics with S}},
publisher = {Springer New York fourth edition},
year = {2002}
}


