
 
  @Manual{siggenes,
    title = {siggenes: Multiple Testing using SAM and Efron's Empirical Bayes
Approaches},
    author = {Holger Schwender},
    year = {2020},
    note = {R package version 1.64.0},
  }




 @Manual{multtest,
    title = {multtest: Resampling-based multiple hypothesis testing},
    author = {Katherine S. Pollard and Houston N. Gilbert and Yongchao Ge and Sandra Taylor and Sandrine Dudoit},
    year = {2011},
    note = {R package version 2.8.0},
    url = {https://CRAN.R-project.org/package=multtest},
  }



@Manual{sgof,
    title = {{sgof: Multiple Hypothesis Testing}},
    author = {Irene Castro Conde and Jacobo de Una Alvarez},
    year = {2020},
    note = {R package version 2.3.2},
    url = {https://CRAN.R-project.org/package=sgof},
  }


@Book{Doukhan,
	author = {P Doukhan},
	title = {Mixing: Properties and Examples},
	publisher = {Springer-Verlag, New York},
	year = {1995},
}

@Book{kmeans,
	author = {B Everitt and T Hothorn},
	title = {A Handbook of Statistical Analyses Using R (2nd ed.)},
	publisher = {CRC Press, New York},
	year = {2010},
}


@Article{Marta1,
	author = {Marta Cousido-Rocha and Jac de {U\~na-\'Alvarez} and Je Hart},
	title = {Testing equality of a large number of densities under mixing conditions},
	volume = {28},
	pages = {1203–1228},
	journal={TEST},
	year = {2019},
	doi = {https://doi.org/10.1007/s11749-018-00625-3},	
}


@Book{Bosq,
	author = {D Bosq},
	title = {Nonparametric Statistics for Stochastic Processes: Estimation and Prediction. Second Edition},
	publisher = {Springer-Verlag, New York},
	year = {1998},
}

@Book{FY,
	author = {Joo Fan and Qooo Yao},
	title = {Non Linear Time Series: Nonparametric and Parametric Methods},
	publisher = {Springer-Verlag, New York},
	year = {2003},
}

@Book{Pries,
	author = {Moo Boo Priestley},
	title = {Spectral Analysis and Time Series},
	publisher = {Academic Press, New York},
	year = {1981},
}


@Book{Dudoit2007,
	author = {Sandrine Dudoit and Mark J van der Laan},
	title = {Multiple Testing Procedures and Applications to Genomics},
	publisher = {Spinger, New York},
	year = {2007},
}


@Article{Marta2,
	author = {Marta Cousido-Rocha and Jac de {U\~na-\'Alvarez} and Je Hart},
	title = {A two-sample test for the equality of distributions for
	high-dimensional data},
volume = {174},
pages = {104537},
year = {2019},
issn = {0047-259X},
journal={
Journal of Multivariate Analysis},
doi = {https://doi.org/10.1016/j.jmva.2019.104537},
url = {https://www.sciencedirect.com/science/article/pii/S0047259X19300521},	
}

@Article{CRdUA_CMPB,
	author = {Marta Cousido-Rocha and Jac de {U\~na-\'Alvarez}},
	title = {\texttt{Equalden.HD}: An \texttt{R} package for testing the equality of a high dimensional set of densities},
volume = {217},
pages = {106694},
year = {2022},
journal={
Computer Methods and Programs in Biomedicine},
doi = {https://doi.org/10.1016/j.cmpb.2022.106694},
}

@Article{Zhangetal2020,
	author = {Hong Zhang and Jiashun Jin and Zheyang Wu},
	title = {Distributions and power of optimal signal-detection statistics in finite case},
volume = {68},
pages = {1021-1033},
year = {2020},
journal={IEEE Transactions on Signal Processing},
doi = {https://doi.org/10.1109/TSP.2020.2967179},
}

@Article{HallJin2008,
	author = {Peter Hall and Jiashun Jin},
	title = {Properties of higher criticism under strong dependence},
volume = {36},
pages = {381-402},
year = {2008},
journal={The Annals of Statistics},
}

@Article{MCdUA2009,
	author = {Pablo Mart\'inez-Camblor and Jacobo {de U\~na-\'Alvarez}},
	title = {Nonparametric k-sample tests: Density functions vs distribution functions},
volume = {53},
pages = {3344-3357},
year = {2009},
journal={Computational Statistics and Data
Analysis},
}

@Article{Marta3,
	author = {Cousido-Rocha, Marta and de Uña-Álvarez, Jacobo and Döhler, Sebastian},
	title = {Multiple comparison procedures for discrete uniform and homogeneous tests},
	journal = {Journal of the Royal Statistical Society: Series C (Applied Statistics)},
	volume = {71},
	year={2021},
	pages = {219–243},
	doi = {https://doi.org/10.1111/rssc.12529},
	url = {https://rss.onlinelibrary.wiley.com/doi/abs/10.1111/rssc.12529},
}



@Article{Brad,
	title = {{Basic Properties of Strong Mixing Conditions. A Survey and Some Open Questions}},
	journal = { Probability Surveys},
	volume = {2},
	pages = {107-144},
	year = {2005},
	author = {Rooo Cooo Bradley},
}

@Article{Dickhaus,
	title = {{How to analyze many contingency tables simultaneously
	in genetic association studies}},
	journal = {Statistical Applications in Genetics and Molecular Biology},
	volume = {11},
	pages = {Article 12},
	year = {2012},
	author = { Tooo Dickhaus and Kaaa Strassburger and Daaa Schunk and Caa Morcillo-Suarez and Tooo Illig and Aaa Navarro},
}

@Article{Park,
	title = {{Testing the equality of a large number of normal population means}},
	journal = {Computational Statistics $\&$ Data Analysis},
	volume = {56},
	pages = {1131-1149},
	year = {2012},
	author = {Joo Park and Doo Park},
}

@Article{Dey,
	title = {{Genome-wide gene expression dataset used to identify potential therapeutic targets in androgenetic alopecia}},
	journal = { Data in Brief},
	volume = {13},
	pages = {85-87},
	year = {2017},
	author = {Roo Dey-Rao and Aoo Aoo Sinha},
}



@Article{CastroE,
	title = {An extended SGoF multiple testing
	method for discrete data},
	journal = {Statistical Methods in Medical Research},
	volume = {26},
	pages = {2356-2375},
	year = {2015},
	author = {Io Castro-Conde and So D{\"o}hler and Joo de {U\~na-\'Alvarez}},
}


@Book{Fisher,
	author = {Roo Aooo Fisher},
	title = {Statistical Methods for Research Workers. Fourth Edition},
	publisher = {Oliver and Boyd, Edinburgh},
	year = {1934},
}

@Book{stou,
	author = {Soo Aoo Stouffer and Eoo Aoo Suchman and Loo Coo DeVinney and Soo Aoo Star and Roo Moo Williams},
	title = {The
	American Soldier. Adjustment during Army Life},
	publisher = {Princeton University
	Press, England},
	year = {1949},
}



@Article{Gira,
	title = {Rescaled variance and related tests for long memory in volatility and levels},
	journal = {Journal of Econometrics},
	volume = {112},
	pages = {265-294},
	year = {2003},
	author = {Looo Giraitis and Pooo Sooo Kokoszka and Rooo Leipus and Gooo Teyssi\`{e}re},
}

@Article{PoW,
	title = {Automatic block-length selection for the dependent bootstrap},
	journal = {American Economic Review},
	volume = {23},
	pages = {53-70},
	year = {2004},
	author = {Do No Politis and Ho White},
}

@Article{Carls,
	title = {The use of subseries values for estimating the variance of a general statistic from a stationary sequence},
	journal = {Annals of Statistics},
	volume = {4},
	pages = {1171-1179},
	year = {1996},
	author = {Eoo Carlstein},
}

@Article{Radu,
	title = {The bootstrap of the mean for strong mixing sequences under minimal conditions},
	journal = {Statistics $\&$ Probability Letters},
	volume = {28},
	pages = {65-72},
	year = {1996},
	author = {Doo Radulovic},
}

@Article{Hu2008,
	title = {On convergence properties of sums of dependent
	random variables under second moment and covariance restrictions},
	journal = {Statistics $\&$ Probability
	Letters},
	volume = {78},
	pages = {1999-2005},
	year = {2008},
	author = {Too Coo Hu and Aoo Rosalsky and Aoo Volodin},
}



@Article{Peli,
	title = {On the asymptotic normality of sequences of weak dependent random variables},
	journal = {Journal of Theoretical Probability},
	volume = {9},
	pages = {703-715},
	year = {1996},
	
	author = {Moo Peligrad},
}

@Article{Koren,
	title = {Autocorrelation analysis reveals widespread spatial biases in microarray
	experiments},
	journal = { BMC Genomics},
	volume = {8},
	pages = {164},
	year = {2007},
	
	author = {Aoo Koren and Ioo Tirosh and Noo Barkai },
}



@Article{BH,
title = {Controlling the false discovery rate: A Practical and Powerful approach to Multiple Testing},
journal = {Journal of the Royal Statistical Society  B },
volume = {57},
pages = {289-300},
year = {1995},

author = {Y Benjamini and Y Hochberg },
}

@Article{alba,
	title = {A test for the two-sample problem based on empirical characteristic functions},
	journal = {Computational Statistics and Data Analysis},
	volume = {52},
	pages = {3730-3748},
	year = {2008},
	
	author = {Voo Alba-Fern\'andez and Mooo Dooo Jim\'enez-Gamero and Jooo Mu{\~n}oz-Garc\'ia},
}

@Article{Meintanis,
	title = {Tests for the multivariate $k$-sample problem based on the empirical characteristic function},
	journal = {Journal of Nonparametric Statistics},
	pages = {263-277},
	year = {2008},
	volume={20},
	author = {Moo Hu\^{s}kov\'a and Sooo Gooo Meintanis },
}


@Article{Tukey,
	author = {JW Tukey},
	title = {The higher criticism},
	journal = {Princeton University. Course Notes, Statistics},
	year = {1976},
	volume = {411},
}

@Article{CR,
	author = {A Carvajal-Rodr\'iguez and J de {U\~na-\'Alvarez} and E Rol\'an-\'Alvarez},
	title = {A new multitest correction ({SGoF}) that increases its statistical power when increasing the number of tests},
	journal = {BMC Bioinformatics},
	year = {2009},
	volume = {10},
	pages= {1--14},
	
}

@Article{BY,
	author = {Y Benjamini  and D Yekutieli },
	title = {The Control of the False Discovery Rate in multiple testing under dependence},
	journal = {Annals of Statistics},
	year = {2001},
	volume = {29},
	pages = {1165-1188},
}

@Article{DJ1,
	title = {Higher criticism for detecting sparse heterogeneous mixtures},
	journal = {Annals of Statistics},
	volume =  {32},
	pages = {962--994},
	year = {2004},
	author = {D Donoho and J Jin},
}

@Article{Liu,
	title = {A test for equality of two distributions via jackknife empirical likelihood and characteristic functions},
	journal = {Computational Statistics and Data Analysis},
	volume = {92},
	pages = {97-114},
	year = {2015},
	
	author = {Zoo Liu and Xooo Xia and Woo Zhou},
}

@Article{Wei,
	title = {Direction-Projection-Permutation for High-Dimensional Hypothesis Tests},
	journal = {Journal of Computational and Graphical Statistics},
	volume = {25},
	pages = {549-569},
	year = {2016},
	
	author = {Soo Wei and Coo Lee and Looo Wichers and Joo Soo Marron},
}
 
@Article{BiswasG,
	title = {A nonparametric two-sample test applicable to high dimensional data},
	journal = {Journal of Multivariate Analysis},
	volume = {123},
	pages = {160-171},
	year = {2014},
	
	author = {Moo Biswas and Aoo Koo Gosh},
}


@Article{Biswaset,
	title = {A distribution-free two-sample run tests applicable to high-dimensional data},
	journal = {Biometrika},
	volume = {101},
	pages = {913-926},
	year = {2014},
	
	author = {Moo Biswas and Moo Mukhopadhyay and Aooo Kooo Ghosh},
}

@Article{sebas,
	title = {New FDR bounds for discrete and heterogeneous tests},
	journal = {Electronic Journal of Statistics},
	volume = {12},
	pages = {1867-1900},
	year = {2018},
	
	author = {Soo D\"ohler and Gooo Durand and Eoo Roquain},
}



@Article{Mondal,
	title = {On high dimensional two-sample tests based on nearest neighbors},
	journal = {Journal of Multivariate Analysis},
	volume = {141},
	pages = {168-178},
	year = {2015},
	
	author = {Poo Kooo Mondal and Mooo Biswas and Aoo Kooo Ghosh},
}







@Article{Hu2017,
	title = {On testing equality of high
	dimensional mean vectors with unequal covariance matrices},
	journal = {Annals of
	the Institute of Statistical Mathematics },
	volume = {69},
	pages = {365-387},
	year = {2017},
	
	author = {Joo Hu and Zooo Bai and Cooo Wang and Wooo Wang},
}

@Article{Bai2009,
	title = {{Corrections to LRT on large-dimensional covariance matrix by RMT}},
	journal = {Annals of Statistics},
	volume = {37},
	pages = {3822-3840},
	year = {2009},
	
	author = {Zoo Bai and Doo Jiang and Jooo Yao and Sooo Zheng},
}

@Article{Jiang,
	title = {Likelihood ratio tests for
	covariance matrices of high-dimensional normal distributions},
	journal = {Journal
	of Statistical Planning and Inference},
	volume = {142},
	pages = {2241-2256},
	year = {2012},
	
	author = {Dooo Jiang and Tooo Jiang and Fooo Yang},
}





@Article{chenQ,
	title = {A two-sample test for high-dimensional data with applications to gene-set testing},
	journal = {Annals of Statistics},
	volume = {38},
	pages = {808--835},
	year = {2010},
	
	author = {Soo X Chen and Yooo L Qin},
}




@Article{Bai1996,
	title = {Effect of high dimension: By an example of a two sample problem},
	journal = { Statistica Sinica },
	volume = {6},
	pages = {311-329},
	year = {1996},
	author = { Z Bai and H Saranadasa  },
}



@Article{BL,
	title = {A step-down multiple hypotheses testing procedure that controls the false discovery rate under independence},
	journal = {Journal of Statistical
	Planning and Inference},
	volume = {82},
	pages = {163-170},
	year = {1999},
	author = {Y Benjamini and W Liu },
}



@TechReport{Marmer,
	author = {Voo Marmer},
	title = {{Lecture Notes on Econometric Theory II:
	Lecture 7}},
	institution = {{UBC Vancouver
	School of Economics}},
	year = {2016},
	number = {Econ627},
	url= {http://faculty.arts.ubc.ca/vmarmer/econ627/627_07_2.pdf}
	
}


@TechReport{PO94,
	author = {Doo Nooo Politis and Jooo Pooo Romano},
	title = {{Bias-corrected nonparametric spectral estimation II}},
	year = {1994},
	number = {$\#$94-5},
	institution = {Purdue University}
}



@article{Heller2012,
	author={Heller, Ruth and Gur, Hadas},
	title={False discovery rate controlling procedures for discrete tests},
	journal={arxiv:1112.4627v2},
	volume={},
	number={},
	pages={},
	year={2012},
}




@Article{He,
	author = {I Hedenfalk  and D Duggan and Y Chen and M Radmacher  and M Bittner and R Simon and P Meltzer and B Gusterson and M Esteller and OP Kallioniemi and B Wilfond and A Borg and J Trent and M Raffeld and Z Yakhini and A Ben-Dor and E Dougherty and J Kononen and L Bubendorf and W Fehrle  and S Pittaluga and G Gruvberger and N Loman and O Johannsson and H Olsson and G Sauter },
	title = {{Gene-Expression Profiles in Hereditary Breast Cancer}},
	journal = {New England Journal of Medicine},
	year = {2001},
	volume = {344},
	pages = {539-548},
}








@Article{S2,
	author = {JD Storey and R Tibshirani},
	title = {Statistical significance for genomewide
	studies},
	journal = {Proceedings of National Academy of Science},
	year = {2003},
	volume =  {100},
	pages = {9440--9445},
}

@Article{Hahn,
	author = {Moo Hahn},
	title = {Accurate inference and estimation in population genomics},
	journal = {{Molecular Biology and Evolution}},
	year = {2006},
	volume =  {23},
	pages = {911--918},
}


@Article{An,
	author = {H Ansari and RA Bradley},
	title = {Rank-sum tests for dispersions},
	journal = {Annals of Mathematical Statistics},
	year = {1960},
	volume =  {31},
	pages = {1174-1189},
}

@Article{Neu,
	author = {Moo Hooo Neumann and Eoo Paparoditis},
	title = {{ On bootstrapping $L_2$-type statistics in density testing}},
	journal = {Statistics $\&$ Probability Letters},
	year = {2000},
	volume =  {50},
	pages = {137-147},
}




@Book{Gi,
	author = {Joo D Gibbons  and  S Chakraborti},
	title = {{Nonparametric Statistical Inference. Third Edition.}},
	publisher = {Marcel Dekker, Inc, New York},
	year = {1992},
}




@Article{Sie,
	author = {S Siegel and Jooo W Tukey},
	title = {A non-parametric sum of ranks procedure for relative spread in unpaired samples},
	journal = {Journal of the American Statistical Association},
	year = {1960},
	volume =  {55},
	pages = {429-445},
}


@Article{S1,
	author = {J Storey},
	title = {A non-parametric sum of ranks procedure for relative spread in unpaired samples},
	journal = {Statistical Methodology Series B},
	year = {2002},
	volume =  {64},
	pages = {479-498},
}

@incollection{hey ,
	author = {Joo Foo Heyse},
	title = {A false discovery rate procedure for categorical data},
	editor = {Heping Zhang},
	booktitle = {Recent Advancements in Biostatistics},
	publisher = {World Scientific Publishing Company},
	address = {New Jersey},
	year = {2011},
	pages = {43--58}
}


@Article{Lia,
	author = {K Liang},
	title = {False Discovery Rate Estimation for Large-Scale Homogeneous
	Discrete $p$-Values},
	journal = {Biometrics},
	year = {2016},
	volume =  {72},
	pages = {639-648},
}

@Article{chen,
	author={X Chen and Rooo W Doerge  and  Joo F Heyse},
	title={{
	Multiple testing with discrete data: proportion of true null hypotheses and two adaptive FDR procedures}},
	journal={Biometrical Journal},
	volume={60},
	number={},
	pages={761–779},
	year={2017},
}


@Article{Kuns,
	author = {Hoo Roo K\"unsch},
	title = { The jackknife and the bootstrap for general stationary observations},
	journal = {Annals of Statistics},
	year = {1989},
	volume =  {17},
	pages = {1217-1241},
}	

@Article{ku,
	author = {E Kulinskaya and A Lewin},
	title = {On Fuzzy Familywise Error Rate and False Discovery Rate Procedures for Discrete Distributions},
	journal = {Biometrika},
	year = {2009},
	volume =  {96},
	pages = {201-211},
}


@Article{ha,
	author = {Joo D Habiger},
	title = {Multiple Test Functions and Adjusted $p$-Values for Test Statistics with Discrete Distributions},
	journal = {Journal of Statistical Planning and Inference},
	year = {2015},
	volume =  {167},
	pages = {1-13},
}

@Book{Van00,
	author = {Aoo Woo van der Vaart and Joo Aoo Wellner},
	title = { Weak Convergence and Empirical Processes. Second Edition.},
	publisher = {Springer-Verlag, New York},
	year = {2000},
}



@Article{hart,
	author = {D Zhan and J Hart},
	title = {Testing equality of a large number of densities},
	journal = {Biometrika},
	year = {2014},
	volume =  {101},
	pages = {449-464},
}

@Article{B_ua,
	author = {Aooo B\"ucher and Iooo Kojadinovic},
	title = {A dependent multiplier bootstrap for the sequential empirical copula process under strong mixing},
	journal = {Bernoulli},
	year = {2016},
	volume =  {22},
	pages = {927-968},
}

@Article{B_ub,
	author = {Aooo B\"ucher and Iooo Kojadinovic},
	title = {{Dependent multiplier bootstrap for non-degenerate $U$-statistics under mixing conditions with applications}},
	journal = {Journal of Statistical Planning and Inference},
	year = {2016},
	volume =  {170},
	pages = {83-105},
}


@Book{ander,
	author = {Too Woo Anderson},
	title = { The Statistical Analysis of Time Series},
	publisher = {John Wiley $\&$ Sons, Inc, New York},
	year = {1971},
}


@Article{Deh15,
	author = {Hoo	Dehling and Roo Fried and Ioo Garcia and Moo Wendler},
	title = {{\textit{Change-point Detection Under Dependence Based on Two-Sample U-Statistics}. In: Dawson D., R. Kulik, M. Ould Haye, B. Szyszkowicz, Y. Zhao (eds) Asymptotic Laws and Methods in Stochastics. Fields Institute Communications, vol 76. Springer, New York, NY}},
	year = {2015}
}


@Article{Deh10,
	author = {Hoo	Dehling  and Moo Wendler},
	title = {{  Central limit theorem and the bootstrap for $U$-statistics of strongly mixing data}},
	journal = { Journal of Multivariate Analysis},
	year = {2010},
	volume =  {101},
	pages = {126-137},
}

@Article{Kiefer,
	author = {Joo Kiefer},
	title = {{ $k$-sample analogues of the Kolmogorov-Smirnov and Cramér-von Mises test}},
	journal = { Annals of Mathematical Statistics},
	year = {1959},
	volume =  {30},
	pages = {420-447},
}

@Article{scholz,
	author = {Foo Woo Scholz and Moo Aoo Stephens},
	title = {{ $k$-sample Anderson–Darling test}},
	journal = { Journal of the American Statistical Association},
	year = {1987},
	volume =  {82},
	pages = {919-924},
}






@PhdThesis{Buhl,
	author = {Poo B\"uhlmann},
	title = {The blockwise bootstrap in time series and empirical processes},
	school = {ETH Z\"urich},
	year = {1993},
	
}

@Manual{R1,
	title = {{Equalden.HD: Testing the Equality of a High Dimensional Set of Densities}},
	author = {Marta Cousido-Rocha and Jac de {U\~na-\'Alvarez} and Jef Hart},
	year = {2018},
	note = {R package version 1.0},
	url = {https://cran.r-project.org/web/packages/Equalden.HD/index.html},
}

@Manual{R2,
	title = {TwoSampleTest.HD: A Two-Sample Test for the Equality of Distributions for
	High-Dimensional Data},
	author = {Marta {Cousido Rocha} and Jacobo {de Uña Álvarez} and Jeffrey {D. Hart}},
	year = {2018},
	note = {R package version 1.0},
	url = {https://CRAN.R-project.org/package=TwoSampleTest.HD},
}

@Manual{R3,
	title = {DiscreteQvalue: Improved q-Values for Discrete Uniform and Homogeneous Tests},
	author = {Marta {Cousido Rocha} and Jacobo {de Uña Álvarez} and Sebastian Döhler},
	year = {2020},
	note = {R package version 1.1},
	url = {https://CRAN.R-project.org/package=DiscreteQvalue},
}


@Manual{Koja,
	title = {{npcp: Some Nonparametric Tests for Change-Point Detection in Possibly Multivariate Observations}},
	author = {Ioo Kojadinovic},
	year = {2015},
	note = {R package version 0.1-9},
	url = {https://cran.r-project.org/web/packages/npcp/index.html},
}


@Manual{kSamples,
	title = {{$K$-Sample Rank Tests and their Combinations
	}},
	author = {Fritz Scholz and Angie Zhu},
	year = {2018},
	note = {R package version 1.2-8},
	url = {https://cran.r-project.org/web/packages/kSamples/index.html},
}

@Manual{Deducer,
	title = {{A Data Analysis GUI for R
	}},
	author = {Ian Fellows},
	year = {2015},
	note = {R package version 0.7-9},
	url = {https://cran.r-project.org/web/packages/Deducer/index.html},
}

@incollection{le,
	author = {Hooo Levene},
	title = { Robust tests for equality of variances},
	editor = {Iooo Olkin},
	booktitle = {Contributions to Probability and Statistics},
	publisher = {Stanford University Press},
	address = {Palo Alto, Calif.},
	year = {1960},
	pages = {278--92}
}



