
@Manual{ipft-package,
  author = {Emilio Sansano},
  title = {{ipft: Indoor Positioning Fingerprinting Toolset}},
  url = {https://cran.r-project.org/web/packages/ipft/index.html},
  year = {2017},
}

@Book{Werner2005,
  editor = {Weber Werner and Jan Rabaey and Emile H. L. Aarts},
  title = {Ambient Intelligence},
  booktitle = {Ambient Intelligence},
  publisher = {Springer-Verlag},
  year = {2005},
  isbn = {978-3-540-27139-0},
  url = {https://doi.org/10.1007/b138670},
}

@InCollection{Aarts2009,
  title = {Ambient Intelligence},
  author = {Emile Aarts and Reiner Wichert},
  booktitle = {Technology Guide},
  pages = {244--249},
  year = {2009},
  publisher = {Springer-Verlag},
  url = {https://doi.org/10.1007/978-3-540-88546-7_47},
}

@InProceedings{Cramariuc2016,
  title = {Clustering Benefits in Mobile-Centric WiFi Positioning in Multi-Floor Buildings},
  author = {Andrei Cramariuc and Heikki Huttunen and Elena Simona Lohan},
  booktitle = {2016 International Conference on Localization and GNSS (ICL-GNSS)},
  pages = {1--6},
  year = {2016},
  organization = {IEEE},
  url = {https://doi.org/10.1109/icl-gnss.2016.7533846},
}

@Article{Klepeis2001,
  author = {Neil E. Klepeis and William C. Nelson and Wayne R. Ott and John P. Robinson and Andy M. Tsang and Paul Switzer and Joseph V. Behar and Stephen C. Hern and William H. Engelmann},
  title = {The National Human Activity Pattern Survey (NHAPS): a Resource for Assessing Exposure to Environmental Pollutants},
  journal = {Journal Of Exposure Analysis And Environmental Epidemiology},
  year = {2001},
  day = {24},
  publisher = {Nature Publishing Group SN -},
  volume = {11},
  pages = {231 EP  -},
  url = {https://doi.org/10.1038/sj.jea.7500165},
}

@Article{researchandmarkets2017,
  title = {Indoor Location Market by Component, Deployment Mode, Application, Vertical and Region - Global Forecast to 2022},
  author = {{Research} and {markets}},
  journal = {Research and markets},
  year = {2017},
  url = {https://www.researchandmarkets.com/reports/4416241/indoor-location-market-by-component-deployment},
}

@InProceedings{Lee2013,
  author = {Joo-yub Lee and Cheal-hwan Yoon and Hyunjae Park and Jungmin So},
  booktitle = {Proceedings of the 2nd International Conference on Software Technology (SoftTech'13)},
  pages = {89--92},
  title = {Analysis of Location Estimation Algorithms for Wifi Fingerprint-Based Indoor Localization},
  year = {2013},
}

@InProceedings{Li2006,
  author = {Binghao Li and James Salter and Ag Dempster and Chris Rizos},
  booktitle = {Proceedings of the 1st IEEE International Conference on Wireless Broadband and Ultra Wide-Band Communications (AusWireless'06)},
  pages = {13--16},
  title = {Indoor Positioning Techniques Based on Wireless LAN},
  year = {2006},
  url = {https://opus.lib.uts.edu.au/bitstream/2100/170/1/113_Li.pdf},
}

@InProceedings{broyden1969new,
  author = {CG Broyden},
  booktitle = {Notices of the American Mathematical Society},
  title = {A New Double-Rank Minimisation Algorithm. Preliminary Report},
  volume = {16},
  pages = {670},
  year = {1969},
  organization = {American Mathematical Society 201 Charles ST, Providence, RI 02940-2213},
}

@Article{fletcher1970new,
  author = {Roger Fletcher},
  title = {A New Approach to Variable Metric Algorithms},
  journal = {The computer journal},
  volume = {13},
  number = {3},
  pages = {317--322},
  year = {1970},
  publisher = {Oxford University Press},
}

@Article{goldfarb1970,
  author = {Donald Goldfarb},
  title = {A Family of Variable-Metric Methods Derived by Variational Means},
  journal = {Mathematics of Computation},
  number = {109},
  pages = {23-26},
  publisher = {American Mathematical Society},
  volume = {24},
  year = {1970},
  url = {https://doi.org/10.1090/s0025-5718-1970-0258249-6},
}

@InProceedings{quan2017,
  title = {Analysis and Machine-Learning Based Detection of Outlier Measurements of Ultra-Wideband in an Obstructed Environment},
  author = {Yiming Quan and Lawrence Lau and Faming Jing and Qian Nie and Alan Wen and Siu-Yeung Cho},
  booktitle = {2017 IEEE 15th International Conference on Industrial Informatics (INDIN)},
  pages = {997--1000},
  year = {2017},
  organization = {IEEE},
  url = {https://doi.org/10.1109/indin.2017.8104909},
}

@Article{Harbicht2017,
  author = {Andrew B. Harbicht and Theodore Castro-Santos and William R. Ardren and Dimitry Gorsky and Dylan J. Fraser},
  title = {Novel, Continuous Monitoring of Fine-Scale Movement Using Fixed-Position Radiotelemetry Arrays and Random Forest Location Fingerprinting},
  journal = {Methods in Ecology and Evolution},
  volume = {8},
  number = {7},
  pages = {850--859},
  year = {2017},
  url = {https://doi.org/10.1111/2041-210x.12745},
}

@InProceedings{Popleteev2011,
  title = {Indoor Localization Using Audio Features of FM Radio Signals},
  author = {Andrei Popleteev and Venet Osmani and Oscar Mayora and Aleksandar Matic},
  booktitle = {International and Interdisciplinary Conference on Modeling and Using Context},
  pages = {246--249},
  year = {2011},
  organization = {Springer},
  url = {https://doi.org/10.1007/978-3-642-24279-3_26},
}

@Article{shanno1970,
  author = {D. F. Shanno},
  title = {Conditioning of Quasi-Newton Methods for Function Minimization},
  journal = {Mathematics of Computation},
  number = {111},
  pages = {647-656},
  publisher = {American Mathematical Society},
  volume = {24},
  year = {1970},
  url = {https://doi.org/10.1090/s0025-5718-1970-0274029-x},
}

@Article{Xiao2016,
  author = {Jiang Xiao and Zimu Zhou and Youwen Yi and Lionel M. Ni},
  journal = {ACM Computing Surveys},
  number = {2},
  pages = {1--31},
  title = {{A Survey on Wireless Indoor Localization from the Device Perspective}},
  volume = {49},
  year = {2016},
  url = {https://doi.org/10.1145/2933232},
}

@InProceedings{Wang2013,
  author = {Yapeng Wang and Xu Yang and Yutian Zhao and Yue Liu and Laurie Cuthbert},
  booktitle = {Proceedings of the 10th IEEE Consumer Communications and Networking Conference, (CCNC'13)},
  pages = {837--842},
  title = {Bluetooth Positioning Using RSSI and Triangulation Methods},
  year = {2013},
  url = {https://doi.org/10.1109/ccnc.2013.6488558},
}

@InProceedings{Liu2011,
  author = {Yongbo Liu and Huaichang Du and Ye Xu},
  booktitle = {Proceedings of the 4th International Symposium on Computational Intelligence and Design (ISCID'11)},
  pages = {87--90},
  title = {The Research and Design of the Indoor Location System Based on RFID},
  year = {2011},
  url = {https://doi.org/10.1109/iscid.2011.123},
}

@InProceedings{Gigl2007,
  author = {Thomas Gigl and Gerard J. M. Janssen and Vedran Dizdarevic and Klaus Witrisal and Zoubir Irahhauten},
  booktitle = {Proceedings of the 4th Workshop on Positioning, Navigation and Communication (PNC'07)},
  pages = {97--101},
  title = {Analysis of a UWB Indoor Positioning System Based on Received Signal Strength},
  year = {2007},
  url = {https://doi.org/10.1109/wpnc.2007.353618},
}

@Article{Roos2002,
  author = {Teemu Roos and Petri Myllymäki and Henry Tirri and Pauli Misikangas and Juha Sievänen},
  journal = {International Journal of Wireless Information Networks},
  number = {3},
  pages = {155--164},
  title = {{A Probabilistic Approach to WLAN User Location Estimation}},
  volume = {9},
  year = {2002},
  url = {https://doi.org/10.1023/a:1016003126882},
}

@Book{seybold2005introduction,
  title = {Introduction to RF Propagation},
  author = {{Seybold, J.S.}},
  year = {2005},
  publisher = {John Wiley \& Sons},
}

@Misc{Cramariuc2016b,
  author = {A. Cramariuc and E. S. Lohan},
  year = {2016},
  title = {Open-Access WiFi Measurement Data and Python-Based Data Analysis},
  url = {http://www.cs.tut.fi/tlt/pos/meas.htm},
  institution = {Tampere University of Technology},
}

@Article{Liu2007,
  author = {Hui Liu and Houshang Darabi and Pat Banerjee and Jing Liu},
  journal = {IEEE Transactions on Systems, Man and Cybernetics Part C: Applications and Reviews},
  number = {6},
  pages = {1067--1080},
  title = {Survey of Wireless Indoor Positioning Techniques and Systems},
  volume = {37},
  year = {2007},
  url = {https://doi.org/10.1109/tsmcc.2007.905750},
}

@InProceedings{Torres-Sospedra2015,
  author = {Joaquin Torres-Sospedra and Raul Montoliu and Adolfo Martinez-Uso and Joan P. Avariento and Tomas J. Arnau and Mauri Benedito-Bordonau and Joaquin Huerta},
  booktitle = {Proceedings of the 5th International Conference on Indoor Positioning and Indoor Navigation (IPIN'14)},
  pages = {261--270},
  title = {{UJIIndoorLoc: A New Multi-Building and Multi-Floor Database for WLAN Fingerprint-Based Indoor Localization Problems}},
  year = {2015},
  url = {https://doi.org/10.1109/ipin.2014.7275492},
}

@Article{Torres-Sospedra2015ESWA,
  author = {Joaqu\'in Torres-Sospedra and Raúl Montoliu and Sergio Trilles and Óscar Belmonte and Joaqu\'in Huerta},
  journal = {Expert Systems with Applications},
  number = {23},
  pages = {9263--9278},
  title = {{Comprehensive Analysis of Distance and Similarity Measures for Wi-Fi Fingerprinting Indoor Positioning Systems}},
  volume = {42},
  year = {2015},
  url = {https://doi.org/10.1016/j.eswa.2015.08.013},
}

@Article{CoverTIT67,
  author = {T. Cover and P. Hart},
  title = {Nearest Neighbor Pattern Classification},
  journal = {IEEE Transactions on Information Theory},
  volume = {13},
  number = {1},
  year = {1967},
  pages = {21--27},
  url = {https://doi.org/10.1109/tit.1967.1053964},
}

@Article{Kim2013,
  author = {Yungeun Kim and Hyojeong Shin and Yohan Chon and Hojung Cha},
  journal = {Pervasive and Mobile Computing},
  title = {{Smartphone-Based Wi-Fi Tracking System Exploiting the RSS Peak to Overcome the RSS Variance Problem}},
  year = {2013},
  volume = {9},
  number = {3},
  url = {https://doi.org/10.1016/j.pmcj.2012.12.003},
}

@InProceedings{Haeberlen,
  author = {Andreas Haeberlen and Eliot Flannery and Andrew M. Ladd and Algis Rudys and Dan S. Wallach and Lydia E. Kavraki},
  title = {Practical Robust Localization over Large-Scale 802.11 Wireless Networks},
  booktitle = {Proceedings of the 10th Annual International Conference on Mobile Computing and Networking (MobiCom'04)},
  pages = {70--84},
  year = {2004},
  url = {https://doi.org/10.1145/1023720.1023728},
}

@Article{Yang2014,
  author = {Chun Yang and Thao Nguyen and Erik Blasch},
  journal = {IEEE Aerospace and Electronic Systems Magazine},
  number = {4},
  pages = {34--46},
  title = {{Mobile Positioning via Fusion of Mixed Signals of Opportunity}},
  volume = {29},
  year = {2014},
  url = {https://doi.org/10.1109/maes.2013.130105},
}

@InProceedings{Cramariuc2016a,
  author = {Andrei Cramariuc and Heikki Huttunen and Elena Simona Lohan},
  booktitle = {Proceedings of the 6th International Conference on Localization and GNSS (ICL-GNSS'16)},
  pages = {1--6},
  title = {{Clustering Benefits in Mobile-Centric WiFi Positioning in Multi-Floor Buildings}},
  year = {2016},
  url = {https://doi.org/10.1109/icl-gnss.2016.7533846},
}

@InProceedings{Shrestha2013,
  author = {Shweta Shrestha and Jukka Talvitie and Elena Simona Lohan},
  booktitle = {Proceedings of the 13th International Conference on ITS Telecommunications (ITST'13)},
  pages = {122--126},
  title = {{On the Fingerprints Dynamics in WLAN Indoor Localization}},
  year = {2013},
  url = {https://doi.org/10.1109/itst.2013.6685532},
}

@InProceedings{Lohan2014,
  author = {Elena Simona Lohan and Karoliina Koski and Jukka Talvitie and Leena Ukkonen},
  booktitle = {Proceedings of the 4th International Conference on Localization and GNSS, (ICL-GNSS'14)},
  title = {{WLAN and RFID Propagation Channels for Hybrid Indoor Positioning}},
  year = {2014},
  url = {https://doi.org/10.1109/icl-gnss.2014.6934184},
}

@Article{Luo2014,
  author = {Jiayou Luo and Xingqun Zhan},
  journal = {Journal of Networks},
  number = {3},
  pages = {739--746},
  title = {{Characterization of Smart Phone Received Signal Strength Indication for WLAN Indoor Positioning Accuracy Improvement}},
  volume = {9},
  year = {2014},
  url = {https://doi.org/10.4304/jnw.9.3.739-746},
}

@Article{He2016,
  author = {Suining He and S. H Gary Chan},
  journal = {IEEE Communications Surveys \& Tutorials},
  number = {1},
  pages = {466--490},
  title = {{Wi-Fi Fingerprint-Based Indoor Positioning: Recent Advances and Comparisons}},
  volume = {18},
  year = {2016},
  url = {https://doi.org/10.1109/comst.2015.2464084},
}

@InProceedings{Ali2010,
  author = {Abdul Halim Ali and Mohd Raziff Abd Razak and Muzaiyanah Hidayab and Syuwari Ashraf Azman and Mohd Zaim Mohd Jasmin and Mohd Azmir Zainol},
  booktitle = {Proceedings of the Symposium on Industrial Electronics and Applications, (ISIEA'10)},
  pages = {117--119},
  title = {{Investigation of Indoor WIFI Radio Signal Propagation}},
  year = {2010},
  url = {https://doi.org/10.1109/isiea.2010.5679486},
}

@Article{Frey2007,
  author = {Brendan J Frey and Delbert Dueck},
  journal = {Science},
  number = {5814},
  pages = {972--976},
  title = {{Clustering by Passing Messages between Data Points.}},
  volume = {315},
  year = {2007},
  url = {https://doi.org/10.1126/science.1136800},
}

@Manual{ggplot2-package,
  title = {Ggplot2: Create Elegant Data Visualisations Using the Grammar of Graphics},
  author = {Hadley Wickham and Winston Chang},
  year = {2016},
  note = {R package version 2.2.1},
  url = {https://CRAN.R-project.org/package=ggplot2},
}

@Article{Wickham2011,
  author = {Hadley Wickham},
  journal = {Wiley Interdisciplinary Reviews: Computational Statistics},
  number = {2},
  pages = {180--185},
  title = {ggplot2},
  volume = {3},
  year = {2011},
  url = {https://doi.org/10.1002/wics.147},
}

@Inbook{LeCun1998,
	author = "LeCun, Yann and Bottou, Leon and Orr, Genevieve B. and M{\"u}ller, Klaus -Robert",
	title = "Efficient BackProp",
	booktitle = "Neural Networks: Tricks of the Trade",
	year = "1998",
	publisher = "Springer Berlin Heidelberg",
	pages = {9--50},
	isbn = "978-3-540-49430-0",
	doi = "https://doi.org/10.1007/3-540-49430-8_2"
}