@book{nash:14,
  author =	 {Nash, John C.},
  year =	 2014,
  title =	 {Nonlinear Parameter Optimization Using R Tools},
  publisher =	 {John Wiley \& Sons},
  address =	 {New York}
}

@book{efron1994introduction,
  title =	 {An Introduction to the Bootstrap},
  author =	 {Efron, Bradley and Tibshirani, Robert J},
  year =	 1994,
  publisher =	 {CRC Press}
}

@article{Fischer:2014cy,
  author =	 {Fischer, Jason and Whitney, David},
  title =	 {{Serial dependence in visual perception.}},
  journal =	 {Nature Neuroscience},
  year =	 2014,
  volume =	 17,
  number =	 5,
  pages =	 {738--743},
  month =	 may
}

@article{Frund:2011gd,
  author =	 {Fr{\"u}nd, Ingo and Haenel, N Valentin and Wichmann,
                  Felix A},
  title =	 {{Inference for psychometric functions in the
                  presence of nonstationary behavior}},
  journal =	 {Journal of Vision},
  year =	 2011,
  volume =	 11,
  number =	 6
}

@book{Gescheider:1997wd,
  author =	 {Gescheider, George A},
  title =	 {{Psychophysics}},
  publisher =	 {Psychology Press},
  year =	 1997,
  series =	 {The Fundamentals},
  month =	 jun
}

@article{Gold:2007fo,
  author =	 {Gold, Joshua I and Shadlen, Michael N},
  title =	 {{The neural basis of decision making}},
  journal =	 {Annual Review of Neuroscience},
  year =	 2007,
  volume =	 30,
  pages =	 {535--574}
}

@article{Gold:2013dg,
  author =	 {Gold, Joshua I and Ding, Long},
  title =	 {{How mechanisms of perceptual decision-making affect
                  the psychometric function}},
  journal =	 {Progress in Neurobiology},
  year =	 2013,
  volume =	 103,
  pages =	 {98--114},
  month =	 apr
}

@book{Green:1966aa,
  author =	 {Green, David Marvin and Swets, John A},
  title =	 {{Signal Detection Theory and Psychophysics}},
  publisher =	 {Wiley},
  year =	 1966
}

@article{Hecht:1942vg,
  author =	 {Hecht, S and Shlaer, S and Pirenne, M H},
  title =	 {{Energy, quanta, and vision}},
  journal =	 {Journal of General Physiology},
  year =	 1942,
  volume =	 25,
  number =	 6,
  pages =	 {819--840},
  month =	 jul
}

@book{Kingdom:2009wda,
  author =	 {Kingdom, Frederick A A and Prins, Nicolaas},
  title =	 {{Psychophysics}},
  publisher =	 {Academic Press},
  year =	 2009,
  series =	 {A Practical Introduction},
  month =	 sep
}

@article{Klein:2001tg,
  author =	 {Klein, S A},
  title =	 {Measuring, estimating, and understanding the
                  psychometric function: A commentary},
  journal =	 {Perception and Psychophysics},
  year =	 2001,
  volume =	 63,
  number =	 8,
  pages =	 {1421--1455},
  month =	 nov
}

@book{Knoblauch:2012kn,
  author =	 {Knoblauch, Kenneth and Maloney, Laurence T},
  title =	 {Modeling Psychophysical Data in R},
  publisher =	 {Springer},
  year =	 2012,
  address =	 {New York, NY},
  month =	 sep
}

@article{Kuss:2005dz,
  author =	 {Kuss, Malte and J{\"a}kel, Frank and Wichmann, Felix
                  A},
  title =	 {{Bayesian inference for psychometric functions}},
  journal =	 {Journal of Vision},
  year =	 2005,
  volume =	 5,
  number =	 5,
  pages =	 {478--492}
}

@article{LopezMoliner:2006bo,
  author =	 {L{\'o}pez-Moliner, Joan and Linares, Daniel},
  title =	 {{The flash-lag effect is reduced when the flash is
                  perceived as a sensory consequence of our action}},
  journal =	 {Vision Research},
  year =	 2006,
  volume =	 46,
  number =	 13,
  pages =	 {2122--2129},
  month =	 jun
}

@book{Lu:2013gw,
  author =	 {Lu, Zhong-Lin and Dosher, Barbara},
  title =	 {{Visual Psychophysics}},
  publisher =	 {MIT Press},
  year =	 2013,
  series =	 {From Laboratory to Theory},
  month =	 oct
}

@book{Macmillan:2004um,
  author =	 {Macmillan, Neil A and Creelman, C Douglas},
  title =	 {{Detection Theory}},
  publisher =	 {Psychology Press},
  year =	 2004,
  series =	 {A User's Guide},
  month =	 sep
}

@article{McKee:1985gna,
  author =	 {McKee, Suzanne P and Klein, Stanley A and Teller,
                  Davida Y},
  title =	 {{Statistical properties of forced-choice
                  psychometric functions: Implications of probit
                  analysis}},
  journal =	 {Perception and Psychophysics},
  year =	 1985,
  volume =	 37,
  number =	 4,
  pages =	 {286--298}
}

@article{Moscatelli:2012gx,
  author =	 {Moscatelli, Alessandro and Mezzetti, Maura and
                  Lacquaniti, Francesco},
  title =	 {Modeling psychophysical data at the
                  population-level: The generalized linear mixed
                  model},
  journal =	 {Journal of Vision},
  year =	 2012,
  volume =	 12,
  number =	 11
}

@article{ORegan:1989vh,
  author =	 {O'Regan, J K and Humbert, R},
  title =	 {{Estimating psychometric functions in forced-choice
                  situations: Significant biases found in threshold
                  and slope estimations when small samples are used}},
  journal =	 {Perception and Psychophysics},
  year =	 1989,
  volume =	 46,
  number =	 5,
  pages =	 {434--442},
  month =	 nov
}

@article{Prins:2012fw,
  author =	 {Prins, Nicolaas},
  title =	 {The psychometric function: The lapse rate revisited},
  journal =	 {Journal of Vision},
  year =	 2012,
  volume =	 12,
  number =	 6
}

@article{Quick:1974tx,
  author =	 {Quick, R F},
  title =	 {{A vector-magnitude model of contrast detection}},
  journal =	 {Kybernetik},
  year =	 1974,
  volume =	 16,
  number =	 2,
  pages =	 {65--67}
}

@article{Summerfield:2015bz,
  author =	 {Summerfield, Christopher and Tsetsos, Konstantinos},
  title =	 {{Do humans make good decisions?}},
  journal =	 {Trends in Cognitive Sciences},
  year =	 2015,
  volume =	 19,
  number =	 1,
  pages =	 {27--34},
  month =	 jan
}

@article{VanderBurg:2013da,
  author =	 {Van der Burg, Erik and Alais, David and Cass, John},
  title =	 {{Rapid recalibration to audiovisual asynchrony}},
  journal =	 {Journal of Neuroscience},
  year =	 2013,
  volume =	 33,
  number =	 37,
  pages =	 {14633--14637},
  month =	 sep
}

@book{Venables:2013jo,
  author =	 {Venables, W N and Ripley, B D},
  title =	 {Modern Applied Statistics with S},
  publisher =	 {Springer},
  year =	 2002,
  series =	 {Statistics and Computing},
  address =	 {New York, NY},
}

@book{Wasserman:2013dt,
  author =	 {Wasserman, Larry},
  title =	 {{All of Statistics}},
  publisher =	 {Springer},
  year =	 2013,
  series =	 {A Concise Course in Statistical Inference},
  address =	 {New York, NY},
  month =	 dec
}

@article{Watson:1979uc,
  author =	 {Watson, A B},
  title =	 {{Probability summation over time}},
  journal =	 {Vision Research},
  year =	 1979,
  volume =	 19,
  number =	 5,
  pages =	 {515--522}
}

@article{Watson:1997ti,
  author =	 {Watson, A B and Solomon, J A},
  title =	 {{Psychophysica: Mathematica notebooks for
                  psychophysical experiments}},
  journal =	 {Spatial Vision},
  year =	 1997,
  volume =	 10,
  number =	 4,
  pages =	 {447--466}
}

@article{Wichmann:2001ud,
  author =	 {Wichmann, F A and Hill, N J},
  title =	 {{The psychometric function: I. Fitting, sampling,
                  and goodness of fit}},
  journal =	 {Perception and Psychophysics},
  year =	 2001,
  volume =	 63,
  number =	 8,
  pages =	 {1293--1313},
  month =	 nov
}

@article{Wichmann:2001wa,
  author =	 {Wichmann, F A and Hill, N J},
  title =	 {{The psychometric function: II. Bootstrap-based
                  confidence intervals and sampling}},
  journal =	 {Perception and Psychophysics},
  year =	 2001,
  volume =	 63,
  number =	 8,
  pages =	 {1314--1329},
  month =	 nov
}

@book{Wickham:2014vka,
  author =	 {Wickham, Hadley},
  title =	 {{Advanced R}},
  publisher =	 {CRC Press},
  year =	 2014,
  month =	 sep
}

@article{Zychaluk:2009gg,
  author =	 {Zychaluk, Kamila and Foster, David H},
  title =	 {{Model-free estimation of the psychometric
                  function}},
  journal =	 {Attention, Perception {\&} Psychophysics},
  year =	 2009,
  volume =	 71,
  number =	 6,
  pages =	 {1414--1425},
  month =	 aug
}

@Manual{psyphy,
  title =	 {psyphy: Functions for Analyzing Psychophysical Data
                  in R},
  author =	 {Kenneth Knoblauch},
  year =	 2014,
  note =	 {R package version 0.1-9},
  url =		 {http://CRAN.R-project.org/package=psyphy},
}

@Manual{modelfree,
  title =	 {modelfree: Model-Free Estimation of a Psychometric
                  Function},
  author =	 {Ivan Marin-Franch and Kamila Zychaluk and David
                  H. Foster},
  year =	 2012,
  note =	 {R package version 1.1-1},
  url =		 {http://CRAN.R-project.org/package=modelfree},
}

@Manual{gridExtra,
  title =	 {gridExtra: Miscellaneous Functions for `grid'
                  Graphics},
  author =	 {Baptiste Auguie},
  year =	 2015,
  note =	 {R package version 2.0.0},
  url =		 {http://CRAN.R-project.org/package=gridExtra},
}

@Manual{dplyr,
  title =	 {dplyr: A Grammar of Data Manipulation},
  author =	 {Hadley Wickham and Romain Francois},
  year =	 2015,
  note =	 {R package version 0.4.3},
  url =		 {http://CRAN.R-project.org/package=dplyr},
}

@Book{ggplot2,
  author =	 {Hadley Wickham},
  title =	 {ggplot2: Elegant Graphics for Data Analysis},
  publisher =	 {Springer},
  address =	 {New York},
  year =	 2009,
  url =		 {http://had.co.nz/ggplot2/book},
}

@Manual{quickpsy,
  title =	 {quickpsy: Fits Psychometric Functions for Multiple
                  Groups},
  author =	 {Linares, Daniel and L{\' o}pez-Moliner, Joan},
  year =	 {2016},
  note =	 {R package version 0.1.3},
  url =		 {https://CRAN.R-project.org/package=quickpsy},
}
@book{watson:1979uc,
author = {A.~B. {Watson}},
title = {{Probability summation over time}},
publisher = {Vision Research 19 (5):},
pages = {515--522},
year = {1979}
}


