@article{SemiCov,
	Author = {Liu, H. and Lafferty, J. and Wasserman, L.},
	Journal = {J. Mach. Learn. Res.},
	Pages = {2295--2328},
	Title = {The Nonparanormal: Semiparametric Estimation of High Dimensional Undirected Graphs},
	Volume = {10},
	Year = {2009}

}
	
	
	
@article{wellner1997,
	Author = {Klaassen, C.A.J. and Wellner, J.A.},
	Journal = {Bernoulli},
	Pages = {55--77},
	Publisher = {Bernoulli Society for Mathematical Statistics and Probability},
	Title = {Efficient estimation in the bivariate normal copula model: normal margins are least favourable},
	Volume = {3},
	Year = {1997},
	URL = {https://doi.org/10.2307/3318652}
}


@INPROCEEDINGS{Zeng2015, 
	author={Rui Zeng and Jiasong Wu and L. Senhadji and Huazhong Shu}, 
	booktitle={2015 IEEE International Conference on Acoustics, Speech and Signal Processing (ICASSP)}, 
	title={Tensor object classification via multilinear discriminant analysis network}, 
	year={2015}, 
	pages={1971-1975}, 
	ISSN={1520-6149}, 
	month={April},
	URL = {https://doi.org/10.1109/icassp.2015.7178315}
}


@article{Xu2015,
	author={Xu, Peirong and Zhu, Ji and Zhu, Lixing and Li, Yi},
	title={Covariance-enhanced discriminant analysis},
	journal={Biometrica},
	volume={102},
	number={1},
	pages={33-45},
	year={2015},
	publisher={Biometrica Trust},
	URL={https://doi.org/10.1093/biomet/asu049}
}

	
	
@article {witten,
	author = {Witten, Daniela M. and Tibshirani, Robert},
	title = {Penalized classification using Fisher's linear discriminant},
	journal = {Journal of the Royal Statistical Society: Series B (Statistical Methodology)},
	volume = {73},
	number = {5},
	year = {2011},
	pages = {753-772},
	URL={https://doi.org/10.1111/j.1467-9868.2011.00783.x}
}


@article{HNW14,
	Author = {Hoff, P. D. and Niu, X. and Wellner, J. A.},
	Journal = {Bernoulli},
	Pages = {604--622},
	Title = {Information bounds for {G}aussian copulas},
	Volume = {20},
	Year = {2014},
	URL={https://doi.org/10.3150/12-bej499}
}


@article{lim2000comparison,
  title={A comparison of prediction accuracy, complexity, and training time of thirty-three old and new classification algorithms},
  author={Lim, Tjen-Sien and Loh, Wei-Yin and Shih, Yu-Shan},
  journal={Machine learning},
  volume={40},
  number={3},
  pages={203--228},
  year={2000},
  publisher={Springer}
}

@article{hastie1994flexible,
  title={Flexible discriminant analysis by optimal scoring},
  author={Hastie, Trevor and Tibshirani, Robert and Buja, Andreas},
  journal={Journal of the American statistical association},
  volume={89},
  number={428},
  pages={1255--1270},
  year={1994},
  publisher={Taylor \& Francis},
  URL={https://doi.org/10.1080/01621459.1994.10476866}
}


@article{dettling2004bagboosting,
	title={BagBoosting for tumor classification with gene expression data},
	author={Dettling, Marcel},
	journal={Bioinformatics},
	volume={20},
	number={18},
	pages={3583--3593},
	year={2004},
	publisher={Oxford University Press},
	URL={https://doi.org/10.1093/bioinformatics/bth447}
}



@article{wu2009sparse,
  title={Sparse linear discriminant analysis for simultaneous testing for the significance of a gene set/pathway and gene selection},
  author={Wu, Michael C and Zhang, Lingsong and Wang, Zhaoxi and Christiani, David C and Lin, Xihong},
  journal={Bioinformatics},
  volume={25},
  number={9},
  pages={1145--1151},
  year={2009},
  publisher={Oxford University Press},
  URL={https://doi.org/10.1093/bioinformatics/btp019}
}




@article{chi2012tensors,
	title={On tensors, sparsity, and nonnegative factorizations},
	author={Chi, Eric C and Kolda, Tamara G},
	journal={SIAM Journal on Matrix Analysis and Applications},
	volume={33},
	number={4},
	pages={1272--1299},
	year={2012},
	publisher={SIAM},
	URL={https://doi.org/10.1137/110859063}
}

@article{liu2017characterizing,
  title={Characterizing Spatiotemporal Transcriptome of Human Brain via Low Rank Tensor Decomposition},
  author={Liu, Tianqi and Yuan, Ming and Zhao, Hongyu},
  journal={arXiv preprint arXiv:1702.07449},
  year={2017}
}




@article{DSDA,
author={Mai, Q. and Zou, H. and Yuan, M.},
Year={2012},
Journal={Biometrika},
volume={99},
pages={29--42},
title={ A Direct Approach to Sparse Discriminant Analysis in Ultra-high Dimensions},
URL={https://doi.org/10.1093/biomet/asr066}
}

@article{MSDA,
	year = {2015},
month = {04},
Journal={Statistica Sinica},
title={Multiclass sparse discriminant analysis},
author={Mai, Q. and Yang, Y. and Zou, H.},
volume = {29},
URL={https://doi.org/10.5705/ss.202016.0117}
}





@article{KoldaBader09Tensor,
  author =        {Kolda, Tamara G. and Bader, Brett W.},
  journal =       {SIAM Review},
  number =        {3},
  pages =         {455--500},
  title =         {Tensor decompositions and applications},
  volume =        {51},
  year =          {2009},
  issn =          {0036-1445},
  URL={https://doi.org/10.1137/07070111x}
}

@Manual{tensr,
	title = {tensr: Covariance Inference and Decompositions for Tensor Datasets},
	author = {David Gerard and Peter Hoff},
	year = {2016},
	note = {R package version 1.0.0},
	url = {https://CRAN.R-project.org/package=tensr},
}

@Manual{TULIP,
	title = {TULIP: A Toolbox for Linear Discriminant Analysis with Penalties},
	author = {Yuqing Pan and Qing Mai and Xin Zhang},
	year = {2021},
	note = {R package version 1.0.2},
	url = {https://CRAN.R-project.org/package=TULIP},
}
 
@Book{MASS,
	title = {Modern Applied Statistics with S},
	author = {W. N. Venables and B. D. Ripley},
	publisher = {Springer},
	edition = {Fourth},
	address = {New York},
	year = {2002},
	note = {ISBN 0-387-95457-0},
	url = {http://doi.org/10.1007/978-0-387-21706-2},
}

@ARTICLE{Tibshirani1996,
    author = {Robert Tibshirani},
    title = {Regression Shrinkage and Selection Via the Lasso},
    journal = {Journal of the Royal Statistical Society, Series B},
    year = {1996},
    volume = {58},
    pages = {267--288},
    URL={https://doi.org/10.1111/j.2517-6161.1996.tb02080.x}
}

@article{yuan2006model,
  title={Model selection and estimation in regression with grouped variables},
  author={Yuan, Ming and Lin, Yi},
  journal={Journal of the Royal Statistical Society: Series B (Statistical Methodology)},
  volume={68},
  number={1},
  pages={49--67},
  year={2006},
  publisher={Wiley Online Library},
  URL={https://doi.org/10.1111/j.1467-9868.2005.00532.x}
}


@Manual{Matrix,
	title = {Matrix: Sparse and Dense Matrix Classes and Methods},
	author = {Douglas Bates and Martin Maechler},
	year = {2016},
	note = {R package version 1.2-6},
	url = {https://CRAN.R-project.org/package=Matrix},
}


@article{ADHD,
	author = {Pierre Bellec and Carlton Chu and Fran√ßois Chouinard-Decorte and Yassine Benhajali and Daniel S. Margulies and R. Cameron Craddock},
	title = {The Neuro Bureau ADHD-200 Preprocessed repository},
	journal = {NeuroImage},
	volume = {144},
	pages = {275 - 286},
	year = {2017},
	URL={https://doi.org/10.1016/j.neuroimage.2016.06.034}
}


@article{bickel2008,
	author = "Bickel, Peter J. and Levina, Elizaveta",
	doi = "10.1214/08-AOS600",
	fjournal = "The Annals of Statistics",
	journal = "Ann. Statist.",
	month = "12",
	number = "6",
	pages = "2577--2604",
	publisher = "The Institute of Mathematical Statistics",
	title = "Covariance regularization by thresholding",
	url = "https://doi.org/10.1214/08-aos600",
	volume = "36",
	year = "2008"
}


@article{Burczynski2006,
	author = {Burczynski, Michael and Peterson, Ron and Twine, Natalie and A Zuberek, Krystyna and J Brodeur, Brendan and Casciotti, Lori and Maganti, Vasu and S Reddy, Padma and Strahs, Andrew and Immermann, Fred and Spinelli, Walter and Schwertschlag, Ulrich and M Slager, Anna and M Cotreau, Monette and J Dorner, Andrew},
	year = {2006},
	month = {03},
	pages = {51-61},
	title = {Molecular Classification of Crohn's Disease and Ulcerative Colitis Patients Using Transcriptional Profiles in Peripheral Blood Mononuclear Cells},
	volume = {8},
	journal = {The Journal of Molecular Diagnostics},
	URL={https://doi.org/10.2353/jmoldx.2006.050079}
}

@article{cai2011constrained,
	Author = {Cai, T. Tony and Liu, Weidong and Luo, Xi},
	Journal = {J. Amer. Statist. Assoc.},
	Number = {494},
	Pages = {594-607},
	Title = {A constrained $\ell_1$ minimization approach to sparse precision matrix estimation},
	Volume = {106},
	Year = {2011},
	URL={https://doi.org/10.1198/jasa.2011.tm10155}
}

@article{Clemmensen,
	author = {Clemmensen, Line and Hastie, Trevor and Witten, Daniela and Ersb{\o}ll, Bjarne},
	title = {Sparse Discriminant Analysis},
	journal = {Technometrics},
	volume = {53},
	number = {4},
	pages = {406-413},
	year = {2011},
	URL={ttps://doi.org/10.1198/TECH.2011.08118}
}

@article{fan2008high,
	title={High dimensional classification using features annealed independence rules},
	author={Fan, Jianqing and Fan, Yingying},
	journal={Annals of statistics},
	volume={36},
	number={6},
	pages={2605},
	year={2008},
	publisher={NIH Public Access},
	URL={https://doi.org/10.1214/07-aos504}
}


@article {ROAD,
	author = {Fan, Jianqing and Feng, Yang and Tong, Xin},
	title = {A road to classification in high dimensional space: the regularized optimal affine discriminant},
	journal = {Journal of the Royal Statistical Society: Series B (Statistical Methodology)},
	volume = {74},
	number = {4},
	publisher = {Blackwell Publishing Ltd},
	pages = {745--771},
	year = {2012},
	URL={https://doi.org/10.1111/j.1467-9868.2012.01029.x}
}

@article{fan2015quadro,
	title={QUADRO: A supervised dimension reduction method via Rayleigh quotient optimization},
	author={Fan, Jianqing and Ke, Zheng Tracy and Liu, Han and Xia, Lucy},
	journal={Annals of statistics},
	volume={43},
	number={4},
	pages={1498},
	year={2015},
	publisher={NIH Public Access},
	URL={https://doi.org/10.1214/14-aos1307}
}




@article{glmnet,
	author = {Jerome Friedman and Trevor Hastie and Rob Tibshirani},
	title = {Regularization Paths for Generalized Linear Models via Coordinate Descent},
	journal = {Journal of Statistical Software, Articles},
	volume = {33},
	number = {1},
	year = {2010},
	pages = {1--22},
	URL={https://doi.org/10.18637/jss.v033.i01}
}


@article{hand2006classifier,
	title={Classifier technology and the illusion of progress},
	author={Hand, David J},
	journal={Statistical science},
	volume={21},
	number={1},
	pages={1--14},
	year={2006},
	publisher={Institute of Mathematical Statistics},
	URL={https://doi.org/10.1214/088342306000000024}
}

@article{jiang2015quda,
	title={QUDA: A Direct Approach for Sparse Quadratic Discriminant Analysis},
	author={Jiang, Binyan and Wang, Xiangyu and Leng, Chenlei},
	journal={arXiv preprint arXiv:1510.00084},
	year={2015}
}

@article{STDA, 
	author={Z. Lai and Y. Xu and J. Yang and J. Tang and D. Zhang}, 
	journal={IEEE Transactions on Image Processing}, 
	title={Sparse tensor discriminant analysis}, 
	year={2013}, 
	volume={22}, 
	number={10}, 
	pages={3904-3915}, 
	doi={10.1109/TIP.2013.2264678}, 
	ISSN={1057-7149}, 
	month={Oct},
	URL={https://doi.org/10.1109/TIP.2013.2264678}
}

@article{CMDA, 
	author={Q. Li and D. Schonfeld}, 
	journal={IEEE Transactions on Pattern Analysis and Machine Intelligence}, 
	title={Multilinear Discriminant Analysis for Higher-Order Tensor Data Classification}, 
	year={2014}, 
	volume={36}, 
	number={12}, 
	pages={2524-2537},  
	doi={10.1109/TPAMI.2014.2342214}, 
	ISSN={0162-8828}, 
	month={Dec},
	URL={https://doi.org/10.1109/tpami.2014.2342214}
}


@article{li2015sparse,
	title={Sparse quadratic discriminant analysis for high dimensional data},
	author={Li, Quefeng and Shao, Jun},
	journal={Statistica Sinica},
	pages={457--473},
	year={2015},
	publisher={JSTOR},
	URL={https://doi.org/10.5705/ss.2013.150}
}



@article{Mai2013note,
	title={A note on the connection and equivalence of three sparse linear discriminant analysis methods},
	author={Mai, Qing and Zou, Hui},
	journal={Technometrics},
	volume={55},
	number={2},
	pages={243--246},
	year={2013},
	publisher={Taylor \& Francis Group},
	URL={https://doi.org/10.1080/00401706.2012.746208}
}

@article{Mai2015ssda,
	title = "Sparse semiparametric discriminant analysis ",
	journal = "Journal of Multivariate Analysis ",
	volume = "135",
	number = "",
	pages = "175 - 188",
	year = "2015",
	note = "",
	issn = "0047-259X",
	url = " https://doi.org/10.1016/j.jmva.2014.12.009 ",
	author = "Qing Mai and Hui Zou"
}

@book{michie1994machine,
	title={Machine learning, neural and statistical classification},
	author={Michie, Donald and Spiegelhalter, David J and Taylor, Charles C},
	year={1994},
	publisher={Ellis Horwood},
	URL={https://doi.org/10.2307/1269742}
}

@book{FHT01,
	title={The elements of statistical learning},
	author={Friedman, J. and Hastie, T. and Tibshirani, R.},
	volume={1},
	year={2001},
	publisher={Springer series in statistics Springer, Berlin},
	URL={https://doi.org/10.1007/b94608}
}

@article{Lin2003,
	ISSN = {00063444},
	URL = {https://doi.org/10.1093/biomet/90.2.379},
	author = {Y. Lin and Y. Jeon},
	journal = {Biometrika},
	number = {2},
	pages = {379--392},
	publisher = {[Oxford University Press, Biometrika Trust]},
	title = {Discriminant Analysis through a Semiparametric Model},
	volume = {90},
	year = {2003}
}

@article{Niu2015,
	author = {Niu, Yue and Hao, Ning and Dong, Bin},
	year = {2015},
	month = {11},
	pages = {},
	title = {A New Reduced-Rank Linear Discriminant Analysis Method and Its Applications},
	volume = {28},
	journal = {Statistica Sinica},
	URL = {https://doi.org/10.5705/ss.202015.0387}
}


@article{catch,
	author = {Yuqing Pan and Qing Mai and Xin Zhang},
	title = {Covariate-Adjusted Tensor Classification in High Dimensions},
	journal = {Journal of the American Statistical Association},
	volume = {114},
	number = {527},
	pages = {1305-1319},
	year  = {2019},
	publisher = {Taylor & Francis},
	URL = {https://doi.org/10.1080/01621459.2018.1497500}
}

@article{LiandShao2015,
	title = "Sparse quadratic discriminant analysis for high dimensional data",
	author = "Quefeng Li and Jun Shao",
	year = "2015",
	month = "4",
	day = "1",
	language = "English (US)",
	volume = "25",
	pages = "457--473",
	journal = "Statistica Sinica",
	issn = "1017-0405",
	publisher = "Institute of Statistical Science",
	number = "2",
	url = "https://doi.org/10.5705/ss.2013.150"
}

@Manual{penalizedLDA,
	title = {penalizedLDA: Penalized Classification using Fisher's Linear Discriminant},
	author = {Daniela Witten},
	year = {2015},
	note = {R package version 1.1},
	url = {https://CRAN.R-project.org/package=penalizedLDA},
}

@Manual{sparseLDA,
	title = {sparseLDA: Sparse Discriminant Analysis},
	author = {Line Clemmensen and Max Kuhn},
	year = {2016},
	note = {R package version 0.1-9},
	url = {https://CRAN.R-project.org/package=sparseLDA},
}


@article{Shao2011,
	author = {Jun Shao and Yazhen Wang and Xinwei Deng and Sijian Wang},
	journal = {The Annals of Statistics},
	number = {2},
	pages = {1241-1265},
	publisher = {Institute of Mathematical Statistics},
	title = {Sparse Linear Discriminant Analysis by Thresholding for High Dimensional Data},
	volume = {39},
	year = {2011},
	URL={https://doi.org/10.1214/10-aos870}
}


@article{Trendafilov2007,
	volume = {51},
	number = {8},
	month = {May},
	author = {Nickolay T. Trendafilov and Ian T. Jolliffe},
	title = {DALASS: Variable selection in discriminant analysis via the LASSO},
	journal = {Computational Statistics and Data Analysis},
	pages = {3718--3736},
	year = {2007},
	URL={https://doi.org/10.1016/j.csda.2006.12.046}
}


@article{Sun2015,
	author = {Sun, Jiehuan and Zhao, Hongyu},
	year = {2015},
	month = {12},
	pages = {},
	title = {The application of sparse estimation of covariance matrix to quadratic discriminant analysis},
	volume = {16},
	journal = {BMC Bioinformatics},
	URL = {https://doi.org/10.1186/s12859-014-0443-6}
}


@article{Tibshirani2002,
	author = {Tibshirani, R and Hastie, Trevor and Narasimhan, B and Chu, Gilbert},
	year = {2002},
	month = {01},
	pages = {6567-6572},
	title = {Diagnosis of multiple cancer types by shrunken centroids of gene expression},
	volume = {99},
	journal = {Proceedings of National Academic Science (PNAS)},
	URL={https://doi.org/10.1073/pnas.082099299}
}

@article {Zhong2015,
	author = {Zhong, Wenxuan and Suslick, Kenneth S.},
	title = {Matrix discriminant analysis with application to colorimetric sensor array data},
	journal = {Technometrics},
	volume = {57},
	number = {4},
	pages = {524-534},
	year = {2015},
	publisher={Taylor \& Francis Group},
	URL={https://doi.org/10.1080/00401706.2014.965347}
}


@article{Zhou2013,
	title={Tensor regression with applications in neuroimaging data analysis},
	author={Zhou, Hua and Li, Lexin and Zhu, Hongtu},
	journal={Journal of the American Statistical Association},
	issn={0162-1459},
	volume = {108},
	number = {502},
	pages = {540-552},
	year = {2013},
	publisher={Taylor \& Francis},
	URL={https://doi.org/10.1080/01621459.2013.776499}
}










































































