@article{statmed,
  title={Modelling conditional reference regions. Application to
glycemic markers},
  author= {Lado-Baleato, O and Roca-Pardi{\~n}as and Cadarso-Su{\'a}rez, C and Gude, F},
  journal={Stat Med.},
  note = {Under Review},
  year={2021} 
}

@article{schaeffer2014making,
  title={Making covariance matrices positive definite},
  author={Schaeffer, Larry},
  journal={Center for Genetic Improvement of Livestock. http://animalbiosciences. uoguelph. ca/\~{} lrs/ELARES/PDforce. pdf (Accessed 1 September 2017)},
  year={2014}
}







@article{laa2020slice,
  title={A slice tour for finding hollowness in high-dimensional data},
  author={Laa, Ursula and Cook, Dianne and Valencia, German},
  journal={Journal of Computational and Graphical Statistics},
  volume={29},
  number={3},
  pages={681--687},
  year={2020},
  publisher={Taylor \& Francis}
}


 @Manual{parcord,
    title = {parcoords: 'Htmlwidget' for 'd3.js' Parallel Coordinates Chart},
    author = {Mike Bostock and Kai Chang and Xing Yun and Kenton Russell and Anobel Odisho},
    year = {2019},
    note = {R package version 1.0.0},
    url = {https://CRAN.R-project.org/package=parcoords},
  }



 @Manual{kdevine,
    title = {kdevine: Multivariate Kernel Density Estimation with Vine Copulas},
    author = {Thomas Nagler},
    year = {2021},
    note = {R package version 0.4.3},
    url = {https://CRAN.R-project.org/package=kdevine},
  }

@article{wickham2011tourr,
  title={tourr: An \uppercase{R} package for exploring multivariate data with projections},
  author={Wickham, Hadley and Cook, Dianne and Hofmann, Heike and Buja, Andreas},
  journal={Journal of Statistical Software},
  volume={40},
  pages={1--18},
  year={2011}
}







@article{nilforooshan2020mbend,
  title={mbend: an \uppercase{R} package for bending non-positive-definite symmetric matrices to positive-definite},
  author={Nilforooshan, Mohammad Ali},
  journal={BMC genetics},
  volume={21},
  number={1},
  pages={1--8},
  year={2020},
  publisher={Springer}
}

@article{american20192,
  title={Classification and Diagnosis of Diabetes: Standards of Medical Care in Diabetes-2019},
  author= {{American Diabetes Association}\hspace{-0.1cm}},
  journal={Diabetes Care.},
  volume={42},
  number={Suppl 1},
  pages={13-27},
  year={2019}
}

@article{aleyassine1980glycosylated,
  title={Glycosylated hemoglobin in diabetes mellitus: Correlations with fasting plasma glucose, serum lipids and glycosuria},
  author={Aleyassine, H and Gardiner, RJ and Tonks, DB and Koch, P},
  journal={Diabetes Care.},
  volume={3},
  number={4},
  pages={508-514},
  year={1980},
  publisher={Am Diabetes Assoc.}
}


@article{dong2015central,
  title={Central tolerance regions and reference regions for multivariate normal populations},
  author={Dong, Xiaoyu and Mathew, Thomas},
  journal={Journal of Multivariate Analysis},
  volume={134},
  pages={50--60},
  year={2015},
  publisher={Elsevier}
}


@article{espasandin2019assessing,
  title={Assessing the relationship between markers of glycemic control through flexible copula regression models},
  author={Espasand{\'\i}n-Dom{\'\i}nguez, J and Cadarso-Su{\'a}rez, C and Kneib, T and Marra, G and Klein, N and Radice, R and Lado-Baleato, O and Gonz{\'a}lez-Quintela, A and Gude, F},
  journal={Statistics in medicine},
  volume={38},
  number={27},
  pages={5161--5181},
  year={2019},
  publisher={Wiley Online Library}
}

@book{fuchs1998multivariate,
  title={Multivariate quality control: theory and applications},
  author={Fuchs, Camil and Kenett, Ron S},
  year={1998},
  publisher={CRC Press}
}


@article{gude2017glycemic,
  title={Glycemic variability and its association with demographics and lifestyles in a general adult population},
  author={Gude, Francisco and D{\'\i}az-Vidal, Pablo and R{\'u}a-P{\'e}rez, Cintia and Alonso-Sampedro, Manuela and Fern{\'a}ndez-Merino, Carmen and Rey-Garc{\'\i}a, Jes{\'u}s and Cadarso-Su{\'a}rez, Carmen and Pazos-Couselo, Marcos and Garc{\'\i}a-L{\'o}pez, Jos{\'e} Manuel and Gonzalez-Quintela, Arturo},
  journal={J Diabetes Sci Technol.},
  volume={11},
  number={4},
  pages={780-790},
  year={2017},
  publisher={SAGE Publications Sage CA: Los Angeles, CA}
}

@article{kim2018hemoglobin,
  title={Hemoglobin glycation index predicts cardiovascular disease in people with type 2 diabetes mellitus: A 10-year longitudinal cohort study},
  author={Kim, Mee Kyoung and Jeong, Jee Sun and Yun, Jae-Seung and Kwon, Hyuk-Sang and Baek, Ki Hyun and Song, Ki-Ho and Ahn, Yu-Bae and Ko, Seung-Hyun},
  journal={J Diabetes Complicat.},
  volume={32},
  number={10},
  pages={906-910},
  year={2018},
  publisher={Elsevier}
}


@article{hallworth201170,
  title={The '70\% claim': what is the evidence base?},
  author={Hallworth, Mike J},
  journal = {Ann Clin Biochem.},
  volume = {48},
  number = {6},
  pages = {487-488},
  year={2011},
  publisher={SAGE Publications Sage UK: London, England}
}



@article{winkel1972normal,
  title={The Normal Region---a Multivariate Problem},
  author={Winkel, P and Lyngbye, J},
  journal={Scandinavian journal of clinical and laboratory investigation},
  volume={30},
  number={3},
  pages={339--344},
  year={1972},
  publisher={Taylor \& Francis}
}

@article{boyd2004reference,
  title={Reference regions of two or more dimensions},
  author={Boyd, James C},
  journal={Clinical Chemistry and Laboratory Medicine (CCLM)},
  volume={42},
  number={7},
  pages={739--746},
  year={2004},
  publisher={De Gruyter}
}

@Manual{foreach,
    title = {foreach: Provides Foreach Looping Construct},
    author = {{Microsoft} and Steve Weston},
    year = {2020},
    note = {R package version 1.5.1},
    url = {https://CRAN.R-project.org/package=foreach},
  }

@Manual{doparallel,
    title = {doParallel: Foreach Parallel Adaptor for the 'parallel' Package},
    author = {Microsoft  and Steve Weston},
    year = {2020},
    note = {R package version 1.0.16},
    url = {https://CRAN.R-project.org/package=doParallel},
  }


@article{wright1999calculating,
  title={Calculating reference intervals for laboratory measurements},
  author={Wright, Eileen M and Royston, Patrick},
  journal={Stat Method Med Res.},
  volume={8},
  number={2},
  pages={93-112},
  year={1999},
  publisher={Sage Publications Sage CA: Thousand Oaks, CA}
}

@article{cole1992smoothing,
  title={Smoothing reference centile curves: the LMS method and penalized likelihood},
  author={Cole, Timothy J and Green, Pamela J},
  journal={Stat Med.},
  volume={11},
  number={10},
  pages={1305-1319},
  year={1992},
  publisher={Wiley Online Library}
}

@book{stasinopoulos2017flexible,
  title={Flexible regression and smoothing: using GAMLSS in R},
  author={Stasinopoulos, Mikis D and Rigby, Robert A and Heller, Gillian Z and Voudouris, Vlasios and De Bastiani, Fernanda},
  year={2017},
  publisher={CRC Press}
}


@article{stasinopoulos2007generalized,
  title={Generalized additive models for location scale and shape (GAMLSS) in R},
  author={Stasinopoulos, D Mikis and Rigby, Robert A and others},
  journal={Journal of Statistical Software},
  volume={23},
  number={7},
  pages={1--46},
  year={2007}
}


@article{winkler2019refcurv,
  title={RefCurv: A Software for the Construction of Pediatric Reference Curves},
  author={Winkler, Christian and Linden, Katharina and Mayr, Andreas and Schultz, Thomas and Welchowski, Thomas and Breuer, Johannes and Herberg, Ulrike},
  journal={arXiv preprint arXiv:1901.09775},
  year={2019}
}


@article{koenker1978regression,
  title={Regression quantiles},
  author={Koenker, Roger and Bassett Jr, Gilbert},
  journal={Econometrica.},
  volume={46},
  number={1},
  pages={33-50},
  year={1978},
  publisher={JSTOR}
}




@article{selmeryd2018derivation,
  title={Derivation and evaluation of age-specific multivariate reference regions to aid in identification of abnormal filling patterns: the HUNT and VaMIS studies},
  author={Selmeryd, Jonas and Henriksen, Egil and Dalen, H{\aa}vard and Hedberg, P{\"a}r},
  journal={JACC: Cardiovascular Imaging},
  volume={11},
  number={3},
  pages={400--408},
  year={2018},
  publisher={JACC: Cardiovascular Imaging}
}

@article{mattsson2008multidimensional,
  title={Multidimensional reference regions for IGF-I, IGFBP-2 and IGFBP-3 concentrations in serum of healthy adults},
  author={Mattsson, Anders and Svensson, Dag and Schuett, Burkhardt and Osterziel, Karl J and Ranke, Michael B},
  journal={Growth Hormone \& IGF Research},
  volume={18},
  number={6},
  pages={506--516},
  year={2008},
  publisher={Elsevier}
}


@article{hoermann2016derivation,
  title={Derivation of a multivariate reference range for pituitary thyrotropin and thyroid hormones: diagnostic efficiency compared with conventional single-reference method},
  author={Hoermann, Rudolf and Larisch, Rolf and Dietrich, Johannes W and Midgley, John EM},
  journal={European journal of endocrinology},
  volume={174},
  number={6},
  pages={735--743},
  year={2016},
  publisher={Bioscientifica Ltd}
}


@article{young2010tolerance,
  title={tolerance: An R Package for Estimating Tolerance Intervals},
  author={Young, Derek S},
  journal={Journal of Statistical Software},
  volume={36},
  number={i05},
  year={2010},
  publisher={Foundation for Open Access Statistics}
}


@Manual{hdrcde,
    title = {{hdrcde}: Highest Density Regions and Conditional Density Estimation},
    author = {Rob J Hyndman},
    year = {2018},
    note = {R package version 3.3},
    url = {http://pkg.robjhyndman.com/hdrcde},
  }

@Manual{r2d2,
    title = {r2d2: Bivariate (Two-Dimensional) Confidence Region and Frequency
Distribution},
    author = {Arni Magnusson and Julian Burgos},
    year = {2014},
    note = {R package version 1.0-0},
    url = {https://CRAN.R-project.org/package=r2d2},
  }

@Manual{distfree,
    title = {distfree.cr: Distribution-Free Confidence Region},
    author = {Zhiqiu Hu and Rong-cai Yang},
    year = {2018},
    note = {R package version 1.5.1},
    url = {https://CRAN.R-project.org/package=distfree.cr},
  }

@book{who_gamlss,
  title={Multicentre Growth Reference Study Group},
  author={WHO},
  year={2006},
  publisher={World Health Organization}
}

@article{roca2020nonparametric,
  title={Nonparametric location--scale model for the joint forecasting of $SO_2$ and $NO_x$ pollution episodes},
  author={Roca-Pardi{\~n}as, J and Ord{\'o}{\~n}ez, C and Lado-Baleato, O},
  journal={Stochastic Environmental Research and Risk Assessment},
  pages={1--14},
  year={2020},
  publisher={Springer}
}




 @Manual{siman,
    title = {modQR: Multiple-Output Directional Quantile Regression},
    author = {Miroslav Šiman and Pavel Boček},
    year = {2019},
    note = {R package version 0.1.2},
    url = {https://CRAN.R-project.org/package=modQR},
  }


@article{wei2008approach,
  title={An approach to multivariate covariate-dependent quantile contours with application to bivariate conditional growth charts},
  author={Wei, Ying},
  journal={J Am Stat Assoc.},
  volume={103},
  number={481},
  pages={397-409},
  year={2008},
  publisher={Taylor \& Francis}
}

@book{wood2017generalized,
  title={Generalized additive models: an introduction with R},
  author={Wood, Simon N},
  year={2017},
  publisher={CRC press}
}




@article{pani2008effect,
  title={Effect of aging on A1C levels in individuals without diabetes: evidence from the Framingham Offspring Study and the National Health and Nutrition Examination Survey 2001--2004},
  author={Pani, Lydie N and Korenda, Leslie and Meigs, James B and Driver, Cynthia and Chamany, Shadi and Fox, Caroline S and Sullivan, Lisa and D’Agostino, Ralph B and Nathan, David M},
  journal={Diabetes Care.},
  volume={31},
  number={10},
  pages={1991-1996},
  year={2008},
  publisher={Am Diabetes Assoc}
}

@article{davidson1979effect,
  title={The effect of aging on carbohydrate metabolism: a review of the English literature and a practical approach to the diagnosis of diabetes mellitus in the elderly},
  author={Davidson, Mayer B},
  journal={Metab Clin Exp.},
  volume={28},
  number={6},
  pages={688-705},
  year={1979},
  publisher={Elsevier}
}



