@Manual{R,
  title = {R: A Language and Environment for Statistical Computing},
  author = {{R Core Team}},
  organization = {R Foundation for Statistical Computing},
  address = {Vienna, Austria},
  year = {2016},
  note = {{ISBN} 3-900051-07-0},
  url = {https://www.R-project.org/},
}

@ARTICLE{abde01,
	author = {Andersen, Torben G. and Bollerslev, Tim and Diebold, Francis X. and
	Ebens, Heiko},
	title = {The distribution of realized stock return volatility},
	journal = {Journal of Financial Economics},
	year = {2001},
	volume = {61},
	doi = {10.1016/S0304-405X(01)00055-1},
	pages = {43-76}
}

@ARTICLE{abdl03,
	author = {Andersen, Torben G. and Bollerslev, Tim and Diebold, Francis X. and
	Labys, Paul},
	title = {{Modeling and Forecasting Realized Volatility}},
	journal = {Econometrica},
	year = {2003},
	volume = {71},
	pages = {579-625},
	doi = {10.1111/1468-0262.00418}
}

@article{anva:1998,
	Author = {Anderson, H. M. and Vahid, F.},
	Journal = {Journal of Econometrics},
	Pages = {1--36},
	Title = {{Testing multiple equation systems for common nonlinear components}},
	Volume = 84,
	Year = 1998
}

@article{aue2009,
	author = {Aue, Alexander and Hörmann, Siegfried and Horváth, Lajos and Reimherr, Matthew},
	doi = {10.1214/09-AOS707},
	fjournal = {Annals of Statistics},
	journal = {Annals of Statistics},
	month = {12},
	number = {6B},
	pages = {4046--4087},
	publisher = {The Institute of Mathematical Statistics},
	title = {Break detection in the covariance structure of multivariate time series models},
	volume = {37},
	year = {2009}
}

@article{augo:2012,
	Author = {Auerbach, A. J. and Gorodnichenko, Y.},
	Journal = {American Economic Journal: Economic Policy},
	Pages = {1--27},
	Title = {{Measuring the output responses to fiscal policy}},
	Volume = 4,
	Year = 2012
}


@ARTICLE{baipe03,
	author = {Bai, Jushan and Perron, Pierre},
	title = {{Computation and Analysis of Multiple Structural Change Models}},
	journal = {Journal of Applied Econometrics},
	year = {2003},
	volume = {18},
	pages = {1-22},
	doi = {10.1002/jae.659}
}

@ARTICLE{baipe98,
	author = {Bai, Jushan and Perron, Pierre},
	title = {{Estimating and Testing Linear Models With Multiple Structural Changes}},
	journal = {Econometrica},
	year = {1998},
	volume = {66},
	pages = {47-78},
	doi = {10.2307/2998540}
}

@MISC{bal16,
	author = {Balcilar, Mehmet},
	title = {{RSTAR: A Package for Smooth Transition Autoregressive (STAR) Modeling Using R}},
	year = {2016},
	note = {doi: 10.13140/RG.2.1.3031.7841}
}

@article{bawa71,
	Author = {Bacon, D.W. and Watts, D.G.},
	Journal = {Biometrika},
	Pages = {525--534},
	Title = {{Estimating the Transition between Two Intersecting Straight Lines}},
	Volume = 58,
	Year = 1971
}

@article{bara2020,
	author = {Barassi, Marco and Horv\'ath, Lajos  and Zhao, Yuqian},
	title = {{Change‐Point Detection in the Conditional Correlation Structure of Multivariate Volatility Models}},
	journal = {Journal of Business \& Economic Statistics},
	volume = {38},
	number = {2},
	pages = {340-349},
	year  = {2020},
	publisher = {Taylor & Francis},
	doi = {10.1080/07350015.2018.1505630}	
	}
	
}

@ARTICLE{bash02,
	author = {Barndorff-Nielsen, Ole E. and Shephard, Neil},
	title = {Econometric analysis of realised volatility and its use in estimating
	stochastic volatility models},
	journal = {Journal of the Royal Statistical Society},
	year = {2002},
	volume = {64},
	pages = {253-280},
	number = {2},
	url = {http://www.jstor.org/stable/3088799}
}


@TECHREPORT{beclo10,
	author = {Becker, Ralf and Clements, Adam and O'Neill, Robert},
	title = {A {Cholesky-MIDAS} model for predicting stock portfolio volatility},
	year = {2010},
	note = {Working paper, Centre for Growth and Business Cycle Research Discussion
	Paper Series},
	url = {http://www.ncer.edu.au/papers/documents/WPNo60.pdf}
}


  @Manual{MSBVAR,
	title = {MSBVAR: Markov-Switching, Bayesian, Vector Autoregression Models},
	author = {Brandt, Patrick},
	year = {2016},
	note = {R package version 0.9-3},
	url = {https://CRAN.R-project.org/package=MSBVAR},
}

@article{buc20jf,
	author = {Bucci, Andrea},
	title = {Cholesky-{ANN} models for predicting multivariate realized volatility},
	year = {2020},
	journal = {Journal of Forecasting},
	volume = {39},
	number = {6},
	pages = {865-876},
	doi =  {10.1002/for.2664}
}

@misc{buparo19,
	author = 	 {Bucci, Andrea and Palomba, Giulio and Rossi, Eduardo},
	title = 	 {Does macroeconomics help in predicting stock markets volatility comovements? A nonlinear approach},
	note = 	 {Working Paper 440, Universit\`a Politecnica delle Marche, Dipartimento di Scienze Economiche e Sociali},
	year = 	 {2019},
	url = {http://docs.dises.univpm.it/web/quaderni/pdf/440.pdf}
}


@Article{Caggiano2015,
	author={Caggiano, Giovanni
	and Castelnuovo, Efrem
	and Colombo, Valentina
	and Nodari, Gabriela},
	title={Estimating Fiscal Multipliers: News From A Non-linear World},
	journal={The Economic Journal},
	year={2015},
	publisher={John Wiley {\&} Sons, Ltd},
	volume={125},
	number={584},
	pages={746-776},
	doi = {10.1111/ecoj.12263}
}

@article{cama:2004,
	Author = {Camacho, M.},
	Journal = {Journal of Forecasting},
	Pages = {173--196},
	Title = {{Vector smooth transition regression models for US GDP and the composite index of leading indicators}},
	Volume = {23},
	Year = {2004},
	doi = {10.1002/for.912}
}

@Manual{datatable,
	title = {{data.table: Extension of `data.frame`}},
	author = {Dowle, Matt  and Srinivasan, Arun},
	year = {2019},
	note = {R package version 1.12.8},
	url = {https://CRAN.R-project.org/package=data.table},
}

@article{en02,
	author = {Engle, Robert F.},
	title = {Dynamic conditional correlation: a simple class of multivariate {GARCH}
	models},
	journal = {Journal of Business and Economic Statistics},
	year = {2002},
	volume = {20},
	pages = {339-350}
}

@Manual{fgarch,
	title = {{fGarch: Rmetrics - Autoregressive Conditional Heteroskedastic Modelling}},
	author = {Wuertz, Diethelm and Setz, Tobias and Chalabi, Yohan and Boudt, Chris and Chausse, Pierre and Miklovac, Michal},
	year = {2020},
	note = {R package version 3042.83.2},
	url = {https://CRAN.R-project.org/package=fGarch},
}


@Book{grate93,
	author={Granger, Clive W. J. and Ter\"{a}svirta, Timo},
	title={{Modelling Non-Linear Economic Relationships}},
	publisher={Oxford University Press},
	year={1993},
	isbn={ARRAY(0x42767eb0)},
	url={https://ideas.repec.org/b/oxp/obooks/9780198773207.html}
}

@ARTICLE{chivo11,
	author = {Halbleib-Chiriac, Roxana and Voev, Valeri},
	title = {{Modelling and Forecasting Multivariate Realized Volatility}},
	journal = {Journal of Applied Econometrics},
	year = {2011},
	volume = {26},
	pages = {922-947},
	doi = {10.1002/jae.1152}
}


@ARTICLE{dienaso1990,
	author = {Diebold, Francis and Nason, James},
	title = {{Nonparametric exchange rate prediction?}},
	journal = {Journal of International Economics},
	year = {1990},
	volume = {28},
	number = {3},
	pages = {315-332},
	doi = {10.1016/0022-1996(90)90006-8}
}

@Manual{highfrequency,
	title = {{highfrequency: Tools for Highfrequency Data Analysis}},
	author = {Boudt, Kris and Cornelissen, Jonathan and Payseur, Scott and Kleen, Onno},
	year = {2020},
	note = {R package version 0.6.5},
	url = {https://CRAN.R-project.org/package=highfrequency},
}


@MISC{hute13,
	author = {Hubrich, Kirstin and Ter\"{a}svirta, Timo},
	title = {{Thresholds and Smooth Transitions in Vector Autoregressive Models}},
	year = {2013},
	note = {CREATES Research Paper, Aarhus University. doi: 10.1108/S0731-9053(2013)0000031008}
}

@article{ihaka:1996,
  Author = {Ihaka, Ross and Gentleman, Robert},
	Journal = {Journal of Computational and Graphical Statistics},
	Number = 3,
	Pages = {299--314},
	Title = {R: A Language for Data Analysis and Graphics},
	Volume = 5,
	Year = 1996,
        url = {https://doi.org/10.1080/10618600.1996.10474713}
}

@MISC{kote11,
	author = {Kock, Anders B. and Ter\"{a}svirta, Timo},
	title = {Forecasting with nonlinear time series models},
	year = {2011},
	note = {CREATES Research Paper, Aarhus University. doi: 10.2139/ssrn.1531092}
}

@Manual{ks,
	title = {ks: Kernel Smoothing},
	author = {Duong, Tarn},
	year = {2020},
	note = {R package version 1.11.7},
	url = {https://CRAN.R-project.org/package=ks},
}

@Article{lubridate,
	title = {Dates and Times Made Easy with {lubridate}},
	author = {Grolemund, Garrett and Wickham, Hadley},
	journal = {Journal of Statistical Software},
	year = {2011},
	volume = {40},
	number = {3},
	pages = {1--25},
	url = {http://www.jstatsoft.org/v40/i03/},
}

@ARTICLE{lusate88,
	author = {Luukkonen, Ritva and Saikkonen, Pentti and Ter\"{a}svirta, Timo},
	title = {{Testing Linearity Against Smooth Transition Autoregressive Models}},
	journal = {Biometrika},
	year = {1988},
	volume = {75},
	pages = {491-499},
	doi = {10.2307/2336599}
}

@inbook{lute07,
	author = {Lundbergh, Stefan and Ter\"{a}svirta, Timo},
	publisher = {John Wiley \& Sons, Ltd},
	isbn = {9780470996430},
	title = {Forecasting with Smooth Transition Autoregressive Models},
	booktitle = {A Companion to Economic Forecasting},
	chapter = {21},
	pages = {485-509},
	doi = {10.1002/9780470996430.ch21},
	year = {2007},
	keywords = {transition autoregressive models, modeling cycle, estimation, conditional maximum likelihood, misspeci?cation tests},
	abstract = {Summary This chapter contains section titled: INTRODUCTION STAR MODEL FORECASTING WITH STAR MODELS EXAMPLES CONCLUSIONS}
}


@Book{mass,
	title = {Modern Applied Statistics with S},
	author = {Venables, W. N. and Ripley, B. D.},
	publisher = {Springer},
	edition = {Fourth},
	address = {New York},
	year = {2002},
	note = {ISBN 0-387-95457-0},
	url = {http://www.stats.ox.ac.uk/pub/MASS4},
}

@Manual{matrixcalc,
	title = {{matrixcalc: Collection of functions for matrix calculations}},
	author = {Novomestky, Frederick},
	year = {2012},
	note = {R package version 1.0-3},
	url = {https://CRAN.R-project.org/package=matrixcalc},
}

@Article{maxlik,
	title = {maxLik: A package for maximum likelihood estimation in {R}},
	author = {Henningsen, Arne and Toomet, Ott},
	journal = {Computational Statistics},
	year = {2011},
	volume = {26},
	number = {3},
	pages = {443-458},
	doi = {10.1007/s00180-010-0217-1},
	url = {http://dx.doi.org/10.1007/s00180-010-0217-1},
}

@Manual{nloptr,
	title = {{The NLopt nonlinear-optimization package}},
	author = {Johnson, Steven G.},
	year = {2020},
	note = {R package version 1.2.2},
	url = {https://CRAN.R-project.org/package=nloptr},
}

@article{qua58,
	Author = {Quandt, R. E.},
	Journal = {Journal of American Statistical Association},
	Pages = {873--880},
	Title = {The estimation of the parameters of a linear regression system obeying two separate regimes},
	Volume = {53},
	Year = {1958},
	doi = {10.2307/2281957}
}

@article{qua60,
	Author = {Quandt, R. E.},
	Journal = {Journal of American Statistical Association},
	Pages = {324--330},
	Title = {Tests of the hypothesis that a linear regressions system obeys two different regimes},
	Volume = {55},
	Year = {1960},
	doi = {10.2307/2281745}
}

@Manual{quantmod,
	title = {{quantmod: Quantitative Financial Modelling Framework}},
	author = {Ryan, Jeffrey A. and Ulrich, Joshua M.},
	year = {2020},
	note = {R package version 0.4.17},
	url = {https://CRAN.R-project.org/package=quantmod},
}

@Manual{Rcore,
	title = {R: A Language and Environment for Statistical Computing},
	author = {{R Core Team}},
	organization = {R Foundation for Statistical Computing},
	address = {Vienna, Austria},
	year = {2021},
	url = {https://www.R-project.org/},
}

@Manual{rlist,
	title = {{rlist: A Toolbox for Non-Tabular Data Manipulation}},
	author = {Ren, Kun},
	year = {2016},
	note = {R package version 0.4.6.1},
	url = {https://CRAN.R-project.org/package=rlist},
}

@article{rovafra01,
Author = {Rothman, P. and van Dijk, D. and Franses, P. H.},
Journal = {Macroeconomic Dynamics},
Pages = {506--532},
Title = {A multivariate STAR analysis of the relationship between money and output},
Volume = {5},
Year = {2001},
doi = { 10.1017/S1365100500000444}

}

@Manual{starvars20,
	title = {starvars: Vector Logistic Smooth Transition Models Estimation and
	Prediction},
	author = {Bucci, Andrea and Palomba, Giulio and Rossi, Eduardo},
	year = {2022},
	note = {R package version 1.1.10},
	url = {https://CRAN.R-project.org/package=starvars},
}


@article {stock1998,
	title = {{Testing for and Dating Common Breaks in Multivariate Time Series}},
	journal = {Review of Economic Studies},
	volume = {65},
	number = {3},
	year = {1998},
	pages = {395-432},
	author = {Bai, Jushan and Lumsdaine, Robin and Stock, James},
	doi = {10.1111/1467-937X.00051}
}


@article{tera94,
	Author = {Ter\"{a}svirta, Timo},
	Journal = {Journal of American Statistical Association},
	Pages = {208--218},
	Title = {{Specification, Estimation and Evaluation of Smooth Transition
	Autoregressive Models}},
	Volume = {89},
	Year = {1994},
	doi = {10.2307/2291217}
}

@misc{teraya14,
	Author = {Ter\"{a}svirta, Timo and Yang, Yukai},
	Title = {Specification, Estimation and Evaluation of Vector Smooth
	Transition Autoregressive Models with Applications},
	Year = {2014},
	howpublished = {CREATES Research Paper 2014-8},
	note = {doi: 10.1.1/698.2255}
}


@misc{teraya14b,
	Author = {Ter\"{a}svirta, Timo and Yang, Yukai},
	Title = {Linearity and Misspecification Tests for Vector Smooth
	Transition Regression Models},
	Year = 2014,
	howpublished = {CREATES Research Paper 2014-4},
	url = {https://pure.au.dk/ws/files/90929819/rp14_04.pdf}
}

@BOOK{tetjg10,
	title = {Modelling {N}onlinear {E}conomic {T}ime {S}eries},
	publisher = {Oxford University Press},
	year = {2010},
	author = {Ter\"{a}svirta, Timo and Tj{\o}stheim, Dag and Granger, Clive W.J.},
	doi = {10.1093/acprof:oso/9780199587148.001.0001}
}

@inbook{ton78,
	Author = {Tong, H.},
	Booktitle = {Pattern recognition and signal processing},
	Publisher = {Sijthoff \& Nordhoff},
	Address = {Netherlands},
	Pages = {575--586},
	Title = {{On a Threshold Model, Pattern Recognition and Signal Processing}},
	Year = {1978},
	url = {http://eprints.lse.ac.uk/id/eprint/19500}
}


@article{toli80,
	Author = {Ter\"{a}svirta, Timo and Lim, K. S.},
	Journal = {Journal of the Royal Statistical Society Series B},
	Pages = {245--292},
	Title = {Threshold autoregression, limit cycles and cyclical data},
	Volume = {42},
	Year = {1980},
	doi = {10.1111/j.2517-6161.1980.tb01126.x}
}



@article{tsa98,
	Author = {Tsay, R. S.},
	Journal = {Journal of American Statistical Association},
	Pages = {1188-1202},
	Title = {Testing and modeling multivariate threshold models},
	Volume = {93},
	Year = {1998},
	doi = {10.2307/2669861}
}

@Manual{tsdyn10,
title = {tsDyn: Nonlinear Time Series Models with Regime Switching},
author = {Di Narzo, Antonio Fabio and Aznarte, Jose Luis and Stigler, Matthieu and Tsung-wu, Ho},
year = {2020},
note = {R package version 10-1.2},
url = {https://CRAN.R-project.org/package=tsDyn},
}

@Article{vars,
	title = {VAR, SVAR and SVEC Models: Implementation Within {R} Package {vars}},
	author = {Pfaff, Bernhard},
	journal = {Journal of Statistical Software},
	year = {2008},
	volume = {27},
	number = {4},
	url = {http://www.jstatsoft.org/v27/i04/},
}

@Article{yen2009,
	Author={Yen, S. T.  and Chen, Z.  and Eastwood, D. B.},
	Title={{L}ifestyles, demographics, dietary behavior, and obesity: a switching regression analysis},
	Journal={Health Serv Res},
	Year={2009},
	Volume={44},
	Number={4},
	Pages={1345--1369}
}


@Article{wang2018,
	Author={Wang, Y.  and Yang, S.  and Liu, C.  and Li, S.},
	Title={{H}ow {W}ould {E}conomic {D}evelopment {I}nfluence {C}arbon {P}roductivity? {A} {C}ase from {H}ubei in {C}hina},
	Journal={Int J Environ Res Public Health},
	Year={2018},
	Volume={15},
	Number={8}
}


@Manual{xts,
	title = {{xts: eXtensible Time Series}},
	author = {Ryan, Jeffrey A. and Ulrich, Joshua M.},
	year = {2020},
	note = {R package version 0.12-0},
	url = {https://CRAN.R-project.org/package=xts},
}

@Article{zoo,
	title = {{zoo: S3 Infrastructure for Regular and Irregular Time Series}},
	author = {Zeileis, Achim and Grothendieck, Gabor},
	journal = {Journal of Statistical Software},
	year = {2005},
	volume = {14},
	number = {6},
	pages = {1--27},
	doi = {10.18637/jss.v014.i06},
}
