@Article{Rose:Spiegel:2010,
    author  = {Rose, A. K. and Spiegel, M. M.},
    title   = {Cross-country causes and consequences of the 2008 crisis: International linkages and {A}merican exposure},
    year    = {2010},
    journal  = {Pacific Economic Review},
    volume  = {15},
    pages   = {340-363}
}

@Article{Rose:Spiegel:2011,
    author  = {Rose, A. K. and Spiegel, M. M.},
    title   = {Cross-country causes and consequences of the crisis: An update},
    year    = {2011},
    journal  = {European Economic Review},
    volume  = {55},
    pages   = {309-324}
}

@Article{Rose:Spiegel:2012,
    author  = {Rose, A. K. and Spiegel, M. M.},
    title   = {Cross-country causes and consequences of the 2008 crisis: Early warning},
    year    = {2012},
    journal  = {Japan and the World Economy},
    volume  = {24},
    pages   = {1-16}
}

@unpublished{Ho:2014,
        author = {T.-K. Ho},
        title = {Looking for a Needle in a Haystack: Revisiting the Cross-Country Causes of the 2008{-}09 Crisis by {B}ayesian Model Averaging},
        year = {2014},
        note = {\textit{Economica}, forthcoming}

}



@Article{Chen:2011,
    author  = {Ray-Bing Chen and Chi-Hsiang Chu and Te-You Lai and Ying-Nian Wu},
    title   = {Stochastic Matching Pursuit for {B}ayesian Variable Selection},
    year    = {2011},
    journal = {Statistics and Computing},
    volume  = {21},
    pages   = {247-259}
}

@Article{Chen:2014,
    author  = {Ray-Bing Chen and Chi-Hsiang Chu and Shinsheng Yuan and Ying-Nian Wu},
    title   = {Bayesian Sparse Group Selection},
    year    = {2014},
    journal = {Sumitted to Journal of Computational and Graphical Statistics},
}

@Article{Geweke:1993,
    author  = {J. Geweke},
    title   = {{B}ayesian Treatment of the Independent {S}tudent-$t$ Linear Model},
    year    = {1993},
    journal  = {Journal of Applied Econometrics},
    volume  = {8},
    pages   = {S19-S40}
}


@Article{Barbieri:2004,
    author  = {M. Barbieri and J. O. Berger},
    title   = {Optimal Predictive Model Selection},
    year    = {2004},
    journal = {Annals of Statistics},
    volume  = {32},
    pages   = {870-897}
}





@inproceedings{Chatt:2012,
  author =       {S. Chatterjee and K. Steinhaeuser and A. Banerjee and S. Chatterjee and A. R. Ganguly},
  title =        {Sparse Group Lasso: Consistency and Climate Applications},
  booktitle =    {Proceedings of the 2012 SIAM International Conference on Data Mining},
  pages =        {47-58},
  year =         {2012}
}

@INCOLLECTION{Geweke:1996,
  author =       {J. Geweke},
  title =        {Variable selection and model comparison in regression},
  booktitle =    {Bayesian Statistics},
  publisher =    {Oxford University Press},
  year =         {1996},
  editor =       {J. M. Bernardo and J. O. Berger and A. P. Dawid and A. F. M. Smith},
  volume =       {5},
  pages =        {609-620},
  address =      {Oxford}
}


@Article{Simon:2013,
author = {Simon, Noah and Friedman, Jerome and Hastie, Trevor and Tibshirani, Robert},
title = {A Sparse-Group Lasso},
journal = {Journal of Computational and Graphical Statistics},
volume = {22},
number = {2},
pages = {231-245},
year = {2013},

}

@Article{George:McCulloch:1993,
    author  = {E. I. George and R. E. McCulloch},
    title   = {Variable selection via {G}ibbs sampling},
    year    = {1993},
    journal = {Journal of the American Statistical Association},
    volume  = {88},
    pages   = {881-889}
}
@book{Brooks:2011,
author = {S.~{Brooks, A.~Gelman, G.~L. Jones, and X.~Meng}},
title = {{Handbook of Markov Chain Monte Carlo}},
publisher = {Chapman & Hall/CRC Boca Raton},
year = {2011}
}
@book{Chipman:1997,
author = {H.~{Chipman, M.~Hamada, and C.~Wu}},
title = {{A Bayesian variable-selection approach for analyzing designed experiments with complex aliasing}},
publisher = {Technometrics 39:},
pages = {372--381},
year = {1997}
}
@book{Flegal:2008,
author = {J.~M. {Flegal, M.~Haran, and G.~L. Jones}},
title = {{Markov chain Monte Carlo: Can we trust the third significant figure?}},
publisher = {Statistical Science 23:},
pages = {250--260},
year = {2008}
}
@book{George:McCulloch:1997,
author = {E.~I. {George and R.~E. McCulloch}},
title = {{Approaches for Bayesian variable selection}},
publisher = {Statistica Sinica 7:},
pages = {339--373},
year = {1997}
}


