@inproceedings{joblin,
  title =	 {From Developer Networks to Verified Communities: A
                  Fine-Grained Approach},
  author =	 {Joblin, Mitchell and Mauerer, Wolfgang and Apel,
                  Sven and Siegmund, Janet and Riehle, Dirk},
  booktitle =	 {Proceedings of the International Conference on
                  Software Engineering},
  year =	 2015
}

@article{donath2004,
  title =	 {Public displays of connection},
  author =	 {Donath, Judith and Boyd, Danah},
  journal =	 {BT Technology Journal},
  volume =	 22,
  number =	 4,
  pages =	 {71--82},
  year =	 2004,
  publisher =	 {Springer}
}

@inproceedings{wilson2009,
  title =	 {User interactions in social networks and their
                  implications},
  author =	 {Wilson, Christo and Boe, Bryce and Sala, Alessandra
                  and Puttaswamy, Krishna PN and Zhao, Ben Y},
  booktitle =	 {Proceedings of the European Conference on Computer
                  Systems},
  pages =	 {205--218},
  year =	 2009,
  organization = {ACM}
}

@inproceedings{ahn2007,
  title =	 {Analysis of topological characteristics of huge
                  online social networking services},
  author =	 {Ahn, Yong-Yeol and Han, Seungyeop and Kwak, Haewoon
                  and Moon, Sue and Jeong, Hawoong},
  booktitle =	 {Proceedings of the International Conference on World
                  Wide Web},
  pages =	 {835--844},
  year =	 2007,
  organization = {ACM}
}

@inproceedings{mislove2007,
  title =	 {Measurement and analysis of online social networks},
  author =	 {Mislove, Alan and Marcon, Massimiliano and Gummadi,
                  Krishna P and Druschel, Peter and Bhattacharjee,
                  Bobby},
  booktitle =	 {Proceedings of the Conference on Internet
                  Measurement},
  pages =	 {29--42},
  year =	 2007,
  organization = {ACM}
}

@incollection{kumar2010,
  title =	 {Structure and evolution of online social networks},
  author =	 {Kumar, Ravi and Novak, Jasmine and Tomkins, Andrew},
  booktitle =	 {Link Mining: Models, Algorithms, and Applications},
  pages =	 {337--357},
  year =	 2010,
  publisher =	 {Springer}
}

@ARTICLE{Cataldo2010,
  author =	 {Cataldo, M and Herbsleb, J D},
  title =	 {Coordination breakdowns and their impact on
                  development productivity and software failures},
  journal =	 {IEEE Transactions on Software Engineering},
  year =	 2013,
  volume =	 39,
  pages =	 {343--360},
  number =	 3
}

@INPROCEEDINGS{Pinzger2008,
  author =	 {Pinzger, Martin and Nagappan, Nachiappan and Murphy,
                  Brendan},
  title =	 {Can developer-module networks predict failures?},
  booktitle =	 {Proceedings of the International Symposium on
                  Foundations of Software Engineering},
  year =	 2008,
  pages =	 {2--12},
  publisher =	 {ACM}
}

@INPROCEEDINGS{Nagappan2008,
  author =	 {Nagappan, Nachiappan and Murphy, Brendan and Basili,
                  Victor},
  title =	 {The influence of organizational structure on
                  software quality: An empirical case study},
  booktitle =	 {Proceedings of the International Conference on
                  Software Engineering},
  year =	 2008,
  pages =	 {521--530},
  publisher =	 {ACM}
}

@INPROCEEDINGS{Meneely2008,
  author =	 {Meneely, Andrew and Williams, Laurie and Snipes,
                  Will and Osborne, Jason},
  title =	 {Predicting failures with developer networks and
                  social network analysis},
  booktitle =	 {Proceedings of the Foundations of Software
                  Engineering},
  year =	 2008,
  pages =	 {13--23},
  publisher =	 {ACM}
}

@Article{igraph,
  title =	 {The igraph software package for complex network
                  research},
  author =	 {Gabor Csardi and Tamas Nepusz},
  journal =	 {InterJournal},
  volume =	 {Complex Systems},
  pages =	 1695,
  year =	 2006,
  url =		 {http://igraph.org}
}

@Manual{sna,
  title =	 {sna: Tools for Social Network Analysis},
  author =	 {Carter T. Butts},
  year =	 2014,
  note =	 {R package version 2.3-2},
  url =		 {http://CRAN.R-project.org/package=sna}
}

@Manual{graph,
  title =	 {graph: A package to handle graph data structures},
  author =	 {R. Gentleman and Elizabeth Whalen and W. Huber and
                  S. Falcon},
  note =	 {R package version 1.44.1}
}

@Manual{twitteR,
  title =	 {twitteR: R Based Twitter Client},
  author =	 {Jeff Gentry},
  year =	 2015,
  note =	 {R package version 1.1.9},
  url =		 {http://CRAN.R-project.org/package=twitteR}
}

@Manual{Rfacebook,
  title =	 {Rfacebook: Access to Facebook API via R},
  author =	 {Pablo Barbera and Michael Piccirilli},
  year =	 2015,
  note =	 {R package version 0.6},
  url =		 {http://CRAN.R-project.org/package=Rfacebook}
}

@Manual{shiny,
  title =	 {shiny: Web Application Framework for R},
  author =	 {Winston Chang and Joe Cheng and JJ Allaire and Yihui
                  Xie and Jonathan McPherson},
  year =	 2015,
  note =	 {R package version 0.12.2},
  url =		 {http://CRAN.R-project.org/package=shiny}
}
@book{igraph0,
author = {G.~{Csardi and T.~Nepusz}},
title = {{The igraph software package for complex network research}},
publisher = {InterJournal Complex Systems: 1695},
year = {2006},
url = {http://igraph.org}
}

