@phdthesis{BartoszukPhd2018,
    title    = {A Source Code Similarity Assessment System for Functional Programming Languages Based on Machine Learning and Data Aggregation Methods},
    school   = {Warsaw University of Technology},
    author   = {Bartoszuk, Maciej},
    year     = {2018},
    address = {Warsaw, Poland}
}

@inproceedings{10.5555/2342821.2342849,
    author = {Serebryany, Konstantin and Bruening, Derek and Potapenko, Alexander and Vyukov, Dmitry},
    title = {AddressSanitizer: {A} Fast Address Sanity Checker},
    year = {2012},
    publisher = {USENIX Association},
    address = {USA},
    booktitle = {Proc. USENIX Conference},
    pages = {28},
    location = {Boston, MA},
    series = {USENIX ATCâ€™12}
}

@book{testing,
    author = {Paul Ammann and Jeff Offutt},
    year = {2013},
    title = {Introduction to Software Testing},
    publisher = {Cambridge University Press}
}


@INPROCEEDINGS{6178887,
    author={S. Grant and J. R. Cordy and D. B. Skillicorn},
    booktitle={2012 16th European Conference on Software Maintenance and Reengineering},
    title={Using Topic Models to Support Software Maintenance},
    year={2012},
    pages={403--408},
    url = {https://doi.org/10.1109/CSMR.2012.51},
    ISSN={1534-5351},
}

@inproceedings{Lukins:2008:SCR:1447565.1448044,
 author = {Lukins, Stacy K. and Kraft, Nicholas A. and Etzkorn, Letha H.},
 title = {Source Code Retrieval for Bug Localization Using Latent {D}irichlet Allocation},
 booktitle = {Proceedings of the 2008 15th Working Conference on Reverse Engineering},
 series = {WCRE '08},
 year = {2008},
 isbn = {978-0-7695-3429-9},
 pages = {155--164},
 url = {https://doi.org/10.1109/WCRE.2008.33},
}

@inproceedings{Maskeri:2008:MBT:1342211.1342234,
 author = {Maskeri, Girish and Sarkar, Santonu and Heafield, Kenneth},
 title = {Mining Business Topics in Source Code Using Latent {D}irichlet Allocation},
 booktitle = {Proceedings of the 1st India Software Engineering Conference},
 series = {ISEC '08},
 year = {2008},
 isbn = {978-1-59593-917-3},
 location = {Hyderabad, India},
 pages = {113--120},
 url = {https://doi.org/10.1145/1342211.1342234}
}

@inproceedings{Linstead:2007:MCC:1321631.1321709,
 author = {Linstead, Erik and Rigor, Paul and Bajracharya, Sushil and Lopes, Cristina and Baldi, Pierre},
 title = {Mining Concepts from Code with Probabilistic Topic Models},
 booktitle = {Proceedings of the Twenty-second IEEE/ACM International Conference on Automated Software Engineering},
 series = {ASE '07},
 year = {2007},
 isbn = {978-1-59593-882-4},
 location = {Atlanta, Georgia, USA},
 pages = {461--464},
 url = {https://doi.org/10.1145/1321631.1321709}
}

@inproceedings{McBurney:2014:ITM:2597008.2597793,
 author = {McBurney, Paul W. and Liu, Cheng and McMillan, Collin and Weninger, Tim},
 title = {Improving Topic Model Source Code Summarization},
 booktitle = {Proc. 22nd International Conference on Program Comprehension},
 series = {ICPC 2014},
 year = {2014},
 isbn = {978-1-4503-2879-1},
 location = {Hyderabad, India},
 pages = {291--294},
 url = {https://doi.org/10.1145/2597008.2597793}
}

@INPROCEEDINGS{5069496,
author={K. Tian and M. Revelle and D. Poshyvanyk},
booktitle={2009 6th IEEE International Working Conference on Mining Software Repositories},
title={Using Latent {D}irichlet Allocation for automatic categorization of software},
year={2009},
pages={163--166},
url = {https://doi.org/10.1109/MSR.2009.5069496}
}





@book{AbelsonSussman,
    author = {Harold Abelson and Gerald Jay Sussman and Julie Sussman },
    year = {1996},
    publisher = {MIT Press},
    title = {Structure and Interpretation of Computer Programs}
}

@book{AdvancedR,
  author    = {Hadley Wickham},
  title     = {Advanced R},
  publisher = {Chapman \& Hall/CRC},
  year      = {2014}
}

@book{RDScience,
  author    = {H. Wickham and G. Grolemund},
  title     = {{R for Data Science}},
  publisher = {O'Reilly},
  year      = {2017}
}

@book{ProgrammingData,
  author    = {J.M. Chambers},
  title     = {Programming with Data},
  publisher = {Springer},
  year      = {1998}
}

@book{SPro,
  author    = {W.N. Venables and B.D. Ripley},
  title     = {S Programming},
  publisher = {Springer},
  year      = {2000}
}

@book{Chambers2008:SoftDA,
   author = {J.M. Chambers},
   title = {{Software for Data Analysis. Programming with~R}},
   publisher = {Springer-Verlag},
   year = {2008}
}

@article{RJ-2018-058,
   author = {Julia Silge and John C. Nash and Spencer Graves},
   title = {{Navigating the R Package Universe}},
   year = {2018},
   journal = {{The R Journal}},
   url = {https://doi.org/10.32614/RJ-2018-058},
   pages = {558--563},
   volume = {10},
   number = {2}
}

@article{Roy:2009:CEC:1530898.1531101,
 author = {Roy, Chanchal K. and Cordy, James R. and Koschke, Rainer},
 title = {Comparison and Evaluation of Code Clone Detection Techniques and Tools: A Qualitative Approach},
 journal = {Science of Computer Programming},
 volume = {74},
 number = {7},
 year = {2009},
 pages = {470--495},
 url = {https://doi.org/10.1016/j.scico.2009.02.007}
}


@article{Rattan20131165,
    title = "Software clone detection: A systematic review ",
    journal = "Information and Software Technology ",
    volume = "55",
    number = "7",
    pages = "1165--1199",
    year = "2013",
    note = "",
    url = "https://doi.org/10.1016/j.infsof.2013.01.008",
    author = "Dhavleesh Rattan and Rajesh Bhatia and Maninder Singh"
}

@inproceedings{Ali_overviewand,
    author = {Asim Tahir Ali and Hussam M. Abdulla and Vaclav Snasel},
    title = {Overview and Comparison of Plagiarism Detection Tools},
    year = {2011},
    pages = {161--172},
    series = {Dateso '11},
    booktitle = {Proceedings of the Dateso 2011: Annual International Workshop on Databases, Texts, Specifications and Objects}
}

@inproceedings{Hage:2011:PDJ:2043594.2043597,
 author = {Hage, Jurriaan and Rademaker, Peter and van Vugt, Nik\`{e}},
 title = {{Plagiarism Detection for Java: A Tool Comparison}},
 booktitle = {Computer Science Education Research Conference},
 series = {CSERC '11},
 year = {2011},
 location = {Heerlen, Netherlands},
 pages = {33--46}
}

@book{Chambers1998:BlueBook,
   author = {R.A. Becker and J.M. Chambers and A.R. Wilks},
   title = {{The New S Language}},
   publisher = {Chapman \&{}~Hall},
   year = {1998}
}

@InProceedings{martins_et_al:OASIcs:2014:4566,
  author =	{V{\'i}tor T. Martins and Daniela Fonte and Pedro Rangel Henriques and Daniela {da Cruz}},
  title =	{{Plagiarism Detection: A Tool Survey and Comparison}},
  booktitle =	{3rd Symposium on Languages, Applications and Technologies},
  pages =	{143--158},
  series =	{OpenAccess Series in Informatics (OASIcs)},
  year =	{2014},
  editor =	{Maria Jo{\~a}o Varanda Pereira and others},
  publisher =	{Schloss Dagstuhl--Leibniz-Zentrum fuer Informatik},
  address =	{Dagstuhl, Germany},
  doi =		{10.4230/OASIcs.SLATE.2014.143},
}

@inproceedings{Johnson:1993:IRS:962289.962305,
 author = {Johnson, J. Howard},
 title = {Identifying Redundancy in Source Code Using Fingerprints},
 booktitle = {Proceedings of the 1993 Conference of the Centre for Advanced Studies on Collaborative Research: Software Engineering -- Volume 1},
 series = {CASCON '93},
 year = {1993},
 location = {Toronto, Ontario, Canada},
 pages = {171--183}
}


@INPROCEEDINGS{Manber94findingsimilar,
    author = {Udi Manber},
    title = {Finding Similar Files in a Large File System},
    booktitle = {USENIX Winter 1994 Technical Conference},
    year = {1994},
    pages = {1--10},
    publisher = {}
}


@phdthesis{EffectiveCloneDetection,
  author       = {M. Rieger},
  title        = {Effective clone detection without language barriers},
  school       = {University of Bern},
  year         = 2005,
  address      = {Switzerland},
}

@inproceedings{Marcus:2001:IHC:872023.872542,
    author = {Marcus, Andrian and Maletic, Jonathan I.},
    title = {Identification of High-Level Concept Clones in Source Code},
    booktitle = {Proceedings of the 16th IEEE International Conference on Automated Software Engineering},
    series = {ASE '01},
    year = {2001},
    pages = {107--114}
}

@ARTICLE{1019480,
    author={T. Kamiya and S. Kusumoto and K. Inoue},
    journal={IEEE Transactions on Software Engineering},
    title={{CCF}inder: {A} multilinguistic token-based code clone detection system for large scale source code},
    year={2002},
    volume={28},
    number={7},
    pages={654--670},
    url = {https://doi.org/10.1109/TSE.2002.1019480}
}


@INPROCEEDINGS{1183002,
    author={Y. Ueda and T. Kamiya and S. Kusumoto and K. Inoue},
    booktitle={Ninth Asia-Pacific Software Engineering Conference, 2002.},
    title={On detection of gapped code clones using gap locations},
    year={2002},
    pages={327--336},
    url = {https://doi.org/10.1109/APSEC.2002.1183002}
}


@ARTICLE{1610609,
    author={Z. Li and S. Lu and S. Myagmar and Y. Zhou},
    journal={IEEE Transactions on Software Engineering},
    title={{CP}-{M}iner: finding copy-paste and related bugs in large-scale software code},
    year={2006},
    volume={32},
    number={3},
    pages={176--192},
    url = {https://doi.org/10.1109/TSE.2006.28},
}


@article{Wise:1992:DSS:135250.134564,
 author = {Wise, M. J.},
 title = {Detection of Similarities in Student Programs: {YAP'ing} May Be Preferable to {Plague'ing}},
 journal = {ACM SIGCSE Bulletin},
 volume = {24},
 number = {1},
 year = {1992},
 pages = {268--271},
 url = {https://doi.org/10.1145/135250.134564}
}

@techreport{Prechelt:00,
  author = {Prechelt, L. and Malpohl, G. and Philippsen, M.},
  institution = {University of Karlsruhe, Department of Informatics},
  title = {{JPlag}: Finding plagiarisms among a set of programs},
  type = {Technical Report},
  year = 2000
}

@inproceedings{Hummel:2011:IMC:1985404.1985409,
 author = {Hummel, Benjamin and Juergens, Elmar and Steidl, Daniela},
 title = {Index-based Model Clone Detection},
 booktitle = {Proceedings of the 5th International Workshop on Software Clones},
 series = {IWSC '11},
 year = {2011},
 location = {Waikiki, Honolulu, HI, USA},
 pages = {21--27},
 url = {https://doi.org/10.1145/1985404.1985409}
}


@inproceedings{Schleimer:2003:WLA:872757.872770,
 author = {Schleimer, Saul and Wilkerson, Daniel S. and Aiken, Alex},
 title = {Winnowing: Local Algorithms for Document Fingerprinting},
 booktitle = {Proceedings of the 2003 ACM SIGMOD International Conference on Management of Data},
 series = {SIGMOD '03},
 year = {2003},
 location = {San Diego, California},
 pages = {76--85},
 url = {https://doi.org/10.1145/872757.872770}
}

@inproceedings{Baxter:1998:CDU:850947.853341,
    author = {Baxter, Ira D. and Yahin, Andrew and Moura, Leonardo and Sant'Anna, Marcelo and Bier, Lorraine},
    title = {Clone Detection Using Abstract Syntax Trees},
    booktitle = {Proceedings of the International Conference on Software Maintenance},
    series = {ICSM '98},
    year = {1998},
    pages = {368--378}
}

@inproceedings{Jiang:2007:DSA:1248820.1248843,
    author = {Jiang, Lingxiao and Misherghi, Ghassan and Su, Zhendong and Glondu, Stephane},
    title = {DECKARD: Scalable and Accurate Tree-Based Detection of Code Clones},
    booktitle = {Proceedings of the 29th International Conference on Software Engineering},
    series = {ICSE '07},
    year = {2007},
    pages = {96--105},
    url = {https://doi.org/10.1109/ICSE.2007.30}
}


@INPROCEEDINGS{565012,
    author={J. Mayrand and C. Leblanc and E. M. Merlo},
    booktitle={1996 Proceedings of International Conference on Software Maintenance},
    title={Experiment on the automatic detection of function clones in a software system using metrics},
    year={1996},
    pages={244--253},
    url = {https://doi.org/10.1109/ICSM.1996.565012},
}

@INPROCEEDINGS{777743,
    author={J. F. Patenaude and E. Merlo and M. Dagenais and B. Lague},
    booktitle={Proceedings Seventh International Workshop on Program Comprehension},
    title={{Extending software quality assessment techniques to Java systems}},
    year={1999},
    pages={49--56},
    url = {https://doi.org/10.1109/WPC.1999.777743}
}

@article{JoC,
    author = {Aritra Ghosh and Young Lee},
    title = {{An Empirical Study of a Hybrid Code Clone Detection Approach on Java Byte Code}},
    journal = {GSTF Journal on Computing},
    volume = {5},
    number = {2},
    pages={34--45},
    year = {2018}
}

@INPROCEEDINGS{8387232,
    author={H. {Nasirloo} and F. {Azimzadeh}},
    booktitle={Proc.~4th International Conference on Web Research (ICWR)},
    title={Semantic code clone detection using abstract memory states and program dependency graphs},
    year={2018},
    pages={19--27}
}

@TECHREPORT{Harrold93efficientconstruction,
    author = {Mary Jean Harrold and Brian Malloy and Gregg Rothermel},
    title = {Efficient Construction of {P}rogram {D}ependence {G}raphs},
    institution = {ACM International Symposium on Software Testing and Analysis},
    year = {1993}
}

@article{Ferrante:1987:PDG:24039.24041,
 author = {Ferrante, Jeanne and Ottenstein, Karl J. and Warren, Joe D.},
 title = {The Program Dependence Graph and Its Use in Optimization},
 journal = {ACM Transactions on Programming Languages and Systems},
 volume = {9},
 number = {3},
 year = {1987},
 pages = {319--349},
 url = {https://doi.org/10.1145/24039.24041}
}

@inproceedings{Liu:2006:GDS:1150402.1150522,
 author = {Liu, Chao and Chen, Chen and Han, Jiawei and Yu, Philip S.},
 title = {{GPLAG}: Detection of Software Plagiarism by Program Dependence Graph Analysis},
 booktitle = {Proceedings of the 12th ACM SIGKDD International Conference on Knowledge Discovery and Data Mining},
 series = {KDD '06},
 year = {2006},
 location = {Philadelphia, PA, USA},
 pages = {872--881},
 url = {https://doi.org/10.1145/1150402.1150522}
}

@article{Qu:2014:PMC:2564929.2564999,
 author = {Qu, Wei and Jia, Yuanyuan and Jiang, Michael},
 title = {Pattern Mining of Cloned Codes in Software Systems},
 journal = {Information Sciences},
 volume = {259},
 year = {2014},
 pages = {544--554},
 url = {https://doi.org/10.1016/j.ins.2010.04.022}
}

@inproceedings{Gabel:2008:SDS:1368088.1368132,
 author = {Gabel, Mark and Jiang, Lingxiao and Su, Zhendong},
 title = {Scalable Detection of Semantic Clones},
 booktitle = {Proceedings of the 30th International Conference on Software Engineering},
 series = {ICSE '08},
 year = {2008},
 location = {Leipzig, Germany},
 pages = {321--330},
 url = {https://doi.org/10.1145/1368088.1368132}
}

@inproceedings{Krinke:2001:ISC:832308.837142,
 author = {Krinke, Jens},
 title = {Identifying Similar Code with Program Dependence Graphs},
 booktitle = {Proceedings of the Eighth Working Conference on Reverse Engineering (WCRE'01)},
 series = {WCRE '01},
 year = {2001},
 pages = {301--307}
}

@article{Horwitz:1991:ECP:2697702.2697827,
 author = {Horwitz, Susan and Reps, Thomas},
 title = {Efficient Comparison of Program Slices},
 journal = {Acta Informatica},
 volume = {28},
 number = {8},
 year = {1991},
 pages = {713--732},
 url = {https://doi.org/10.1007/BF01261653}
}

@inproceedings{Komondoor:2001:USI:647170.718283,
 author = {Komondoor, Raghavan and Horwitz, Susan},
 title = {Using Slicing to Identify Duplication in Source Code},
 booktitle = {Proceedings of the 8th International Symposium on Static Analysis},
 series = {SAS '01},
 year = {2001},
 pages = {40--56}
}

@mastersthesis{Aaltodoc,
title={Machine Learning for Enzyme Promiscuity},
author={Mapar, Parisa},
year={2018},
school={Aalto University},
address={Finland},
pages={71}
}

@article{Luperto:2019:PGS:3332934.3332962,
 author = {Luperto, Matteo and Amigoni, Francesco},
 title = {Predicting the Global Structure of Indoor Environments: {A} Constructive Machine Learning Approach},
 journal = {Autonomous Robots},
 volume = {43},
 number = {4},
 year = {2019},
 pages = {813--835}
}

@article{Shervashidze:2011:WGK:1953048.2078187,
 author = {Shervashidze, Nino and Schweitzer, Pascal and van Leeuwen, Erik Jan and Mehlhorn, Kurt and Borgwardt, Karsten M.},
 title = {Weisfeiler--{L}ehman Graph Kernels},
 journal = {Journal of Machine Learning Research},
 volume = {12},
 year = {2011},
 pages = {2539--2561}
}


@article{W:L:GraphIsomorphism,
    author = {B. Weisfeiler and A. A. Lehman},
    title = {A reduction of a graph to a canonical form and an algebra arising during this reduction},
    journal = {Nauchno-Technicheskaya Informatsia},
    pages = {12--16},
    volume = {2},
    number = {9},
    year = {1968}
}



@Manual{DescTools,
    title = {{DescTools: {T}ools for Descriptive Statistics}},
    author = {Andri Signorell and others},
    year = {2020},
    note = {R package version 0.99.37},
    url = {https://cran.r-project.org/package=DescTools}
}

@Manual{nortest,
    title = {{nortest: Tests for Normality}},
    author = {Juergen Gross and Uwe Ligges},
    year = {2015},
    note = {R package version 1.0-4},
    url = {https://cran.r-project.org/package=nortest}
}

@Manual{magrittr,
  title = {magrittr: A Forward-Pipe Operator for R},
  author = {Stefan Milton Bache and Hadley Wickham},
  year = {2014},
  note = {R package version 1.5},
  url = {https://CRAN.R-project.org/package=magrittr},
}


@incollection{Vandana2018,
    title = {A Comparative Study of Plagiarism Detection Software},
    author = {Vandana},
    booktitle = {2018 5th International Symposium on Emerging Trends and Technologies in Libraries and Information Services},
    year = {2018},
    url = {https://doi.org/10.1109/ETTLIS.2018.8485271},
    publisher = {IEEE},
    pages = {344--347}
}

@article{Misic2016,
    journal={International Journal of Engineering Education},
    volume = 32,
    number = 2,
    year = 2016,
    pages = {738--748},
    title = {A Comparison of Software Tools for Plagiarism Detection in Programming Assignments},
    author = {Misic, M. and Siustran, Z. and Protic, J.}
}


@article{Noor2017,
    journal = {Journal of Telecommunication, Electronic and Computer Engineering},
    volume = 9,
    number = {3--5},
    year = 2017,
    pages = {89--94},
    title = {Programming Similarity Checking System},
    author = {Mohd Noor, A.S. and others}
}


@article{wastk,
    journal = {Scientific Programming},
    volume = 2017,
    year = 2017,
    pages = {7809047},
    title = {{WASTK}: {A} Weighted Abstract Syntax Tree Kernel Method for Source Code Plagiarism Detection},
    author = {Fu, D. and Xu, Y. and Yu, H. and Yang, B.}
}


 @Article{Loo,
    title = {The stringdist Package for Approximate String Matching},
    author = {M.P.J. {van der Loo}},
    year = {2014},
    journal = {The {R} {J}ournal},
    volume = {6},
    issue = {1},
    pages = {111--122},
  }

@book{Complexity,
    title = {Complexity Theory: {E}xploring the Limits of Efficient Algorithms},
    author = {Ingo Wegener},
    publisher = {Springer},
    year = {2005}
}
