@book{GRAMA_ETAL,
author = {A.~{Grama, G.~Karypis, V.~Kumar, A.~Gupta}},
title = {{Introduction to Parallel Computing}},
publisher = {Pearson Eduction second edition},
year = {2003}
}
@book{burns94:_lam,
author = {G.~{Burns, R.~Daoud, and J.~Vaigl}},
title = {{LAM: An Open Cluster Environment for MPI}},
publisher = {Technical report  beginsmall},
year = {1994},
url = {http://www.lam-mpi.org/download/files/lam-papers.tar.gz.endsmall}
}
@book{ROSS_07,
author = {A.~{Rossini, L.~Tierney, and N.~Li}},
title = {{Simple parallel statistical computing in R}},
publisher = {Journal of Computational and Graphical Statistics 16(2):  .[0.3cm]},
pages = {399--420},
year = {2007}
}








