% Encoding: UTF-8

@Article{AslanidisCasas2013,
  author  = {Aslanidis, N. and Casas, I.},
  journal = {Journal of Banking \& Finance},
  title   = {Nonparametric correlation models for portfolio allocation},
  year    = {2013},
  pages   = {2268-2283},
  volume  = {37},
  URL = {https://doi.org/10.1016/j.jbankfin.2013.01.010},
}

@Article{Bollerslevetal2009,
  author  = {Bollerslev, T. and Tauchen, G. and Zhou, H.},
  journal = {The Review of Financial Studies},
  title   = {Expected Stock Returns and Variance Risk Premia},
  year    = {2009},
  number  = {11},
  pages   = {44-63},
  volume  = {22},
  URL = {https://doi.org/10.1093/rfs/hhp008},
}

@Article{BoivinGiannoni2006,
  author  = {Boivin, J. and Giannoni, M. P.},
  journal = {The Review of Economics and Statistics},
  title   = {Has monetary policy become more effective?},
  year    = {2006},
  pages   = {445-462},
  volume  = {88},
  URL = {https://doi.org/10.1162/rest.88.3.445},
}

@Article{Bollerslevetal2016,
  author  = {Bollerslev, T. and Patton, A. J. and Quaedvlieg, R.},
  journal = {Journal of Econometrics},
  title   = {Exploiting the errors: {A} simple approach for improved volatility forecasting},
  year    = {2016},
  number  = {1},
  pages   = {1-18},
  volume  = {192},
  URL = {https://doi.org/10.1016/j.jeconom.2015.10.007},
}

@Manual{bvarsv,
    title = {bvarsv: Bayesian analysis of a vector autoregressive model with
stochastic volatility and time-varying parameters},
    author = {Krueger, F.},
    year = {2015},
    note = {R package version 1.1},
    url = {https://CRAN.R-project.org/package=bvarsv},
  }

@Article{Caietal2000,
  author  = {Cai, Z. and Fan, J. and Yao, Q.},
  journal = {Journal of the American Statistical Association},
  title   = {Functional-Coefficient Regression Models for Nonlinear Time Series},
  year    = {2000},
  pages   = {941-956},
  volume  = {95},
  URL = {https://doi.org/10.1080/01621459.2000.10474284},
}

@Article{Cai2007,
  author  = {Cai, Z.},
  journal = {Journal of Econometrics},
  title   = {Trending time-varying coefficient time series with serially correlated errors},
  year    = {2007},
  pages   = {163-188},
  volume  = {136},
  URL = {https://doi.org/10.1016/j.jeconom.2005.08.004},
}

@Article{Caietal2009,
  author  = {Cai, Z. and Li, Q. and Park, J. Y.},
  journal = {Journal of Econometrics},
  title   = {Functional-coefficient models for nonstationary time series data},
  year    = {2009},
  pages   = {101-113},
  volume  = {148},
  URL = {https://doi.org/10.1016/j.jeconom.2008.10.003},
}

@Article{CaiXiong2012,
  author  = {Cai, Zongwu and Xiong, Huaiyu},
  journal = {Statistica Neerlandica},
  title   = {Partially varying coefficient instrumental variables models},
  year    = {2012},
  pages   = {85-110},
  volume  = {66},
  URL = {https://doi.org/10.1111/j.1467-9574.2011.00497.x},
}

@Article{CarterKohn1994,
  author    = {Carter, C. K. and Kohn, R.},
  journal   = {Biometrika},
  title     = {On Gibbs Sampling for State Space Models},
  year      = {1994},
  pages     = {541-553},
  volume    = {81},
  URL       = {https://doi.org/10.1093/biomet/81.3.541},
  publisher = {[Oxford University Press, Biometrika Trust]},
}


@techreport{Casasetal2018,
title = {Reexamining financial and economic predictability with new estimators of realized variance
and variance risk premium},
author = {Casas, Isabel and Mao, Xiuping and Veiga, Helena},
institution = {{CREATES}, Aarhus University},
type = {Working papers},
url = {http://econ.au.dk/fileadmin/site_files/filer_oekonomi/Working_Papers/CREATES/2018/rp18_10.pdf}, 
year = {2018}
}

@Article{Casasetal2019a,
  author  = {Casas, Isabel and Ferreira, Eva and Orbe, Susan},
  journal = {Journal of Financial Econometrics},
  title   = {Time-Varying Coefficient Estimation in {SURE} Models. Application to Portfolio Management},
  year    = {2019},
  pages   = {707-745},
  volume  = {19},
  URL = {https://doi.org/10.1093/jjfinec/nbz010},
}

@article{Casasetal2019b,
  author={Isabel Casas and Jiti Gao and Bin Peng and Shangyu Xie},
  title={Time-Varying Income Elasticities of Healthcare Expenditure for the {OECD} and {Eurozone}},
  year=2021,
  journal={Journal of Applied Econometrics},
  Volume ={36},
  Pages ={328-345},
  url={https://doi.org/10.1002/jae.2809},
}

@Article{Corsi2009,
  author    = {Corsi, F.},
  journal   = {Journal of Financial Econometrics},
  title     = {A Simple Approximate Long-Memory Model of Realized Volatility},
  year      = {2009},
  month     = {nov},
  number    = {2},
  pages     = {174-196},
  volume    = {7},
  URL = {https://doi.org/10.1093/jjfinec/nbp001},
  publisher = {Oxford University Press ({OUP})},
}

@Article{CogleySargent2005,
  author  = {Cogley, Timothy and Sargent, Thomas J.},
  journal = {Review of Economic Dynamics},
  title   = {Drifts and volatilities: monetary policies and outcomes in the post WWII US},
  year    = {2005},
  pages   = {262-302},
  volume  = {8},
  URL = {https://doi.org/10.1016/j.red.2004.10.009},
}



@techreport{ChangMartinezChombo2003,
 author = {Chang, Y. and Martinez-Chombo, E.},
title = {Electricity Demand Analysis Using Cointegration and Error-Correction Models with Time Varying Parameters: The Mexican Case},
  year = {2003},
  institution = {Rice University, Department of Economics},
  type = {Working Papers},
  url = {https://ideas.repec.org/p/ecl/riceco/2003-08.html},
}

@Article{Chenetal2017,
  author  = {Chen, X. B. and Gao, J. and Li, D. and Silvapulle, P.},
  journal = {Journal of Business \& Economic Statistics},
  title   = {Nonparametric Estimation and Forecasting for Time-Varying Coefficient Realized Volatility Models},
  year    = {2017},
  pages   = {1-13},
  volume  = {online},
  URL = {https://doi.org/10.1080/07350015.2016.1138118},
}

@Article{ChenTsay1993,
  author  = {Chen, R. and Tsay, R.S},
  journal = {Journal of the American Statistical Association},
  title   = {Functional-coefficient autoregressive models},
  year    = {1993},
  pages   = {298-308},
  volume  = {88},
  URL = {https://doi.org/10.2307/2290725},
}

@Article{ChenLiu2001,
  author  = {Chen, Rong and Liu, Lon-Mu},
  journal = {Journal of Time Series Analysis},
  title   = {Functional Coefficient Autoregressive Models: Estimation and Tests of Hypotheses},
  year    = {2001},
  number  = {2},
  pages   = {151-173},
  volume  = {22},
  URL = {https://doi.org/10.1111/1467-9892.00217},
}

@Article{ChuMarron1991,
  author    = {Chu, C. K. and Marron, J. S.},
  journal   = {Annals of Statistics},
  title     = {Comparison of Two Bandwidth Selectors with Dependent Errors},
  year      = {1991},
  pages     = {1906--1918},
  volume    = {19},
  URL = {https://doi.org/10.1214/aos/1176348377},
  publisher = {The Institute of Mathematical Statistics},
}

@Book{CroissantMillo2018,
    title = {Panel Data Econometrics with {R}: the {plm} package},
    author = {Croissant, Y. and Millo, G.},
    publisher = {Wiley},
    year = {2018},
  }
@Article{CroissantMillo2008,
    title = {Panel Data Econometrics in {R}: The {plm} Package},
    author = {Croissant, Y. and Millo, G.},
    journal = {Journal of Statistical Software},
    year = {2008},
    volume = {27},
    number = {2},
    pages = {1-43},
    URL = {https://doi.org/10.18637/jss.v027.i02},
  }

@Article{Dahlhaus1997,
  author  = {Dahlhaus, R.},
  journal = {Annals of Statistics},
  title   = {Fitting time series models to nonstationary processes},
  year    = {1997},
  pages   = {1-37},
  volume  = {25},
  URL = {https://doi.org/10.1214/aos/1034276620},
}

@Article{Das2005,
  author  = {Das, M.},
  journal = {Journal of Econometrics},
  title   = {Instrumental variables estimators of nonparametric models with discrete endogenous regressors},
  year    = {2005},
  pages   = {335-361},
  volume  = {124},
  URL = {https://doi.org/10.1016/j.jeconom.2004.02.001},
}

@Article{Dongetal2015,
  author  = {{Dong, C. Jiti Gao, J. and Peng, B.}},
  journal = {Journal of Econometrics},
  title   = {{Semiparametric single-index panel data models with cross-sectional dependence}},
  year    = {2015},
  pages   = {301-312},
  volume  = {188},
  URL = {https://doi.org/10.1016/j.jeconom.2015.06.001},
}

@Article{Dongetal2018,
  author  = {Dong, C. and Gao, J. and Peng, B.},
  journal = {Journal of Business \& Economic Statistics},
  title   = {Varying-Coefficient Panel Data Models With Nonstationarity and Partially Observed Factor Structure},
  year    = {2021},
  pages   = {700-711},
  volume  = {39},
  URL = {https://doi.org/10.1080/07350015.2020.1721294},
}

@Article{EllahieRicco2017,
  author   = {Ellahie, Atif and Ricco, Giovanni},
  journal  = {Journal of Monetary Economics},
  title    = {Government purchases reloaded: Informational insufficiency and heterogeneity in fiscal VARs},
  year     = {2017},
  pages    = {13-27},
  volume   = {90},
  URL = {https://doi.org/10.1016/j.jmoneco.2017.06.002},
}

@book{Eubank1999,
Author = {Eubank, R. L.},
Title = {Nonparametric Regression and Spline Smoothing},
Edition = {2nd},
Publisher = {New York: Marcel Dekker},
Year = {1999}
}

@Article{FamaFrench1993,
  author  = {Fama, E. and French, K.},
  journal = {Journal of Financial Economics},
  title   = {Common risk factors in the returns on stocks and bonds},
  year    = {1993},
  pages   = {3-56},
  volume  = {33},
  URL = {https://doi.org/10.1016/0304-405x(93)90023-5},
}

@Article{FamaFrench2015,
  author    = {Fama, E. F. and French, K. R.},
  journal   = {Journal of Financial Economics},
  title     = {A five-factor asset pricing model},
  year      = {2015},
  number    = {1},
  pages     = {1-22},
  volume    = {116},
  URL = {https://doi.org/10.1016/j.jfineco.2014.10.010},
  publisher = {Elsevier {BV}},
}

@Article{FamaFrench2017,
  author  = {Fama, E. F. and French, K. R.},
  journal = {Journal of Financial Economics},
  title   = {International tests of a five-factor asset pricing model},
  year    = {2017},
  pages   = {441-463},
  volume  = {123},
  URL = {https://doi.org/10.1016/j.jfineco.2016.11.004},
}

@misc{FFdata,
author = {French, K. R.},
title = {Data Library},
URL = {http://mba.tuck.dartmouth.edu/pages/faculty/ken.french/data\_library.html},
note = {Accessed: 2016-09-01},
year = {2016}
}

@book{FanGijbels1996,
 author = {Fan, J. and  Gijbels, I.}, 
title = {Local Polynomial Modeling and Its Applications},
  publisher = {hapman and Hall, London},
  year = {1996}
}

@Article{FanWenyang2000,
  author  = {Fan, Jianqing and Zhang, Wenyang},
  journal = {Scandinavian Journal of Statistics},
  title   = {Simultaneous Confidence Bands and Hypothesis Testing in Varying-coefficient Models},
  year    = {2000},
  pages   = {715-731},
  volume  = {27},
  URL = {https://doi.org/10.1111/1467-9469.00218},
}

@TechReport{GaoPhillips2013,
  author      = {Gao, J. and Phillips, P.C.B.},
  institution = {Cowles Foundation for Research in Economics, Yale University},
  title       = {Functional coefficient nonstationary regression},
  year        = {2013},
  number      = {1911},
  type        = {Cowles Foundation Discussion Papers},
  url         = {https://ideas.repec.org/p/cwl/cwldpp/1911.html},
}

 @Manual{Gam2022,
    title = {gam: Generalized Additive Models},
    author = {Trevor Hastie},
    year = {2022},
    note = {R package version 1.20.1},
    url = {https://CRAN.R-project.org/package=gam},
  }

@Article{Gerdthametal1992,
  author  = {Gerdtham, Ulf-G and Soegaard, Jes and Andersson, Fredrik and J\"{o}nsson, Bengt},
  journal = {Journal of Health Economics},
  title   = {An Econometric Analysis of Health Care Expenditure: A Cross-Section Study of the {OECD} Countries},
  year    = {1992},
  pages   = {63-84},
  volume  = {11},
  URL = {https://doi.org/10.1016/0167-6296(92)90025-v},
}

@Article{Haslbecketal2021,
Author ={Haslbeck, JMB. and Bringmann, LF. and Waldorp, LJ},
title={A Tutorial on Estimating Time-Varying Vector Autoregressive Models},
journal={Multivariate Behavioral Research},
Year ={2021},
volume={56},
pages={120-149},
url={https://doi.org/10.1080/00273171.2020.1743630}
}

@Article{HastieTibshirani1993,
  author    = {Hastie, T. and Tibshirani, R.},
  journal   = {Journal of the Royal Statistical Society: Series B (Methodological)},
  title     = {Varying-Coefficient Models},
  year      = {1993},
  pages     = {757-796},
  volume    = {55},
  URL = {https://doi.org/10.1111/j.2517-6161.1993.tb01939.x},
  publisher = {Wiley},
}

@Article{Hendersonetal2015,
  author  = {Henderson, D. J. and Kumbhakar, S. C. and Li, Q. and Parmeter, C. F.},
  journal = {Journal of Econometrics},
  title   = {Smooth coefficient estimation of a seemingly unrelated regression},
  year    = {2015},
  pages   = {148-162},
  volume  = {189},
  URL = {https://doi.org/10.1016/j.jeconom.2015.07.002},
}

@Article{Kapetaniosetal2012,
  author  = {Kapetanios, George and Mumtaz, Haroon and Stevens, Ibrahim and Theodoridis, Konstantinos},
  journal = {The Economic Journal},
  title   = {Assessing the Economy-wide effects of quantitative easing},
  year    = {2012},
  pages   = {316-347},
  volume  = {122},
  URL = {http://www.jstor.org/stable/23324226},
}

@techreport{Kapetaniosetal2016,
 author = {Kapetanios, George and Marcellino,  Massimiliano and Venditti, Fabrizio},
title = {Large time-varying parameter {VAR}s: a non-parametric approach},
  year=2017,
  institution = {Bank of Italy, Economic Research and International Relations Area},
  type = {Temi di discussione (Economic working papers)},
  url = {https://ideas.repec.org/p/bdi/wptemi/td_1122_17.html}
}


@book{Kmenta1986,
author = {Kmenta, J.},
title = {Elements of Econometrics}, 
publisher = {New York: Macmillan},
year = {1986},
edition = {2nd}
}

@Article{Kristensen2012,
  author  = {Kristensen, D.},
  journal = {Econometrics journal},
  title   = {Non‐parametric detection and estimation of structural change},
  year    = {2012},
  pages   = {420-461},
  volume  = {15},
  URL = {https://doi.org/10.1111/j.1368-423x.2012.00378.x},
}

@Article{IwataWu2006,
  author   = {Iwata, Shigeru and Wu, Shu},
  journal  = {Journal of Monetary Economics},
  title    = {Estimating monetary policy effects when interest rates are close to zero},
  year     = {2006},
  pages    = {1395-1408},
  volume   = {53},
  URL = {https://doi.org/10.1016/j.jmoneco.2005.05.009},
}

@Article{LiuGuo2019,
  author  = {Liu, Yi and Guo, Feng},
  journal = {Journal of Computational and Graphical Statistics},
  title   = {A Bayesian Time-Varying Coefficient Model for Multitype Recurrent Events},
  year    = {2020},
  pages   = {383-395},
  volume  = {29},
  URL = {https://doi.org/10.1080/10618600.2019.1686988},
}


@BOOK{Lutkepohl2005,
AUTHOR = {L\"{u}tkepohl, H.},
YEAR   = {2005},
TITLE  = {New Introduction to Multiple Time Series Analysis},
Publisher = {Springer}
}

@Article{Mammen1993,
  author  = {Mammen, E.},
  journal = {The Annals of Statistics},
  title   = {Bootstrap and Wild Bootstrap for High Dimensional Linear Models},
  year    = {1993},
  pages   = {255-285},
  volume  = {21},
  URL = {https://doi.org/10.1214/aos/1176349025},
}

@Article{MARSS,
  author  = {Holmes, E. E. and Ward, E. J. and Wills, K.},
  journal = {The R Journal},
  title   = {MARSS: Multivariate autoregressive state-space models for analyzing time-series data},
  year    = {2012},
  number  = {1},
  pages   = {30},
  volume  = {4},
  URL = {https://doi.org/10.32614/rj-2012-002},
}
  
@article{mgm2016,
title = {{mgm}: {E}stimating Time-Varying Mixed Graphical Models in High-Dimensional Data},
author = {Haslbeck, Jonas M.B. and Waldorp, Lourens J.},
journal = {Journal of Statistical Software},
year = {2020},
Volume ={93},
Pages ={1-46},
url = {https://doi.org/10.18637/jss.v093.i08},
}

@InCollection{nielsen:2010,
  author    = {Barndorff-Nielsen, O. E. and Kinnebrock, S. and Shephard, N.},
  booktitle = {Volatility and Time Series Econometrics: Essays in Honor of {Robert F. Engle}},
  publisher = {Oxford University Press},
  title     = {Measuring Downside Risk? {R}ealised Semivariance},
  year      = {2010},
  address   = {New York},
  editor    = {Bollerslev, T. and Russell, J. and Watson, M.},
  pages     = {117-136},
  URL = {https://doi.org/10.1093/acprof:oso/9780199549498.003.0007},
}

@Article{np2008,
  author  = {Hayfiel, Tristen and Racine, Jeffrey S.},
  journal = {Journal of Statistical Software},
  title   = {Nonparametric Econometrics: The {np} Package},
  year    = {2008},
  number  = {5},
  volume  = {27},
  URL = {https://doi.org/10.18637/jss.v027.i05},
  url     = {http://www.jstatsoft.org/v27/i05/},
}

@Article{Orbeetal2005,
  author  = {Orbe, S. and Ferreira, E. and Rodriguez-Poo, J.},
  journal = {Journal of Econometrics},
  title   = {Nonparametric estimation of time varying parameters under shape restrictions},
  year    = {2005},
  pages   = {53-77},
  volume  = {126},
  URL = {https://doi.org/10.1016/j.jeconom.2004.02.006},
}

@Article{vars,
  author  = {Pfaff, B.},
  journal = {Journal of Statistical Software, Articles},
  title   = {{VAR}, {SVAR} and {SVEC} models: {I}mplementation within {R} package vars},
  year    = {2008},
  number  = {4},
  pages   = {1-32},
  volume  = {27},
  url     = {https://www.jstatsoft.org/v027/i04},
}

@Article{PattonSheppard2015,
  author  = {Patton, A. J. and Sheppard, K.},
  journal = {Review of Economics and Statistics},
  title   = {Good Volatility, Bad Volatility: {S}igned Jumps and The Persistence of Volatility Full Access},
  year    = {2015},
  number  = {3},
  pages   = {683-697},
  volume  = {97},
  URL = {https://doi.org/10.1162/rest_a_00503},
}

@Article{Primiceri2005,
  author  = {Primiceri, G. E.},
  journal = {Review of Economic Studies},
  title   = {Time varying structural vector autoregressions and monetary policy},
  year    = {2005},
  pages   = {821-852},
  volume  = {72},
  URL = {https://doi.org/10.1111/j.1467-937x.2005.00353.x},
}


@misc{RVdata,
author = {Historical Stock Market Data Store},
title = {Intraday Products},
URL = {http://download-stock-data.webs.com/},
note = {Accessed: 2017-11-01},
year = {2017}
}

@InCollection{Robinson1989,
  author    = {Robinson, P.},
  booktitle = {Statistical Analysis and Forecasting of Economic Structural Change},
  publisher = {Springer},
  title     = {Nonparametric estimation of time-varying parameters},
  year      = {1989},
  address   = {Berlin},
  editor    = {Hackl, {Peter}},
  pages     = {253-264},
 URL = {https://doi.org/10.1007/978-3-662-02571-0_15},
}

@Article{Reikard2009,
  author    = {Gordon Reikard},
  journal   = {Ocean Engineering},
  title     = {Forecasting ocean wave energy: {T}ests of time-series models},
  year      = {2009},
  pages     = {348-356},
  volume    = {36},
  URL = {https://doi.org/10.1016/j.oceaneng.2009.01.003},
  publisher = {Elsevier},
}

@Article{Sims1980,
  author  = {Sims, Christopher A.},
  journal = {Econometrica},
  title   = {Macroeconomics and reality},
  year    = {1980},
  pages   = {1-48},
  volume  = {48},
  URL = {https://doi.org/10.2307/1912017},
}

@Article{systemfit,
  author  = {Henningsen, Arne and Hamann, Jeff D.},
  journal = {Journal of Statistical Software},
  title   = {{systemfit}: {A} Package for Estimating Systems of Simultaneous Equations in {R}},
  year    = {2007},
  number  = {4},
  pages   = {1-40},
  volume  = {23},
  URL = {https://doi.org/10.18637/jss.v023.i04},
}

@Article{Sunetal2009,
  author  = {Sun, Yiguo and Carroll, Raymond and Li, Dingding},
  journal = {Advances in Econometrics},
  title   = {Semiparametric estimation of fixed-effects panel data varying coefficient models},
  year    = {2009},
  month   = {12},
  pages   = {101-129},
  volume  = {25},
  URL = {https://doi.org/10.1108/s0731-9053(2009)0000025006},
}

@Article{Sunetal2013,
  author    = {Sun, Y. and Cai, Z. and Li, Q.},
  journal   = {Econometric Theory},
  title     = {Semiparametric functional coefficient models with integrated covariates},
  year      = {2013},
  pages     = {659-672},
  volume    = {29},
  URL = {https://doi.org/10.1017/s0266466612000710},
  publisher = {Cambridge University Press},
}

@Article{VargasSilva2008,
  author  = {Vargas-Silva, Carlos},
  journal = {Journal of Macroeconomics},
  title   = {Monetary policy and the {US} housing market: A {VAR} analysis imposing sign restrictions},
  year    = {2008},
  pages   = {977-990},
  volume  = {30},
  URL = {https://doi.org/10.1016/j.jmacro.2007.07.004},
}

@Book{Wood2017,
    title = {Generalized Additive Models: An Introduction with {R}},
    year = {2017},
    author = {Wood, S. N.},
    edition = {2},
    publisher = {Chapman and Hall/CRC},
  }
@Book{Wooldridge2010,
  author={Jeffrey M. Wooldridge},
  title={{Econometric Analysis of Cross Section and Panel Data}},
  publisher={The MIT Press},
  year=2010,
  series={MIT Press Books},
  edition={2nd}
}

@TechReport{Yanetal2021,
  author={Yan, Y. and Gao, J. and Peng, B.},
  title={Nonparametric Time-Varying Vector Moving Average (infinity) Models},
  year=2021,
  institution={SSRN Electronic Journal},
  url={http://dx.doi.org/10.2139/ssrn.3729872},
}

@Article{Zellner1962,
  author  = {Zellner, A.},
  journal = {Journal of the American Statistical Association},
  title   = {An efficient method of estimating seemingly unrelated regressions and tests for aggregation bias},
  year    = {1962},
  pages   = {348-368},
  volume  = {57},
  URL = {https://doi.org/10.1080/01621459.1962.10480664},
}

@Article{Andersenetal1998,
  author  = {Andersen, T. G. and Bollerslev, T.},
  journal = {International Economic Review},
  title   = {Answering the skeptics: Yes{,} standard volatility models do provide accurate forecasts},
  year    = {1998},
  pages   = {885-905},
  volume  = {39},
  URL = {https://doi.org/10.2307/2527343},
}

@Article{xiao2013,
  author  = {Xiao, Z.},
  journal = {Journal of Econometrics},
  title   = {Functional-coefficient cointegration models},
  year    = {2009},
  pages   = {81-92},
  volume  = {152},
  URL = {https://doi.org/10.1016/j.jeconom.2009.01.008},
}

@Article{ZhangWue2012,
  author    = {Zhang, Ting and Wu, Wei Biao},
  journal   = {Annals of Statistics},
  title     = {Inference of time-varying regression models},
  year      = {2012},
  number    = {3},
  pages     = {1376-1402},
  volume    = {40},
  URL = {https://doi.org/10.1214/12-aos1010},
  publisher = {The Institute of Mathematical Statistics},
}

@Comment{jabref-meta: databaseType:bibtex;}
