
@article{vanderplas2020testing,
	title={Testing Statistical Charts: What makes a good graph?},
	author={Vanderplas, Susan and Cook, Dianne and Hofmann, Heike},
	journal={Annual Review of Statistics and Its Application},
	volume={7},
	pages={61--88},
	year={2020},
	publisher={Annual Reviews}
}

@article{cleveland1986experiment,
	title={An experiment in graphical perception},
	author={Cleveland, William S and McGill, Robert},
	journal={International Journal of Man-Machine Studies},
	volume={25},
	number={5},
	pages={491--500},
	year={1986},
	publisher={Elsevier}
}

@article{beniger1978quantitative,
	title={Quantitative graphics in statistics: A brief history},
	author={Beniger, James R and Robyn, Dorothy L},
	journal={The American Statistician},
	volume={32},
	number={1},
	pages={1--11},
	year={1978}
}

@article{mumyakmaz7illet,
	title={Terrific disease: Struggling with Syphilis in the
	first half of the 20th century in Turkey (in Turkish)},
	author={Mumyakmaz, Hatica Guzel},
	journal={Akademik Hassasiyetler},
	volume={7},
	number={13},
	pages={119--148},
	year={2020}
}


@misc{matt,
	author= {Matthew, A.},
	year = {2019},
	title = {ggplot2 meets {W}. {E}. {B}. {D}u {B}ois},
	journal={},
	note = {\url{https://www.statswithmatt.com/post/ggplot2-meets-w-e-b-du-bois/#fnref1}}, 
	Last accessed on 2021-09-22}
}


@misc{BS,
author= {Sengul, B.},
year = {2017},
title = {The voyage of information visualization in history (in {T}urkish)},
journal={},
note = {\url{https://yazname.com/bilgi-gorsellestirmenin-tarihteki-yolculugu/24/06/2017}}, 
Last accessed on 2020-03-14}
}

@misc{Durmaz,
author = {Durmaz, O.},
year = {2017},
title = {Speak to the eyes: Visualizing Information from the {O}ttoman Era to the {R}epublic},
note = {\url{https://www.arch.columbia.edu/exhibitions/61-speak-to-the-eyes}},
Last accessed on 2020-03-14} 
}


@article{friendly2008golden,
	title={The golden age of statistical graphics},
	author={Friendly, Michael},
	journal={Statistical Science},
	pages={502--535},
	year={2008},
	url={http://www.sci.utah.edu/~kpotter/Library/Papers/friendly:2008:GASS/index.html},
	publisher={JSTOR}
}


@book{harris2000information,
  title={Information graphics: A comprehensive illustrated reference},
  author={Harris, R.L.},
  year={2000},
  publisher={Oxford University Press}
}

@article{gelman2013infovis,
  title={Infovis and statistical graphics: Different goals, different looks},
  author={Gelman, A. and Unwin, A.},
  journal={Journal of Computational and Graphical Statistics},
  volume={22},
  number={1},
  pages={2--28},
  year={2013}
}

@misc{IG,
  author = {Presidenza del Consiglio dei Ministri},
  title = {Dati {COVID}-19 {I}talia},
  year = {2020},
  publisher = {GitHub},
  journal = {GitHub repository},
  howpublished = {\url{https://github.com/pcm-dpc/COVID-19}}
}

@misc{CNN,
	author = {Wolfe, D. and Manley, B. and Krishnakumar, P.},
	title = {Tracking {COVID}-19 vaccines in the {US}},
	year = {2021},
	publisher = {CNN Health},
	howpublished = {\url{https://edition.cnn.com/interactive/2021/health/us-covid-vaccinations/}}
}



@misc{JS,
author= {{Johns Hopkins University}},
year = {2020},
title = {COVID-19 Dashboard by the {C}enter for {S}ystems {S}cience and {E}ngineering},
note = {\url{https://gisanddata.maps.arcgis.com/apps/opsdashboard/}}, 
Last accessed on 2020-03-14}
}

@misc{Malkoc,
author= {Malkoc, E.},
year = {2018},
title = {Fight against syphilis that forgot to embrace in the era of early {R}epublic (in {T}urkish)},
note = {\url{https://www.tarihvakfi.org.tr/Images/UserFiles/Documents/Gallery/01-03-icindekiler-2.pdf}}, 
Last accessed on 2020-03-14}
}

@Manual{pattern,
  title = {ggpattern: Geoms with patterns for ggplot2.},
  author = {Mike. FC},
  year = {2020},
  note = {R package version 0.2.0},
  url = {https://coolbutuseless.github.io/package/ggpattern}
}

@Manual{ggtext,
	title = {ggtext: Improved Text Rendering Support for 'ggplot2'},
	author = {Claus O. Wilke},
	year = {2020},
	note = {R package version 0.1.1},
	url = {https://cran.r-project.org/web/packages/ggtext}
}


@misc{Mccoy,
author= {McCoy, E.},
year = {2020},
title = {For Public Health Organizations, Data Visualization Is Not a Choice},
note = {\url{https://medium.com/nightingale/for-public-health-organizations-data-visualization-is-not-a-choice-e945f54152b8}}, 
Last accessed on 2020-03-14}
}


@misc{Si,
author= {Wong, S.S.},
year = {2016},
title = {Syphilis and the use of mercury},
note = {\url{https://www.pharmaceutical-journal.com/opinion/blogs/syphilis-and-the-use-of-mercury/20201679.blog}}, 
Last accessed on 2020-04-27}
}

@Manual{Sievert,
	title = {Interactive Web-Based Data Visualization with R, plotly, and shiny},
	author = {C Sievert},
	year = {2020},
	url = {https://plotly-r.com},
}

@misc{Significance,
author= {Garthwaite, A.},
year = {2020},
title = {Visualising the pandemic: Interviews with data journalists covering {C}ovid-19},
note = {\url{https://www.significancemagazine.com/science/655-visualising-the-pandemic-interviews-with-data-journalists-covering-covid-19?fbclid=IwAR2bcEMmxBv-Oyr7bqTuVWQKbL-hgKuVsEKD0WBA9T3IcDTL2Gj_ARip6Vo}}, 
Last accessed on 2020-04-22}
}

@misc{Sy,
author= {Wong, S.S.},
year = {2016},
title = {Syphilis and the use of mercury},
note = {\url{https://www.pharmaceutical-journal.com/opinion/blogs/syphilis-and-the-use-of-mercury/20201679.blog}}, 
Last accessed on 2020-03-14}
}

@misc{TS,
author= {{Toplumsal Tarih}},
year = {2018},
title = {Pandemics in History (in {T}urkish)},
note = {\url{https://www.tarihvakfi.org.tr/dergiler/toplumsal-tarih/296/toplumsal-tarih-agustos2018/5}}, 
Last accessed on 2020-03-14}
}

@misc{QK,
author= {Quito, A. and Kopf, D.},
year = {2020},
title = {Designers and statisticians disagree on what makes a good information graphic},
note = {\url{https://qz.com/1781388/criteria-for-good-data-visualization-according-to-design-and-statistics}}, 
Last accessed on 2020-03-14}
}


@article{vanderplas2019framed,
  title={Framed! {R}eproducing and Revisiting 150-Year-Old Charts},
  author={VanderPlas, S. and Ryan, G.C. and  Hofmann, H.},
  journal={Journal of Computational and Graphical Statistics},
  volume={28},
  number={3},
  pages={620--634},
  year={2019}
}

@Manual{Wickham,
  title = {ggplot2: {C}lreate Elegant Data Visualisations Using the Grammar of Graphics},
  author = {Hadley Wickham and Winston Chang and Lionel Henry and Thomas Lin Pedersen and Kohske Takahashi and Claus Wilke and Kara Woo and Hiroaki Yutani and Dewey Dunnington},
  year = {2020},
  note = {R package version 3.3.0},
  url = {https://CRAN.R-project.org/package=ggplot2},
}


@book{White,
title={Using charts and graphs: One thousand ideas for getting attention using charts and graphs},
author={White,  J.V.}, 
year={1984} 
} 
