@InProceedings{Kandemir2014image,
  title = {Empowering Multiple Instance Histopathology Cancer Diagnosis by Cell Graphs},
  author = {M. Kandemir and C. Zhang and Hamprecht F. A.},
  booktitle = {Medical Image Computing and Computer Assisted Intervention 17 (Pt 2)},
  pages = {228--235},
  year = {2014},
}

@InProceedings{dietterich1993comparison,
  title = {A Comparison of Dynamic Reposing and Tangent Distance for Drug Activity Prediction},
  author = {Thomas G. Dietterich and Ajay N. Jain and Richard H. Lathrop and Tom\'{a}s Lozano-P\'{e}rez},
  booktitle = {Advances in Neural Information Processing Systems 6},
  pages = {216--223},
  year = {1994},
}

@InProceedings{maron1998multiple,
  title = {Multiple-Instance Learning for Natural Scene Classification.},
  author = {Oded Maron and Aparna Lakshmi Ratan},
  booktitle = {International Conference on Machine Learning 15},
  pages = {341--349},
  year = {1998},
}

@InProceedings{andrews2002support,
  title = {Support Vector Machines for Multiple-Instance Learning},
  author = {Stuart Andrews and Ioannis Tsochantaridis and Thomas Hofmann},
  booktitle = {Advances in Neural Information Processing Systems 15},
  pages = {561--568},
  year = {2003},
}

@InProceedings{briggs2012rank,
  title = {Rank-Loss Support Instance Machines for MIML Instance Annotation},
  author = {F. Briggs and X. Z. Fern and R. Raich},
  booktitle = {ACM SigKDD International Conference on Knowledge Discovery and Data Mining 18},
  pages = {534--542},
  year = {2012},
}

@InProceedings{Kotzias2015,
  author = {Dimitrios Kotzias and Misha Denil and Nando {de Freitas} and Padhraic Smyth},
  title = {From Group to Individual Labels Using Deep Features},
  booktitle = {ACM SigKDD International Conference on Knowledge Discovery and Data Mining 21},
  pages = {597--606},
  year = {2015},
}

@Article{zhang2007local,
  title = {Local Features and Kernels for Classification of Texture and Object Categories: A Comprehensive Study},
  author = {Jianguo Zhang and Marcin Marsza{\l}ek and Svetlana Lazebnik and Cordelia Schmid},
  journal = {International Journal of Computer Vision},
  volume = {73},
  number = {2},
  pages = {213--238},
  year = {2007},
  publisher = {Springer-Verlag},
}

@InProceedings{zhou2009multi,
  title = {Multi-Instance Learning by Treating Instances as Non-IID Samples},
  author = {Zhi-Hua Zhou and Yu-Yin Sun and Yu-Feng Li},
  booktitle = {Annual International Conference on Machine Learning 26},
  pages = {1249--1256},
  year = {2009},
}

@InProceedings{li2011text,
  title = {Text-Based Image Retrieval Using Progressive Multi-Instance Learning},
  author = {Wen Li and Lixin Duan and Dong Xu and Ivor Wai-Hung Tsang},
  booktitle = {International Conference on Computer Vision '11},
  pages = {2049--2055},
  year = {2011},
}

@Article{milr_paper,
  title = {Multiple-Instance Logistic Regression with LASSO Penalty},
  author = {Ray-Bing Chen and Kuang-Hung Cheng and Sheng-Mao Chang and Shuen-Lin Jeng and Ping-Yang Chen and Chun-Hao Yang and Chi-Chun Hsia},
  journal = {arXiv preprint arXiv:1607.03615},
  year = {2016},
}

@Article{2016-128-dempster1977maximum,
  title = {Maximum Likelihood from Incomplete Data via the {EM} Algorithm},
  author = {Arthur P Dempster and Nan M Laird and Donald B Rubin},
  journal = {Journal of the Royal Statistical Society B},
  volume = {39},
  number = {1},
  pages = {1--38},
  year = {1977},
  publisher = {JSTOR},
}

@Article{dietterich1997solving,
  title = {Solving the Multiple Instance Problem with Axis-Parallel Rectangles},
  author = {Thomas G Dietterich and Richard H Lathrop and Tom{\'a}s Lozano-P{\'e}rez},
  journal = {Artificial Intelligence},
  volume = {89},
  number = {1},
  pages = {31--71},
  year = {1997},
  publisher = {Elsevier},
}

@Article{firth1993bias,
  title = {Bias Reduction of Maximum Likelihood Estimates},
  author = {David Firth},
  journal = {Biometrika},
  volume = {80},
  number = {1},
  pages = {27--38},
  year = {1993},
  publisher = {Biometrika Trust},
}

@Article{foulds2010review,
  title = {A Review of Multi-Instance Learning Assumptions},
  author = {James Foulds and Eibe Frank},
  journal = {The Knowledge Engineering Review},
  volume = {25},
  number = {1},
  pages = {1--25},
  year = {2010},
  publisher = {Cambridge Univ Press},
}

@Article{fu1998penalized,
  title = {Penalized Regressions: The Bridge versus the Lasso},
  author = {Wenjiang J Fu},
  journal = {Journal of Computational and Graphical Statistics},
  volume = {7},
  number = {3},
  pages = {397--416},
  year = {1998},
  publisher = {Taylor \& Francis},
}

@Article{2016-128-friedman2010regularization,
  title = {Regularization Paths for Generalized Linear Models via Coordinate Descent},
  author = {Jerome Friedman and Trevor Hastie and Rob Tibshirani},
  journal = {Journal of Statistical Software},
  volume = {33},
  number = {1},
  pages = {1--22},
  year = {2010},
  publisher = {NIH Public Access},
}

@PhdThesis{maron1998learning,
  title = {Learning from Ambiguity},
  author = {Oded Maron},
  year = {1998},
  school = {Massachusetts Institute of Technology},
}

@Article{quenouille1956notes,
  title = {Notes on Bias in Estimation},
  author = {Maurice H Quenouille},
  journal = {Biometrika},
  volume = {43},
  number = {3/4},
  pages = {353--360},
  year = {1956},
  publisher = {JSTOR},
}

@InProceedings{ray2005supervised,
  title = {Supervised versus Multiple Instance Learning: An Empirical Comparison},
  author = {Soumya Ray and Mark Craven},
  booktitle = {International Conference on Machine Learning 22},
  pages = {697--704},
  year = {2005},
}

@Article{2016-128-tibshirani1996regression,
  title = {Regression Shrinkage and Selection via the Lasso},
  author = {Robert Tibshirani},
  journal = {Journal of the Royal Statistical Society B},
  volume = {58},
  number = {1},
  pages = {267--288},
  year = {1996},
  publisher = {JSTOR},
}

@InProceedings{xu2004logistic,
  title = {Logistic Regression and Boosting for Labeled Bags of Instances},
  author = {Xin Xu and Eibe Frank},
  booktitle = {Pacific-Asia Conference on Knowledge Discovery and Data Mining '04},
  pages = {272--281},
  year = {2004},
}

@InProceedings{zhang2001dd,
  title = {{EM-DD}: An Improved Multiple-Instance Learning Technique},
  author = {Qi Zhang and Sally A Goldman},
  booktitle = {Advances in Neural Information Processing Systems 14},
  pages = {1073--1080},
  year = {2002},
}

@Article{zou2007degrees,
  title = {On the “Degrees of Freedom” of the Lasso},
  author = {Hui Zou and Trevor Hastie and Robert Tibshirani},
  journal = {The Annals of Statistics},
  volume = {35},
  number = {5},
  pages = {2173--2192},
  year = {2007},
  publisher = {Institute of Mathematical Statistics},
}

@Misc{MIL2016,
  author = {D. M. J. Tax and V. Cheplygina},
  note = {version 1.2.1},
  title = {{MIL}, A {M}atlab Toolbox for Multiple Instance Learning},
  url = {http://prlab.tudelft.nl/david-tax/mil.html},
  year = {2016},
}

@Misc{MILL2008,
  author = {J. Yang},
  note = {version 1.00},
  title = {{MILL}: A Multiple Instance Learning Library},
  url = {http://www.cs.cmu.edu/~juny/MILL/},
  year = {2008},
}

@InProceedings{settles.nips08,
  author = {B. Settles and M. Craven and S. Ray},
  booktitle = {Advances in Neural Information Processing Systems},
  pages = {1289--1296},
  title = {Multiple-Instance Active Learning},
  year = {2008},
}
