@manual{Turner2020a,
title = {hmm.discnp: {H}idden {M}arkov models with discrete non-parametric observation
         distributions},
author = {Rolf Turner},
year = {2020},
note = {\textsf{R} package version 3.0-6},
}

@manual{Rlang2020,
title = {R: A Language and Environment for Statistical Computing},
author = {{R Core Team}},
organization = {R Foundation for Statistical Computing},
address = {Vienna, Austria},
year = {2020},
url = {https://www.R-project.org/},
}

@book{AbramowitzStegun1972,
author = {M. Abramowitz and I. A. Stegun},
year   = {1972},
title  = {Handbook of Mathematical Functions},
address = {New York},
publisher = {Dover}
}

@book{JohnsonEtAl1995,
author = {N. L. Johnson and S. Kotz and N. Balakrishnan},
year = {1995},
title = {Continuous Univariate Distributions},
volume = {2},
publisher = {Wiley},
address = {New York}
} 

@manual{Turner2021,
    title = {The db {D}istribution},
    author = {Rolf Turner},
    year = {2021},
    note = {\textsf{R} package version 0.0-22}
  }

@book{Weiss2018,
    title = {An Introduction to Discrete-Valued Time Series},
    author = {Christian H. Wei\ss},
    year = {2018},
    publisher = {John Wiley \& Sons},
    address = {Chichester}
}

@article{TurnerEtAl1998,
author  = {T. Rolf Turner and Murray A. Cameron and Peter J. Thomson},
title   = {Hidden {M}arkov chains in generalized linear models},
journal = {Canadian Journal of Statistics},
volume  = {26},
year    = {1998},
pages   = {107 -- 125}
}

@manual{MurdochChow2018,
    title  = {ellipse: Functions for Drawing Ellipses and
                      Ellipse-Like Confidence Regions},
    author = {Duncan Murdoch and E. D. Chow},
    year   = {2018},
    note   = {R package version 0.4.1},
    url    = {https://CRAN.R-project.org/package=ellipse},
}

@book{BaddeleyEtAl2015,
  author =       {A. Baddeley and E. Rubak and R. Turner},
  title =        {Spatial Point Patterns: Methodology and Applications with R},
  publisher =    {Chapman and Hall/CRC Press},
  year =         {2015},
  address =      {London}
}

@manual{SwihartLindsey2020,
  title = {rmutil: Utilities for Nonlinear Regression and Repeated
                   Measurements Models},
  author = {Bruce Swihart and Jim Lindsey},
  year = {2020},
  note = {R package version 1.1.4},
  url = {https://CRAN.R-project.org/package=rmutil},
}

@book{CoxHinkley1974,
  author = {D. R. Cox and D. V. Hinkley},
  title  = {Theoretical Statistics},
  publisher = {Chapman and Hall},
  address = {London},
  year = {1974}
}

@book{Davidson2003,
  author = {A. C. Davidson},
  title = {Statistical Models},
  publisher = {Cambridge University Press},
  address = {Cambridge},
  year = {2003}
}

@book{HoggEtAl2005,
  author = {Robert V. Hogg and Joseph W. McKean and Allen T. Craig},
  title  = {Introduction to Mathematical Statistics},
  publisher = {Pearson/Prentice Hall},
  address = {Upper Saddle River, New Jersey},
  year = {2005}
}

@book{LieroZwanzig2012,
  author = {Hannelore Liero and Silevyn Zwanzig},
  title  = {Introduction to the Theory of Statistical Inference},
  publisher = {CRC Press},
  address = {Boca Raton},
  year = {2012}
}

@book{AbramovichRitov2013,
  author = {Felix Abramovich and Ya'acov Ritov},
  title = {Statistical Theory: {A} Concise Introduction},
  publisher = {CRC Press},
  address = {Boca Raton},
  year = {2013}
}

@article{SteinerEtAl2000,
author  = {Stehan H. Steiner and Richard J. Cook and Vern T. Farewell
          and Tom Treasure},
title   = {Monitoring surgical performance using risk-adjusted
          cumulative sum charts},
journal = {Biostatistics},
year    = {2000},
volume  = {1},
pages   = {441 -- 452}
}

@article{Skellam1948,
author = {J. G. Skellam},
title  = {A probability distribution derived from the binomial
          distribution by regarding the probability of success as
          variable between the sets of trials},
journal = {Journal of the Royal Statistical Society, Series B},
volume  = {10},
series  = {B},
year    = {1948},
pages   = {257 -- 261}
}

@article{ParsonnetEtAl1989,
title  = {A Method of uniform stratification of risk for evaluating
          the results of surgery in acquired adult heart disease},
author = {Victor Parsonnet and David Dean and Alan D. Bernstein},
journal = {Circulation},
volume  = {79},
year    = {1989},
pages   = {I3 -- I12}
}

@article{GandyKvaloy2013,
    title = {Guaranteed conditional performance of control charts via
             bootstrap methods},
    author = {Axel Gandy and Jan Terje Kvaloy},
    year = {2013},
    journal = {Scandinavian Journal of Statistics},
    doi = {10.1002/sjos.12006},
    volume = {40},
    issue = {4},
    pages = {647-668}
}

