@inproceedings{ahmed2015using,
  title={Using Crowd-Source Based Features from Social Media and Conventional Features to Predict the Movies Popularity},
  author={Ahmed, Mehreen and Jahangir, Maham and Afzal, Hammad and Majeed, Awais and Siddiqi, Imran},
  booktitle={IEEE International Conference on Smart City/SocialCom/SustainCom (SmartCity)},
  pages={273--278},
  year={2015},
  organization={IEEE},
  url={https://doi.org/10.1109/SmartCity.2015.83}
}

@book{brent2013algorithms,
  title={Algorithms for Minimization without Derivatives},
  author={Brent, Richard P},
  year={2013},
  publisher={Prentice-Hall, Englewood Clifts, New Jersey}
}

@Manual{lme4package,
  title = {lme4: Linear Mixed-Effects Models using 'Eigen' and S4},
  author = {Douglas Bates and Martin Maechler and Ben Bolker and Steven Walker},
  year = {2019},
  note = {R package version 1.1-21},
  url = {https://CRAN.R-project.org/package=lme4},
}

@Manual{CQFpackage,
  title = {CompQuadForm: Distribution Function of Quadratic Forms in Normal Variables},
  author = {P. Lafaye {de Micheaux}},
  year = {2017},
  note = {R package version 1.4.3},
  url = {https://CRAN.R-project.org/package=CompQuadForm},
}

@Manual{DEoptimPackage,
  title = {{DE}optim: Global Optimization by Differential Evolution},
  author = {David Ardia and Katharine Mullen and Brian Peterson and Joshua Ulrich},
  year = {2020},
  note = {R package version 2.2-5},
  url = {https://CRAN.R-project.org/package=DEoptim},
}

@Manual{nlmePackage,
  title = {nlme: Linear and Nonlinear Mixed Effects Models},
  author = {Jos√© Pinheiro and Douglas Bates and {R-core}},
  year = {2019},
  note = {R package version 3.1-140},
  url = {https://CRAN.R-project.org/package=nlme},
}

@Manual{mgcvPackage,
  title = {mgcv: Mixed GAM Computation Vehicle with Automatic Smoothness
Estimation},
  author = {Simon Wood},
  year = {2020},
  note = {R package version 1.8-33},
  url = {https://CRAN.R-project.org/package=mgcv},
}

@Manual{npPackage,
  title = {np: Nonparametric Kernel Smoothing Methods for Mixed Data Types},
  author = {Jeffrey S. Racine and Tristen Hayfield},
  year = {2020},
  note = {R package version 0.60-10},
  url = {https://CRAN.R-project.org/package=np},
}

@Manual{schrammPackage,
  title = {{KSPM}: Kernel Semi-Parametric Models},
  author = {Catherine Schramm},
  year = {2020},
  note = {R package version 0.2.1},
  url = {https://CRAN.R-project.org/package=KSPM},
}

@Manual{KRLSpackageR,
  title = {{KRLS}: Kernel-Based Regularized Least Squares},
  author = {Jens Hainmueller AND Chad Hazlett},
  year = {2017},
  note = {R package version 1.0-0},
  url = {https://CRAN.R-project.org/package=KRLS},
}


 @Article{compQuadForm,
    title = {Computing the Distribution of Quadratic Forms: Further Comparisons between the {Liu-Tang-Zhang} Approximation and Exact Methods},
    author = {P. Duchesne and P. Lafaye {de Micheaux}},
    journal = {Computational Statistics and Data Analysis},
    year = {2010},
    pages = {858-862},
    volume = {54},
    url={https://doi.org/10.1016/j.csda.2009.11.025}
  }

@Article{KRLSFerwerda,
    title = {Kernel-Based Regularized Least Squares in {R} ({KRLS}) and stata ({krls})},
    author = {Jeremy Ferwerda and Jens Hainmueller and Chad J. Hazlett},
    journal = {Journal of Statistical Software},
    year = {2017},
    volume = {79},
    number = {3},
    pages = {1--26},
    URL = {https://doi.org/10.18637/jss.v079.i03},
}

@article{ge2015kernel,
  title={A Kernel Machine Method for Detecting Effects of Interaction between Multidimensional Variable Sets: An Imaging Genetics Application},
  author={Ge, Tian and Nichols, Thomas E and Ghosh, Debashis and Mormino, Elizabeth C and Smoller, Jordan W and Sabuncu, Mert R and the Alzheimer's Disease Neuroimaging Initiative},
  journal={Neuroimage},
  volume={109},
  pages={505--514},
  year={2015},
  publisher={Elsevier},
  url={https://doi.org/10.1016/j.neuroimage.2015.01.029}
}

@Article{adegenet,
    title = {Adegenet 1.3-1: New Tools for the Analysis of Genome-Wide {SNP} Data},
    journal = {Bioinformatics},
    year = {2011},
    author = {T. Jombart and I. Ahmed},
    url = {https://doi.org/10.1093/bioinformatics/btr521},
}


@article{li2012gene,
  title={Gene-Centric Gene-Gene Interaction: A Model-Based Kernel Machine Method},
  author={Li, Shaoyu and Cui, Yuehua},
  journal={The Annals of Applied Statistics},
  volume={6},
  number={3},
  pages={1134--1161},
  year={2012},
  publisher={Institute of Mathematical Statistics},
  url={https://doi.org/10.1214/12-AOAS545}
}

@article{liu2007semiparametric,
  title={Semiparametric Regression of Multidimensional Genetic Pathway Data: Least-Squares Kernel Machines and Linear Mixed Models},
  author={Liu, Dawei and Lin, Xihong and Ghosh, Debashis},
  journal={Biometrics},
  volume={63},
  number={4},
  pages={1079--1088},
  year={2007},
  publisher={Wiley Online Library},
  url={https://doi.org/10.1111/j.1541-0420.2007.00799.x}
}


@article{sun2018,
  title={Multivariate association test for rare variants controlling for cryptic and family relatedness},
  author={Sun, Jianping and Oualkacha, Karim and Greenwood, Celia MT and Lakhal-Chaieb, Lajmi},
  journal={Canadian Journal of Statistics},
  volume={47},
  number={1},
  pages={90--107},
  year={2019},
  publisher={Wiley Online Library},
  url={https://doi.org/10.1002/cjs.11475}
}


@article{wang2017set,
  title={A Set-Based Mixed Effect Model for Gene-Environment Interaction and its Application to Neuroimaging Phenotypes},
  author={Wang, Changqing and Sun, Jianping and Guillaume, Bryan and Ge, Tian and Hibar, Derrek P and Greenwood, Celia MT and Qiu, Anqi and the Alzheimer's Disease Neuroimaging Initiative},
  journal={Frontiers in neuroscience},
  volume={11},
  pages={191},
  year={2017},
  publisher={Frontiers},
  url={https://doi.org/10.3389/fnins.2017.00191}
}










@Manual{SPA3GLi,
    title = {{SPA3G}: {R} Package for the Method of Li and Cui (2012)},
    author = {Shaoyu Li and Yuehua Cui},
    year = {2012},
    note = {R package version 1.0},
    url = {https://CRAN.R-project.org/package=SPA3G},
}



@Manual{SKATLee,
    title = {{SKAT}: {SNP}-Set (Sequence) Kernel Association Test},
    author = {Seunggeun Lee and with contributions from Larisa Miropolsky and Michael Wu},
    year = {2017},
    note = {R package version 1.3.2.1},
    url = {https://CRAN.R-project.org/package=SKAT},

 }

@Manual{coxmeTherneau,
    title = {coxme: Mixed Effects Cox Models},
    author = {Terry M. Therneau},
    year = {2018},
    note = {R package version 2.2-10},
    url = {https://CRAN.R-project.org/package=coxme},
}
  
@article{chen2016small,
  title={Small Sample Kernel Association Tests for Human Genetic and Microbiome Association Studies},
  author={Chen, Jun and Chen, Wenan and Zhao, Ni and Wu, Michael C and Schaid, Daniel J},
  journal={Genetic epidemiology},
  volume={40},
  number={1},
  pages={5--19},
  year={2016},
  publisher={Wiley Online Library},
  url={https://doi.org/10.1002/gepi.21934}
}

@article{davies1980distribution,
  title={Distribution of a Linear Combination of Chi-Square Random Variables: Algorithm AS 155},
  author={Davies, Robert B},
  journal={Applied Statistics},
  volume={29},
  number={3},
  pages={323--33},
  year={1980}
}


@article{zhang2003hypothesis,
  title={Hypothesis Testing in Semiparametric Additive Mixed Models},
  author={Zhang, Daowen and Lin, Xihong},
  journal={Biostatistics},
  volume={4},
  number={1},
  pages={57--74},
  year={2003},
  publisher={Oxford University Press},
  url={https://doi.org/10.1093/biostatistics/4.1.57}
}




@Manual{e1071,
    title = {e1071: Misc Functions of the Department of Statistics, Probability Theory Group (Formerly: E1071), TU Wien},
    author = {David Meyer and Evgenia Dimitriadou and Kurt Hornik and Andreas Weingessel and Friedrich Leisch},
    year = {2018},
    note = {R package version 1.7-0},
    url = {https://CRAN.R-project.org/package=e1071},
  }


@article{wu2011rare,
  title={Rare-Variant Association Testing for Sequencing Data with the Sequence Kernel Association Test},
  author={Wu, Michael C and Lee, Seunggeun and Cai, Tianxi and Li, Yun and Boehnke, Michael and Lin, Xihong},
  journal={The American Journal of Human Genetics},
  volume={89},
  number={1},
  pages={82--93},
  year={2011},
  publisher={Elsevier},
  url={https://doi.org/10.1016/j.ajhg.2011.05.029}
}








@article{marceau2015fast,
  title={A Fast Multiple-Kernel Method with Applications to Detect Gene-Environment Interaction},
  author={Marceau, Rachel and Lu, Wenbin and Holloway, Shannon and Sale, Mich{\`e}le M and Worrall, Bradford B and Williams, Stephen R and Hsu, Fang-Chi and Tzeng, Jung-Ying},
  journal={Genetic epidemiology},
  volume={39},
  number={6},
  pages={456--468},
  year={2015},
  publisher={Wiley Online Library},
  url={https://doi.org/10.1002/gepi.21909}
}



@article{oualkacha2013adjusted,
  title={Adjusted Sequence Kernel Association Test for Rare Variants Controlling for Cryptic and Family Relatedness},
  author={Oualkacha, Karim and Dastani, Zari and Li, Rui and Cingolani, Pablo E and Spector, Timothy D and Hammond, Christopher J and Richards, J Brent and Ciampi, Antonio and Greenwood, Celia MT},
  journal={Genetic epidemiology},
  volume={37},
  number={4},
  pages={366--376},
  year={2013},
  publisher={Wiley Online Library},
  url = {https://doi.org/10.1002/gepi.21725}
}



@article{hainmueller2013kernel,
  title={Kernel Regularized Least Squares: Reducing Misspecification Bias with a Flexible and Interpretable Machine Learning Approach},
  author={Hainmueller, Jens and Hazlett, Chad},
  journal={Political Analysis},
  volume={22},
  number={2},
  pages={143--168},
  year={2013},
  publisher={Oxford University Press}
}




@article{kimeldorf1971some,
  title={Some Results on {T}chebycheffian Spline Functions},
  author={Kimeldorf, George and Wahba, Grace},
  journal={Journal of mathematical analysis and applications},
  volume={33},
  number={1},
  pages={82--95},
  year={1971},
  publisher={Elsevier},
  url={https://doi.org/10.1016/0022-247X(71)90184-3}
}



@article{schifano2012snp,
  title={{SNP} Set Association Analysis for Familial Data},
  author={Schifano, Elizabeth D and Epstein, Michael P and Bielak, Lawrence F and Jhun, Min A and Kardia, Sharon LR and Peyser, Patricia A and Lin, Xihong},
  journal={Genetic epidemiology},
  volume={36},
  number={8},
  pages={797--810},
  year={2012},
  publisher={Wiley Online Library},
  url={https://doi.org/10.1002/gepi.21676}
}





@article{mullen2009deoptim,
  title={DEoptim: An {R} Package for Global Optimization by Differential Evolution},
  author={Mullen, Katharine M and Ardia, David and Gil, David L and Windover, Donald and Cline, James},
  journal={Journal of Statistical Software},
  volume={40},
  number={6},
  pages={1--26},
  url={http://www.jstatsoft.org/v40/i06/},
  year={2009}
}



