@Book{brown-measurement-1993,
  title     = {Measurement, Regression, and Calibration},
  author    = {Brown, P.J.},
  series    = {Oxford Science Publications},
  year      = {1993},
  publisher = {Clarendon Press}
}

@Book{seber-linear-2003,
  title     = {Linear Regression Analysis},
  author    = {Seber, G.A.F. and Lee, A.J.},
  series    = {Wiley Series in Probability and Statistics},
  year      = {2003},
  publisher = {John Wiley \& Sons},
}

@Book{hinkley-bootstrap-1997,
 author    = {Davison, A. C. and Hinkley, D. V.},
 title     = {Bootstrap Methods and their Applications},
 publisher = {Cambridge University Press},
 series    = {Cambridge Series in Statistical and Probabilistic Mathematics},
 year      = {1997},
 address   = {Cambridge},
}

@Book{bates-nonlinear-1988,
 author    = {Bates, Douglas M. and Watts, Donald G.},
 title     = {Nonlinear Regression Analysis and its Applications},
 publisher = {John Wiley \& Sons},
 series    = {Wiley Series in Probability and Statistics: Probability and Statistics Section},
 year      = {1988},
 address   = {New York},
}

@Book{seber-nonlinear-2003,
 title     = {Nonlinear Regression},
 author    = {Seber, G.A.F. and Wild, C.J.},
 series    = {Wiley Series in Probability and Statistics},
 year      = {2003},
 publisher = {John Wiley \& Sons},
}

@Book{graybill-theory-1976,
 author    = {Graybill, F. A.},
 title     = {Theory and Application of the Linear Model},
 publisher = {Duxbury},
 series    = {Duxbury Classic Series},
 year      = {1976},
 address   = {Pacific Grove, CA},
}

@Book{draper-applied-1998,
  author    = {Draper, N. R. and Smith, H.},
  title     = {Applied Regression Analysis},
  publisher = {John Wiley \& Sons},
  series    = {Wiley Series in Probability and Mathematical Statistics: Applied Probability and Statistics},
  year      = {1998},
  address   = {New York},
}

@Book{graybill_regression_1994,
  author    = {Graybill, Franklin A. and Iyer, Hariharan K.},
  title     = {Regression Analysis: Concepts and Applications},
  publisher = {Duxbury Press},
  year      = {1994},
  address   = {Belmont, CA},
}

@Book{miller-simultaneous-1981,
  title     = {Simultaneous Statistical Inference},
  author    = {Miller, R.G.},
  series    = {Springer Series in Statistics},
  publisher = {Springer-Verlag},
  year      = {1981},
}

@Book{venables-modern-2002,
  title     = {Modern Applied Statistics with S},
  author    = {W. N. Venables and B. D. Ripley},
  publisher = {Springer},
  edition   = {Fourth},
  address   = {New York},
  year      = {2002},
  url       = {http://www.stats.ox.ac.uk/pub/MASS4},
}

@Book{fox-r-2011,
  title     = {An {R} Companion to Applied Regression},
  edition   = {Second},
  author    = {John Fox and Sanford Weisberg},
  year      = {2011},
  publisher = {Sage},
  address   = {Thousand Oaks {CA}},
  url       = {http://socserv.socsci.mcmaster.ca/jfox/Books/Companion},
}

@Book{huet-statistical-2004,
  title    = {Statistical Tools for Nonlinear Regression: A Practical Guide with S-PLUS and R Examples},
  author   = {Huet, S.},
  series   = {Springer Series in Statistics},
  year     = {2004},
  publisher= {Springer}
}

@Article{ritz-bioassay-2005,
  title   = {Bioassay Analysis using {R}},
  author  = {C. Ritz and J. C. Streibig},
  journal = {Journal of Statistical Software},
  volume  = {12},
  number  = {5},
  year    = {2005},
  pages   = {1--22},
  url     = {http://www.jstatsoft.org/v12/i05/},
}

@Article{fieller-some-1954,
  author  = {Fieller, E. C.},
  title   = {Some Problems in Interval Estimation},
  journal = {Journal of the Royal Statistical Society: Series B (Statistical Methodology)},
  volume  = {16},
  pages   = {175--185},
  year    = {1954},
}

@Article{eisenhart-interpretation-1939,
  author  = {Eisenhart, C.},
  title   = {The Interpretation of Certain Regression Methods and Their Use in Biological and Industrial Research},
  journal = {Annals of Mathematical Statistics},
  volume  = {10},
  number  = {2},
  pages   = {162--186},
  year    = {1939},
}

@Article{dorfman-note-1938,
  author  = {Dorfman, R.},
  title   = {A Note on the {$\delta$}-Method for Finding Variance Formulae},
  journal = {The Biometric Bulletin},
  volume  = {1},
  pages   = {129--137},
  year    = {1938},
}

@Article{efron-another-1979,
  author  = {Efron, B.},
  title   = {Bootstrap Methods: Another look at the Jackknife},
  journal = {Annals of Statistics},
  volume  = {7},
  number  = {1},
  pages   = {1--26},
  year    = {1979},
}

@Article{jones-bootsrapping-1999,
  author  = {Jones, Geoffrey and Rocke, David M.},
  title   = {Bootstrapping in Controlled Calibration Experiments},
  journal = {Technometrics},
  volume  = {41},
  number  = {3},
  pages   = {224--233},
  year    = {1999},
}

@Article{poon-bayesian-1988,
  author  = {Racine-Poon, Amy},
  title   = {A {B}ayesian Approach to Nonlinear Calibration Problems},
  journal = {Journal of the American Statistical Association},
  volume  = {83},
  number  = {403},
  pages   = {650--656},
  year    = {1988},
}

@Article{osborne-statistical-1991,
  author  = {Osborne, C.},
  title   = {Calibration: A Review},
  journal = {International Statistical Review},
  volume  = {59},
  number  = {3},
  pages   = {309--336},
  year    = {1991},
}

@Article{schwenke-calibration-1991,
  author  = {Schwenke, James R. and Milliken, George A.},
  title   = {On the Calibration Problem Extended to Nonlinear Models},
  journal = {Biometrics},
  volume  = {47},
  number  = {2},
  pages   = {563--574},
  year    = {1991},
}

@Manual{pinheiro-nlme-2013,
  title = {nlme: Linear and Nonlinear Mixed Effects Models},
  author = {Jose Pinheiro and Douglas Bates and Saikat DebRoy and Deepayan Sarkar and {R Core Team}},
  year = {2014},
  note = {R package version 3.1-117},
  url    = {http://CRAN.R-project.org/package=nlme},
}

@Manual{hadley-devtools-2013,
  title  = {devtools: Tools to make developing R code easier},
  author = {Hadley Wickham and Winston Chang},
  year   = {2014},
  note   = {R package version 1.5},
  url    = {http://CRAN.R-project.org/package=devtools},
}

@Manual{canty-boot-2013,
  title  = {boot: Bootstrap R (S-Plus) Functions},
  author = {Angelo Canty and Brian Ripley},
  year   = {2014},
  note   = {R package version 1.3-11},
  url    = {http://CRAN.R-project.org/package=boot},
}

@Manual{investr-package,
  title =	 {investr: Functions for Inverse Estimation with
                  Linear and Nonlinear Regression Models in R},
  author =	 {Brandon M. Greenwell},
  year =	 {2014},
  note =	 {R package version 1.0.2},
  url =		 {https://github.com/w108bmg/investr},
}


