@book{kruschke2014doing,
  title={Doing Bayesian data analysis: A tutorial with R, JAGS, and Stan},
  author={Kruschke, John},
  year={2014},
  publisher={Academic Press}
}

@Article{optmatch,
    author = {Ben B. Hansen and Stephanie Olsen Klopfer},
    title = {Optimal full matching and related designs via network flows},
    keywords = {matched sampling, minimum cost flow, nonrandom treatment assignment, observational study, quasiexperiment, subclassification},
    journal = {Journal of Computational and Graphical Statistics},
    volume = {15},
    number = {3},
    pages = {609--627},
    year = {2006},
  }

  
@Article{Matching,
  title = {Multivariate and Propensity Score Matching Software with Automated Balance Optimization: The {Matching} Package for {R}},
  author = {Jasjeet S. Sekhon},
  journal = {Journal of Statistical Software},
  year = {2011},
  volume = {42},
  number = {7},
  pages = {1--52},
  url = {https://www.jstatsoft.org/v42/i07/},
}


@Article{MatchIt,
    title = {{MatchIt}: Nonparametric Preprocessing for Parametric Causal Inference},
    author = {Daniel E. Ho and Kosuke Imai and Gary King and Elizabeth A. Stuart},
    journal = {Journal of Statistical Software},
    year = {2011},
    volume = {42},
    number = {8},
    pages = {1--28},
    url = {https://www.jstatsoft.org/v42/i08/},
  }

@Manual{sbw,
    title = {sbw: Stable Balancing Weights for Causal Inference and Missing Data},
    author = {Jose R. Zubizarreta and Yige Li and Kwangho Kim},
    year = {2021},
    note = {R package version 1.1.5},
    url = {https://CRAN.R-project.org/package=sbw},
  }


@Manual{optweight,
    title = {optweight: Targeted Stable Balancing Weights Using Optimization},
    author = {Noah Greifer},
    year = {2019},
    note = {R package version 0.2.5},
    url = {https://CRAN.R-project.org/package=optweight},
  }


@Manual{CBPS,
    title = {CBPS: Covariate Balancing Propensity Score},
    author = {Christian Fong and Marc Ratkovic and Kosuke Imai},
    year = {2021},
    note = {R package version 0.22},
    url = {https://CRAN.R-project.org/package=CBPS},
  }

  
@Manual{WeightIt,
    title = {WeightIt: Weighting for Covariate Balance in Observational Studies},
    author = {Noah Greifer},
    year = {2020},
    note = {R package version 0.10.2},
    url = {https://CRAN.R-project.org/package=WeightIt},
  }

  
@Manual{twang,
    title = {twang: Toolkit for Weighting and Analysis of Nonequivalent Groups},
    author = {Greg Ridgeway and Dan McCaffrey and Andrew Morral and Beth Ann Griffin and Lane Burgette and Matthew Cefalu},
    year = {2020},
    note = {R package version 1.6},
    url = {https://CRAN.R-project.org/package=twang},
  }

@article{resnick2011patient,
  title={Patient selection essential in optimizing the benefit of radical prostatectomy for patients with organ-confined prostate cancer},
  author={Resnick, Matthew J and Guzzo, Thomas J},
  journal={Asian Journal of Andrology},
  volume={13},
  number={6},
  pages={789},
  year={2011},
  publisher={Wolters Kluwer--Medknow Publications}
}

@article{lepor2000selecting,
  title={Selecting candidates for radical prostatectomy},
  author={Lepor, Herbert},
  journal={Reviews in urology},
  volume={2},
  number={3},
  pages={182},
  year={2000},
  publisher={MedReviews, LLC}
}

@article{roach2015radical,
  title={Radical prostatectomy versus radiation and androgen deprivation therapy for clinically localized prostate cancer: how good is the evidence?},
  author={Roach III, Mack and Lizarraga, Tania L Ceron and Lazar, Ann A},
  journal={International Journal of Radiation Oncology* Biology* Physics},
  volume={93},
  number={5},
  pages={1064--1070},
  year={2015},
  publisher={Elsevier}
}

@article{varenhorst2016predictors,
  title={Predictors of early androgen deprivation treatment failure in prostate cancer with bone metastases},
  author={Varenhorst, Eberhard and Klaff, Rami and Berglund, Anders and Hedlund, Per Olov and Sandblom, Gabriel and Scandinavian Prostate Cancer Group (SPCG) Trial No. 5},
  journal={Cancer medicine},
  volume={5},
  number={3},
  pages={407--414},
  year={2016},
  publisher={Wiley Online Library}
}

@article{lehtonen2020both,
  title={Both comorbidity and worse performance status are associated with poorer overall survival after external beam radiotherapy for prostate cancer},
  author={Lehtonen, Miikka and Heiskanen, Lauri and Reinikainen, Petri and Kellokumpu-Lehtinen, Pirkko-Liisa},
  journal={BMC cancer},
  volume={20},
  number={1},
  pages={1--8},
  year={2020},
  publisher={BioMed Central}
}

@article{stommel2002depression,
  title={Depression and functional status as predictors of death among cancer patients},
  author={Stommel, Manfred and Given, Barbara A and Given, Charles W},
  journal={Cancer},
  volume={94},
  number={10},
  pages={2719--2727},
  year={2002},
  publisher={Wiley Online Library}
}

@article{jacobs2016association,
  title={Association of functional status and treatment choice among older men with prostate cancer in the Medicare Advantage population},
  author={Jacobs, Bruce L and Lopa, Samia H and Yabes, Jonathan G and Nelson, Joel B and Barnato, Amber E and Degenholtz, Howard B},
  journal={Cancer},
  volume={122},
  number={20},
  pages={3199--3206},
  year={2016},
  publisher={Wiley Online Library}
}

@Manual{drtmle,
    title = {drtmle: Doubly-Robust Nonparametric Estimation and Inference},
    author = {David Benkeser},
    year = {2021},
    note = {R package version 1.1.0},
    url = {https://CRAN.R-project.org/package=drtmle},
  }

  
@Article{EValue,
    title = {Sensitivity analysis in observational research: introducing the E-value},
    author = {Tyler J VanderWeele and Peng Ding},
    journal = {Annals of Internal Medicine},
    year = {2011},
    volume = {167},
    number = {4},
    pages = {268--274},
  }


@Misc{episensr,
    title = {The episensr package: basic sensitivity analysis of epidemiological results},
    author = {Denis Haine},
    year = {2021},
    note = {R package version 1.0.0},
    doi = {10.5281/zenodo.4554554},
    url = {https://dhaine.github.io/episensr/},
  }

@Manual{PSW,
    title = {PSW: Propensity Score Weighting Methods for Dichotomous Treatments},
    author = {Huzhang Mao and Liang Li},
    year = {2018},
    note = {R package version 1.1-3},
    url = {https://CRAN.R-project.org/package=PSW},
  }

@Manual{causalweight,
    title = {causalweight: Estimation Methods for Causal Inference Based on Inverse
Probability Weighting},
    author = {Hugo Bodory and Martin Huber},
    year = {2021},
    note = {R package version 1.0.2},
    url = {https://CRAN.R-project.org/package=causalweight},
  }

  
@Manual{ATE,
    title = {ATE: Inference for Average Treatment Effects using Covariate
Balancing},
    author = {Asad Haris and Gary Chan},
    year = {2015},
    note = {R package version 0.2.0},
    url = {https://CRAN.R-project.org/package=ATE},
  }

  
@Manual{PSweight,
    title = {PSweight: Propensity Score Weighting for Causal Inference with
Observational Studies and Randomized Trials},
    author = {Tianhui Zhou and Guangyu Tong and Fan Li and Laine Thomas and Fan Li},
    year = {2020},
    note = {R package version 1.1.2},
    url = {https://CRAN.R-project.org/package=PSweight},
  }

  
@book{agresti2003categorical,
  title={Categorical data analysis},
  author={Agresti, Alan},
  volume={482},
  year={2003},
  publisher={John Wiley \& Sons}
}

@article{li2011propensity,
  title={Propensity score-based sensitivity analysis method for uncontrolled confounding},
  author={Li, Lingling and Shen, Changyu and Wu, Ann C and Li, Xiaochun},
  journal={American journal of epidemiology},
  volume={174},
  number={3},
  pages={345--353},
  year={2011},
  publisher={Oxford University Press}
}

@Article{hu2022flexible,
  author  = {Hu, Liangyuan and Zou, Jungang and Gu, Chenyang and Ji, Jiayi and Lopez, Michael and Kale, Minal},
  journal = {The Annals of Applied Statistics},
  title   = {{A flexible sensitivity analysis approach for unmeasured confounding with multiple treatments and a binary outcome with application to SEER-Medicare lung cancer data}},
  year    = {2022},
  number  = {2},
  pages   = {1014--1037},
  volume  = {16},
}

@article{hu2019causal,
  title={Causal comparative effectiveness analysis of dynamic continuous-time treatment initiation rules with sparsely measured outcomes and death},
  author={Hu, Liangyuan and Hogan, Joseph W},
  journal={Biometrics},
  volume={75},
  number={2},
  pages={695--707},
  year={2019},
  publisher={Wiley Online Library}
}

@Article{robins1999association,
  author    = {Robins, James M},
  journal   = {Synthese},
  title     = {Association, causation, and marginal structural models},
  year      = {1999},
  pages     = {151--179},
  volume    = {121},
  publisher = {JSTOR},
}

@article{franklin2017comparing,
  title={Comparing the performance of propensity score methods in healthcare database studies with rare outcomes},
  author={Franklin, Jessica M and Eddings, Wesley and Austin, Peter C and Stuart, Elizabeth A and Schneeweiss, Sebastian},
  journal={Statistics in Medicine},
  volume={36},
  number={12},
  pages={1946--1963},
  year={2017},
  publisher={Wiley Online Library}
}

@Article{hu2021estimation,
  author    = {Hu, Liangyuan and Gu, Chenyang},
  journal   = {Health Services and Outcomes Research Methodology},
  title     = {Estimation of causal effects of multiple treatments in healthcare database studies with rare outcomes},
  year      = {2021},
  number    = {3},
  pages     = {287--308},
  volume    = {21},
  publisher = {Springer},
}

@article{holland1986statistics,
  title={Statistics and causal inference},
  author={Holland, Paul W},
  journal={Journal of the American Statistical Association},
  volume={81},
  number={396},
  pages={945--960},
  year={1986},
  publisher={Taylor \& Francis}
}

@article{rubin1974estimating,
  title={Estimating causal effects of treatments in randomized and nonrandomized studies.},
  author={Rubin, Donald B},
  journal={Journal of educational Psychology},
  volume={66},
  number={5},
  pages={688},
  year={1974},
  publisher={American Psychological Association}
}

@article{hade2014bias,
  title={Bias associated with using the estimated propensity score as a regression covariate},
  author={Hade, Erinn M and Lu, Bo},
  journal={Statistics in medicine},
  volume={33},
  number={1},
  pages={74--87},
  year={2014},
  publisher={Wiley Online Library}
}

@article{linden2016estimating,
  title={Estimating causal effects for multivalued treatments: a comparison of approaches},
  author={Linden, Ariel and Uysal, S Derya and Ryan, Andrew and Adams, John L},
  journal={Statistics in Medicine},
  volume={35},
  number={4},
  pages={534--552},
  year={2016},
  publisher={Wiley Online Library}
}

@article{rubin1973use,
  title={The use of matched sampling and regression adjustment to remove bias in observational studies},
  author={Rubin, Donald B},
  journal={Biometrics},
  pages={185--203},
  year={1973},
  publisher={JSTOR}
}

@article{rubin1979using,
  title={Using multivariate matched sampling and regression adjustment to control bias in observational studies},
  author={Rubin, Donald B},
  journal={Journal of the American Statistical Association},
  volume={74},
  number={366a},
  pages={318--328},
  year={1979},
  publisher={Taylor \& Francis}
}

@book{imbens2015causal,
  title={Causal inference in statistics, social, and biomedical sciences},
  author={Imbens, Guido W and Rubin, Donald B},
  year={2015},
  publisher={Cambridge University Press}
}

@article{lopez2017estimation,
  title={Estimation of causal effects with multiple treatments: a review and new ideas},
  author={Lopez, Michael J and Gutman, Roee},
  journal={Statistical Science},
  volume={32},
  number={3},
  pages={432--454},
  year={2017},
  publisher={JSTOR}
}

@article{imbens2000role,
  title={The role of the propensity score in estimating dose-response functions},
  author={Imbens, Guido W},
  journal={Biometrika},
  volume={87},
  number={3},
  pages={706--710},
  year={2000},
  publisher={Oxford University Press}
}

@article{feng2012generalized,
  title={Generalized propensity score for estimating the average treatment effect of multiple treatments},
  author={Feng, Ping and Zhou, Xiao-Hua and Zou, Qing-Ming and Fan, Ming-Yu and Li, Xiao-Song},
  journal={Statistics in Medicine},
  volume={31},
  number={7},
  pages={681--697},
  year={2012},
  publisher={Wiley Online Library}
}

@article{mccaffrey2013tutorial,
  title={A tutorial on propensity score estimation for multiple treatments using generalized boosted models},
  author={McCaffrey, Daniel F and Griffin, Beth Ann and Almirall, Daniel and Slaughter, Mary Ellen and Ramchand, Rajeev and Burgette, Lane F},
  journal={Statistics in Medicine},
  volume={32},
  number={19},
  pages={3388--3414},
  year={2013},
  publisher={Wiley Online Library}
}

@article{horvitz1952generalization,
  title={A generalization of sampling without replacement from a finite universe},
  author={Horvitz, Daniel G and Thompson, Donovan J},
  journal={Journal of the American Statistical Association},
  volume={47},
  number={260},
  pages={663--685},
  year={1952},
  publisher={Taylor \& Francis Group}
}

@article{little1988missing,
  title={Missing-data adjustments in large surveys},
  author={Little, Roderick JA},
  journal={Journal of Business \& Economic Statistics},
  volume={6},
  number={3},
  pages={287--296},
  year={1988},
  publisher={Taylor \& Francis Group}
}

@article{kang2007demystifying,
  title={Demystifying double robustness: A comparison of alternative strategies for estimating a population mean from incomplete data},
  author={Kang, Joseph DY and Schafer, Joseph L and others},
  journal={Statistical Science},
  volume={22},
  number={4},
  pages={523--539},
  year={2007},
  publisher={Institute of Mathematical Statistics}
}

@article{cole2008constructing,
  title={Constructing inverse probability weights for marginal structural models},
  author={Cole, Stephen R and Hern{\'a}n, Miguel A},
  journal={American Journal of Epidemiology},
  volume={168},
  number={6},
  pages={656--664},
  year={2008},
  publisher={Oxford University Press}
}

@article{lee2011weight,
  title={Weight trimming and propensity score weighting},
  author={Lee, Brian K and Lessler, Justin and Stuart, Elizabeth A},
  journal={PLOS One},
  volume={6},
  number={3},
  pages={e18174},
  year={2011},
  publisher={Public Library of Science}
}

@article{rose2019double,
  title={Double robust estimation for multiple unordered treatments and clustered observations: Evaluating drug-eluting coronary artery stents},
  author={Rose, Sherri and Normand, Sharon-Lise},
  journal={Biometrics},
  volume={75},
  number={1},
  pages={289--296},
  year={2019},
  publisher={Wiley Online Library}
}

@article{van2007super,
  title={Super learner},
  author={Van der Laan, Mark J and Polley, Eric C and Hubbard, Alan E},
  year={2007},
   journal={Statistical Applications in Genetics and Molecular Biology},
   volume={6},
  number={1},
  publisher={bepress}
}

@article{schuler2017targeted,
  title={Targeted maximum likelihood estimation for causal inference in observational studies},
  author={Schuler, Megan S and Rose, Sherri},
  journal={American journal of epidemiology},
  volume={185},
  number={1},
  pages={65--73},
  year={2017},
  publisher={Oxford University Press}
}

@article{harder2010propensity,
  title={Propensity score techniques and the assessment of measured covariate balance to test causal associations in psychological research.},
  author={Harder, Valerie S and Stuart, Elizabeth A and Anthony, James C},
  journal={Psychological methods},
  volume={15},
  number={3},
  pages={234},
  year={2010},
  publisher={American Psychological Association}
}

@article{westreich2010propensity,
  title={Propensity score estimation: neural networks, support vector machines, decision trees (CART), and meta-classifiers as alternatives to logistic regression},
  author={Westreich, Daniel and Lessler, Justin and Funk, Michele Jonsson},
  journal={Journal of clinical epidemiology},
  volume={63},
  number={8},
  pages={826--833},
  year={2010},
  publisher={Elsevier}
}

@article{lee2010improving,
  title={Improving propensity score weighting using machine learning},
  author={Lee, Brian K and Lessler, Justin and Stuart, Elizabeth A},
  journal={Statistics in medicine},
  volume={29},
  number={3},
  pages={337--346},
  year={2010},
  publisher={Wiley Online Library}
}

@Article{chipman2010bart,
  author    = {Chipman, Hugh A and George, Edward I and McCulloch, Robert E},
  journal   = {The Annals of Applied Statistics},
  title     = {{BART}: Bayesian additive regression trees},
  year      = {2010},
  number    = {1},
  pages     = {266--298},
  volume    = {4},
  publisher = {Institute of Mathematical Statistics},
}

@Article{hu2020estimation,
  author    = {Hu, Liangyuan and Gu, Chenyang and Lopez, Michael and Ji, Jiayi and Wisnivesky, Juan},
  journal   = {Statistical Methods in Medical Research},
  title     = {Estimation of causal effects of multiple treatments in observational studies with a binary outcome},
  year      = {2020},
  number    = {11},
  pages     = {3218--3234},
  volume    = {29},
  publisher = {SAGE Publications Sage UK: London, England},
}

@article{team2013r,
  title={R: A language and environment for statistical computing},
  author={Team, R Core and others},
  year={2013},
  publisher={Vienna, Austria}
}

@Article{ennis2018brachytherapy,
  author    = {Ennis, Ronald D and Hu, Liangyuan and Ryemon, Shannon N and Lin, Joyce and Mazumdar, Madhu},
  title     = {Brachytherapy-based radiotherapy and radical prostatectomy are associated with similar survival in high-risk localized prostate cancer},
  number    = {12},
  pages     = {1192--1198},
  volume    = {36},
  journal   = {Journal of Clinical Oncology},
  publisher = {American Society of Clinical Oncology},
  year      = {2018},
}


@article{hill2013assessing,
  title={Assessing lack of common support in causal inference using Bayesian nonparametrics: Implications for evaluating the effect of breastfeeding on children's cognitive outcomes},
  author={Hill, Jennifer and Su, Yu-Sung},
  journal={The Annals of Applied Statistics},
  pages={1386--1420},
  year={2013},
  publisher={JSTOR}
}

@Article{erik2007strengthening,
  author  = {Erik von Elm, MD and Altman, Douglas G and Egger, Matthias and others},
  journal = {Annals of Internal Medicine},
  title   = {{The Strengthening the Reporting of Observational Studies in Epidemiology (STROBE) statement: guidelines for reporting observational studies}},
  year    = {2007},
  number  = {8},
  pages   = {573–-577},
  volume  = {147},
}

@Article{rubin1980randomization,
  author    = {Rubin, Donald B},
  journal   = {Journal of the American Statistical Association},
  title     = {{Randomization analysis of experimental data: The Fisher randomization test comment}},
  year      = {1980},
  number    = {371},
  pages     = {591--593},
  volume    = {75},
  publisher = {JSTOR},
}

@Article{hill2011bayesian,
  author    = {Hill, Jennifer L},
  journal   = {Journal of Computational and Graphical Statistics},
  title     = {Bayesian nonparametric modeling for causal inference},
  year      = {2011},
  number    = {1},
  pages     = {217--240},
  volume    = {20},
  publisher = {Taylor \& Francis},
}

@Article{hu2021estimating,
  author    = {Hu, Liangyuan and Lin, Jung-Yi Joyce and Sigel, Keith and Kale, Minal},
  journal   = {Annals of Epidemiology},
  title     = {Estimating heterogeneous survival treatment effects of lung cancer screening approaches: A causal machine learning analysis},
  year      = {2021},
  pages     = {36--42},
  volume    = {62},
  publisher = {Elsevier},
}

@Article{hu2021estimatingsim,
  author    = {Hu, Liangyuan and Ji, Jiayi and Li, Fan},
  journal   = {Statistics in Medicine},
  title     = {Estimating heterogeneous survival treatment effect in observational data using machine learning},
  year      = {2021},
  number    = {21},
  pages     = {4691--4713},
  volume    = {40},
  publisher = {Wiley Online Library},
}

@Article{hu2020tree,
  author    = {Hu, Liangyuan and Liu, Bian and Ji, Jiayi and Li, Yan},
  journal   = {Journal of the American Heart Association},
  title     = {{Tree-based} machine learning to identify and understand major determinants for stroke at the neighborhood level},
  year      = {2020},
  number    = {22},
  pages     = {e016745},
  volume    = {9},
  publisher = {Am Heart Assoc},
}

@Article{kindo2016multinomial,
  author    = {Kindo, Bereket P and Wang, Hao and Pe{\~n}a, Edsel A},
  journal   = {Stat},
  title     = {Multinomial probit Bayesian additive regression trees},
  year      = {2016},
  number    = {1},
  pages     = {119--131},
  volume    = {5},
  publisher = {Wiley Online Library},
}

@InCollection{hogan2014bayesian,
  author    = {Joseph W. Hogan AND Michael J. Daniels AND Liangyuan Hu},
  booktitle = {Handbook of Missing Data Methodology},
  publisher = {Boca Raton, FL: CRC Press},
  title     = {A Bayesian perspective on assessing sensitivity to assumptions about unobserved data},
  year      = {2014},
  chapter   = {18},
  editor    = {Geert Molenberghs and Garrett Fitzmaurice and Michael G. Kenward and Anastasios Tsiatis and Geert Verbeke},
  pages     = {405--434},
}

@Article{austin2016variance,
  author    = {Austin, Peter C},
  journal   = {Statistics in Medicine},
  title     = {{Variance estimation when using inverse probability of treatment weighting (IPTW) with survival analysis}},
  year      = {2016},
  number    = {30},
  pages     = {5642--5655},
  volume    = {35},
  publisher = {Wiley Online Library},
}

@Article{hu2022aflexible,
  author  = {Hu, Liangyuan and Ji, Jiayi and Ennis, Ronald D. and Hogan, Joseph W.},
  journal = {arXiv preprint},
  title   = {A flexible approach for causal inference with multiple treatments and clustered survival outcomes},
  year    = {2022},
  note    = {arXiv:2202.08318},
}

@Article{hu2021variable,
  author    = {Hu, Liangyuan and Joyce Lin, Jung-Yi and Ji, Jiayi},
  journal   = {Statistical Methods in Medical Research},
  title     = {Variable selection with missing data in both covariates and outcomes: Imputation and machine learning},
  year      = {2021},
  number    = {12},
  pages     = {2651--2671},
  volume    = {30},
  publisher = {SAGE Publications Sage UK: London, England},
}

@Comment{jabref-meta: databaseType:bibtex;}
