@Manual{rcoreteam2021r,
  title            = {{R}: A Language and Environment for Statistical Computing},
  author           = {{R Core Team}},
  organization     = {{R} Foundation for Statistical Computing},
  year             = {2024},
  url              = {https://www.R-project.org/}
}
@Book{everitt2001cluster,
  author           = {Brian S. Everitt and Sabine Landau and Morven Leese and Daniel Stahl},
  publisher        = {John Wiley \& Sons},
  title            = {Cluster Analysis},
  year             = {2011},
  edition          = {5th},
  isbn             = {9780470978443}
}
@Article{aloia2008time,
  author           = {Mark S. Aloia and Matthew S. Goodwin and Wayne F. Velicer and J. Todd Arnedt and Molly Zimmerman and Jaime Skrekas and Sarah Harris and Richard P. Millman},
  journal          = {Annals of Behavioral Medicine},
  title            = {Time Series Analysis of Treatment Adherence Patterns in Individuals with Obstructive Sleep Apnea},
  year             = {2008},
  number           = {1},
  pages            = {44--53},
  volume           = {36},
  doi              = {10.1007/s12160-008-9052-9},
  publisher        = {Springer Nature}
}
@Article{genolini2015kml,
  author           = {Christophe Genolini and Xavier Alacoque and Marianne Sentenac and Catherine Arnaud},
  journal          = {Journal of Statistical Software},
  title            = {{kml} and {kml3d}: {R} Packages to Cluster Longitudinal Data},
  year             = {2015},
  number           = {4},
  pages            = {1--34},
  volume           = {65},
  url              = {http://www.jstatsoft.org/v65/i04/}
}
@Article{proustlima2017estimation,
  author           = {C{\'e}cile Proust-Lima and Viviane Philipps and Benoit Liquet},
  journal          = {Journal of Statistical Software},
  title            = {Estimation of Extended Mixed Models Using Latent Classes and Latent Processes: The {R} Package {lcmm}},
  year             = {2017},
  number           = {2},
  pages            = {1--56},
  volume           = {78},
  doi              = {10.18637/jss.v078.i02}
}
@Article{leisch2004flexMix,
  author           = {Friedrich Leisch},
  journal          = {Journal of Statistical Software},
  title            = {{FlexMix}: A General Framework for Finite Mixture Models and Latent Class Regression in {R}},
  year             = {2004},
  number           = {8},
  pages            = {1--18},
  volume           = {11},
  doi              = {10.18637/jss.v011.i08},
  url              = {http://www.jstatsoft.org/v11/i08/}
}
@Article{gruen2008flexMix,
  author           = {Bettina Gr{\"u}n and Friedrich Leisch},
  journal          = {Journal of Statistical Software},
  title            = {{FlexMix} Version 2: Finite Mixtures with Concomitant Variables and Varying and Constant Parameters},
  year             = {2008},
  number           = {4},
  pages            = {1--35},
  volume           = {28},
  doi              = {10.18637/jss.v028.i04},
  url              = {http://www.jstatsoft.org/v28/i04/}
}
@Article{sardaespinosa2019time,
  author           = {Alexis Sard{\'a}-Espinosa},
  journal          = {The R Journal},
  title            = {Time-Series Clustering in {R} Using the {dtwclust} Package},
  year             = {2019},
  doi              = {10.32614/RJ-2019-023}
}
@Manual{mcnicholas2019longclust,
  title            = {{longclust}: Model-Based Clustering and Classification for Longitudinal Data},
  author           = {Paul D. McNicholas and K. Raju Jampani and Sanjeena Subedi},
  note             = {R package version 1.5},
  year             = {2023},
  url              = {https://CRAN.R-project.org/package=longclust}
}
@Article{benaglia2009mixtools,
  author           = {Tatiana Benaglia and Didier Chauveau and David R. Hunter and Derek Young},
  journal          = {Journal of Statistical Software},
  title            = {{mixtools}: An {R} Package for Analyzing Finite Mixture Models},
  year             = {2009},
  number           = {6},
  pages            = {1--29},
  volume           = {32},
  url              = {http://www.jstatsoft.org/v32/i06/}
}
@Manual{Nielsen2018crimCV,
  title            = {{crimCV}: Group-Based Modelling of Longitudinal Data},
  author           = {Jason D. Nielsen},
  note             = {R package version 1.0.0},
  year             = {2023},
  url              = {https://CRAN.R-project.org/package=crimCV}
}
@Article{Scrucca2016mclust,
  author           = {Luca Scrucca and Michael Fop and Thomas Brendan Murphy and Adrian E. Raftery},
  journal          = {The {R} Journal},
  title            = {{mclust} 5: Clustering, Classification and Density Estimation Using {G}aussian Finite Mixture Models},
  year             = {2016},
  number           = {1},
  pages            = {205--233},
  volume           = {8},
  url              = {https://journal.r-project.org/archive/2016-1/scrucca-fop-murphy-etal.pdf}
}
@Manual{Bouveyron2015funFEM,
  title            = {{funFEM}: Clustering in the Discriminative Functional Subspace},
  author           = {Charles Bouveyron},
  note             = {R package version 1.2},
  year             = {2021},
  url              = {https://CRAN.R-project.org/package=funFEM}
}
@Article{Komarek2009New,
  author           = {Arno{\v s}t Kom{\'a}rek},
  journal          = {Computational Statistics \& Data Analysis},
  title            = {A New {R} Package for {B}ayesian Estimation of Multivariate Normal Mixtures Allowing for Selection of the Number of Components and Interval-Censored Data},
  year             = {2009},
  number           = {12},
  pages            = {3932--3947},
  volume           = {53},
  doi              = {10.1016/j.csda.2009.05.006}
}
@Article{Bates2015Fitting,
  author           = {Douglas Bates and Martin M{\"a}chler and Ben Bolker and Steve Walker},
  journal          = {Journal of Statistical Software},
  title            = {Fitting Linear Mixed-Effects Models Using {lme4}},
  year             = {2015},
  number           = {1},
  pages            = {1--48},
  volume           = {67},
  doi              = {10.18637/jss.v067.i01}
}
@Manual{Desgraupes2018clusterCrit,
  author           = {Bernard Desgraupes},
  note             = {R package version 1.3.0},
  title            = {{clusterCrit}: Clustering Indices},
  year             = {2023},
  url              = {https://CRAN.R-project.org/package=clusterCrit}
}
@Book{Wickham2016ggplot2,
  author           = {Hadley Wickham},
  publisher        = {Springer-Verlag New York},
  title            = {{ggplot2}: Elegant Graphics for Data Analysis},
  year             = {2016},
  edition          = {2nd},
  isbn             = {978-3-319-24277-4},
  url              = {https://ggplot2.tidyverse.org}
}
@Manual{Dowle2020data.table,
  title            = {{data.table}: Extension of {`{data.frame}'}},
  author           = {Tyson Barrett and Matt Dowle and Arun Srinivasan and Jan Gorecki and Michael Chirico and Toby Hocking and Benjamin Schwendinger},
  note             = {R package version 1.16.4},
  year             = {2024},
  url              = {https://CRAN.R-project.org/package=data.table}
}
@InCollection{muthen2004latent,
  author           = {Bengt Muth{\'e}n},
  booktitle        = {The {SAGE} Handbook of Quantitative Methodology for the Social Sciences},
  publisher        = {{SAGE} Publications, Inc.},
  title            = {Latent Variable Analysis: {G}rowth Mixture Modeling and Related Techniques for Longitudinal Data},
  year             = {2004},
  pages            = {346--369},
  doi              = {10.4135/9781412986311.n19}
}
@Article{aghabozorgi2015time,
  author           = {Saeed Aghabozorgi and Ali Seyed Shirkhorshidi and Teh Ying Wah},
  journal          = {Information Systems},
  title            = {Time-series Clustering - A Decade Review},
  year             = {2015},
  pages            = {16--38},
  volume           = {53},
  doi              = {10.1016/j.is.2015.04.007},
  publisher        = {Elsevier}
}
@Article{nagin2010groupclinical,
  author           = {Daniel S. Nagin and Candice L. Odgers},
  journal          = {Annual Review of Clinical Psychology},
  title            = {Group-based Trajectory Modeling in Clinical Research},
  year             = {2010},
  number           = {1},
  pages            = {109--138},
  volume           = {6},
  doi              = {10.1146/annurev.clinpsy.121208.131413},
  publisher        = {Annual Reviews}
}
@TechReport{dongen2000performance,
  author           = {Stijn van Dongen},
  institution      = {CWI (Centre for Mathematics and Computer Science)},
  title            = {Performance criteria for graph clustering and {M}arkov cluster experiments},
  year             = {2000},
  number           = {INS-R0012}
}
@Article{van2017grolts,
  author           = {Rens van de Schoot and Marit Sijbrandij and Sonja D. Winter and Sarah Depaoli and Jeroen K. Vermunt},
  journal          = {Structural Equation Modeling: A Multidisciplinary Journal},
  title            = {The {GRoLTS}-Checklist: Guidelines for Reporting on Latent Trajectory Studies},
  year             = {2017},
  number           = {3},
  pages            = {451--467},
  volume           = {24},
  doi              = {10.1080/10705511.2016.1247646},
  publisher        = {Routledge}
}
@Book{nagin2005group,
  author           = {Daniel S. Nagin},
  publisher        = {Harvard University Press},
  title            = {Group-Based Modeling of Development},
  year             = {2005},
  edition          = {1st},
  isbn             = {978-0-674-04131-8},
  doi              = {10.4159/9780674041318}
}
@InCollection{hamaker2012researchers,
  author           = {Ellen L. Hamaker},
  booktitle        = {Handbook of Research Methods for Studying Daily Life},
  publisher        = {Guilford Publications},
  title            = {Why Researchers Should Think "within-person": A Paradigmatic Rationale},
  year             = {2012},
  editor           = {M. R. Mehl and T. S. Conner},
  isbn             = {1462513050},
  pages            = {43--61}
}
@Article{babbin2015identifying,
  author           = {Steven F. Babbin and Wayne F. Velicer and Mark S. Aloia and Clete A. Kushida},
  journal          = {Multivariate Behavioral Research},
  title            = {Identifying Longitudinal Patterns for Individuals and Subgroups: An Example with Adherence to Treatment for Obstructive Sleep Apnea},
  year             = {2015},
  number           = {1},
  pages            = {91--108},
  volume           = {50},
  doi              = {10.1080/00273171.2014.958211},
  publisher        = {Routledge}
}
@Article{cayanan2019review,
  author           = {Elizabeth A. Cayanan and Delwyn J. Bartlett and Julia L. Chapman and Camilla M. Hoyos and Craig L. Phillips and Ronald R. Grunstein},
  journal          = {European Respiratory Review},
  title            = {A Review of Psychosocial Factors and Personality in the Treatment of Obstructive Sleep Apnoea},
  year             = {2019},
  number           = {152},
  volume           = {28},
  doi              = {10.1183/16000617.0005-2019},
  publisher        = {European Respiratory Society ({ERS})}
}
@Article{hubert1985comparing,
  author           = {Lawrence Hubert and Phipps Arabie},
  journal          = {Journal of Classification},
  title            = {Comparing Partitions},
  year             = {1985},
  number           = {1},
  pages            = {193--218},
  volume           = {2},
  doi              = {10.1007/BF01908075},
  publisher        = {Springer-Verlag}
}
@Article{de2008model,
  author           = {Rolando de la Cruz-Mes{\'i}a and Fernando A. Quintana and Guillermo Marshall},
  journal          = {Computational Statistics \& Data Analysis},
  title            = {Model-based clustering for longitudinal data},
  year             = {2008},
  number           = {3},
  pages            = {1441--1457},
  volume           = {52},
  doi              = {10.1016/j.csda.2007.04.005},
  publisher        = {Elsevier}
}
@Article{mcnicholas2010model,
  author           = {Paul D. McNicholas and T. Brendan Murphy},
  journal          = {Canadian Journal of Statistics},
  title            = {Model-based clustering of longitudinal data},
  year             = {2010},
  number           = {1},
  pages            = {153--168},
  volume           = {38},
  publisher        = {Wiley Online Library}
}
@Article{dziak2015modeling,
  author           = {John J. Dziak and Runze Li and Xianming Tan and Saul Shiffman and Mariya P. Shiyko},
  journal          = {Psychological Methods},
  title            = {Modeling Intensive Longitudinal Data with Mixtures of Nonparametric Trajectories and Time-varying Effects},
  year             = {2015},
  issn             = {1939-1463},
  number           = {4},
  pages            = {444--469},
  volume           = {20},
  doi              = {10.1037/met0000048},
  publisher        = {American Psychological Association ({APA})}
}
@Article{he2019evaluating,
  author           = {Jinbo He and Xitao Fan},
  journal          = {Structural Equation Modeling: A Multidisciplinary Journal},
  title            = {Evaluating the Performance of the {K}-fold Cross-Validation Approach for Model Selection in Growth Mixture Modeling},
  year             = {2019},
  issn             = {1070-5511},
  number           = {1},
  pages            = {66--79},
  volume           = {26},
  doi              = {10.1080/10705511.2018.1500140},
  publisher        = {Taylor \& Francis}
}
@Article{liao2005clustering,
  author           = {T. Warren Liao},
  journal          = {Pattern Recognition},
  title            = {Clustering of time series data --- a survey},
  year             = {2005},
  issn             = {0031-3203},
  number           = {11},
  pages            = {1857--1874},
  volume           = {38},
  doi              = {10.1016/j.patcog.2005.01.025},
  publisher        = {Elsevier}
}
@Article{fang2012selection,
  author           = {Yixin Fang and Junhui Wang},
  journal          = {Computational Statistics \& Data Analysis},
  title            = {Selection of the Number of Clusters Via the Bootstrap Method},
  year             = {2012},
  number           = {3},
  pages            = {468--477},
  volume           = {56},
  doi              = {10.1016/j.csda.2011.09.003},
  publisher        = {Elsevier}
}
@Article{hennig2007clusterwise,
  author           = {Christian Hennig},
  journal          = {Computational Statistics \& Data Analysis},
  title            = {Cluster-Wise Assessment of Cluster Stability},
  year             = {2007},
  issn             = {0167-9473},
  number           = {1},
  pages            = {258--271},
  volume           = {52},
  doi              = {10.1016/j.csda.2006.11.025},
  publisher        = {Elsevier {BV}},
  url              = {http://www.sciencedirect.com/science/article/pii/S0167947306004622}
}
@Article{lord2017using,
  author           = {Etienne Lord and Matthieu Willems and François-Joseph Lapointe and Vladimir Makarenkov},
  journal          = {Information Sciences},
  title            = {Using the Stability of Objects to Determine the Number of Clusters in Datasets},
  year             = {2017},
  issn             = {0020-0255},
  pages            = {29--46},
  volume           = {393},
  doi              = {10.1016/j.ins.2017.02.010},
  url              = {http://www.sciencedirect.com/science/article/pii/S0020025517304541}
}
@Manual{You2018mclustcomp,
  title            = {{mclustcomp}: Measures for Comparing Clusters},
  author           = {Kisung You},
  note             = {R package version 0.3.3},
  year             = {2021},
  url              = {https://CRAN.R-project.org/package=mclustcomp}
}
@Article{Adepeju2020akmedoids,
  author           = {Monsuru Adepeju and Samuel Langton and Jon Bannister},
  journal          = {Journal of Open Source Software},
  title            = {Akmedoids {R} Package for Generating Directionally-Homogeneous Clusters of Longitudinal Data Sets},
  year             = {2020},
  number           = {56},
  pages            = {2379},
  volume           = {5},
  doi              = {10.21105/joss.02379},
  publisher        = {The Open Journal},
  url              = {https://doi.org/10.21105/joss.02379}
}
@Article{arbelaitz2013extensive,
  author           = {Olatz Arbelaitz and Ibai Gurrutxaga and Javier Muguerza and Jes{\'u}s M. P{\'e}rez and I{\~n}igo Perona},
  journal          = {Pattern Recognition},
  title            = {An Extensive Comparative Study of Cluster Validity Indices},
  year             = {2013},
  issn             = {0031-3203},
  number           = {1},
  pages            = {243--256},
  volume           = {46},
  doi              = {10.1016/j.patcog.2012.07.021},
  publisher        = {Elsevier}
}
@Article{vandernest2020overview,
  author           = {Gavin Van der Nest and Val{\'e}ria Lima Passos and Math J.J.M. Candel and Gerard J.P. Van Breukelen},
  journal          = {Advances in Life Course Research},
  title            = {An Overview of Mixture Modelling for Latent Evolutions in Longitudinal Data: Modelling Approaches, Fit Statistics and Software},
  year             = {2020},
  issn             = {1040-2608},
  pages            = {100323},
  volume           = {43},
  doi              = {10.1016/j.alcr.2019.100323}
}
@Article{nagin2018group,
  author           = {Daniel S. Nagin and Bobby L. Jones and Val{\'e}ria Lima Passos and Richard E. Tremblay},
  journal          = {Statistical Methods in Medical Research},
  title            = {Group-Based Multi-trajectory Modeling},
  year             = {2018},
  number           = {7},
  pages            = {2015--2023},
  volume           = {27},
  doi              = {10.1177/0962280216673085},
  publisher        = {SAGE Publications Sage UK: London, England}
}
@Article{denteuling2021comparison,
  author           = {Den Teuling, Niek G. P. and Steffen C. Pauws and Edwin R. Van den Heuvel},
  journal          = {Communications in Statistics - Simulation and Computation},
  title            = {A Comparison of Methods for Clustering Longitudinal Data with Slowly Changing Trends},
  year             = {2021},
  doi              = {10.1080/03610918.2020.1861464},
  publisher        = {Taylor \& Francis}
}
@Manual{weston2022foreach,
  title            = {{foreach}: Provides Foreach Looping Construct},
  author           = {{Microsoft} and Steve Weston},
  note             = {R package version 1.5.2},
  year             = {2022},
  url              = {https://CRAN.R-project.org/package=foreach}
}
@Article{yi2022identifying,
  author           = {Huijie Yi and Xiaosong Dong and Shaomei Shang and Chi Zhang and Liyue Xu and Fang Han},
  journal          = {Frontiers in Neurology},
  title            = {Identifying Longitudinal Patterns of {CPAP} Treatment in {OSA} Using Growth Mixture Modeling: Disease Characteristics and Psychological Determinants},
  year             = {2022},
  pages            = {1063461},
  volume           = {13},
  doi              = {10.3389/fneur.2022.1063461}
}
@Article{denteuling2021latent,
  author           = {Den Teuling, Niek G .P.  and Edwin R. Van den Heuvel and Mark S. Aloia and Steffen C. Pauws},
  journal          = {BMC Medical Research Methodology},
  title            = {A Latent-Class Heteroskedastic Hurdle Trajectory Model: Patterns of Adherence in Obstructive Sleep Apnea Patients on {CPAP} Therapy},
  year             = {2021},
  number           = {1},
  pages            = {1--15},
  volume           = {21},
  doi              = {10.1186/s12874-021-01407-6},
  publisher        = {Springer-Verlag}
}
@Article{rousseeuw1987silhouettes,
  author           = {Peter J. Rousseeuw},
  journal          = {Journal of Computational and Applied Mathematics},
  title            = {Silhouettes: A Graphical Aid to the Interpretation and Validation of Cluster Analysis},
  year             = {1987},
  issn             = {0377-0427},
  pages            = {53--65},
  volume           = {20},
  doi              = {10.1016/0377-0427(87)90125-7}
}
@Book{venables2002modern,
  author           = {W. N. Venables and B. D. Ripley},
  publisher        = {Springer-Verlag},
  title            = {Modern Applied Statistics with {S}},
  year             = {2002},
  edition          = {4th},
  url              = {https://www.stats.ox.ac.uk/pub/MASS4/}
}
@Article{martin2015growth,
  author           = {Daniel P. Martin and Timo von Oertzen},
  journal          = {Structural Equation Modeling: A Multidisciplinary Journal},
  title            = {Growth Mixture Models Outperform Simpler Clustering Algorithms When Detecting Longitudinal Heterogeneity, Even With Small Sample Sizes},
  year             = {2015},
  issn             = {1070-5511},
  number           = {2},
  pages            = {264--275},
  volume           = {22},
  doi              = {10.1080/10705511.2014.936340},
  publisher        = {Taylor \& Francis}
}
