@Article{austin:2010,
  author = {Peter Austin},
  title = {Optimal Caliper Widths for Propensity-Score Matching When Estimating Differences in Means and Differences in Proportions in Observational Studies},
  journal = {Pharmaceutical Statistics},
  volume = {10},
  number = {2},
  pages = {150--161},
  year = {2010},
  url = {https://doi.org/10.1002/pst.433},
}

@Article{CALIENDO:2008,
  author = {Marco Caliendo and Sabine Kopeinig},
  title = {Some Practical Guidance for the Implementation of Propensity Score Matching},
  journal = {Journal of Economic Surveys},
  volume = {22},
  number = {1},
  pages = {31--72},
  year = {2008},
  url = {https://doi.org/10.1111/j.1467-6419.2007.00527.xl},
}

@Article{ROSENBAUM:1983,
  author = {Paul Rosenbaum and Donald Rubin},
  title = {The Central Role of the Propensity Score in Observational Studies for Causal Effects},
  journal = {Biometrika},
  volume = {70},
  number = {1},
  pages = {41--55},
  year = {1983},
  url = {https://doi.org/10.1093/biomet/70.1.41},
}

@Article{rosenbaum:1985,
  author = {Paul Rosenbaum and Donald Rubin},
  title = {Constructing a Control Group Using Multivariate Matched Sampling Methods That Incorporate the Propensity Score},
  journal = {The American Statistician},
  volume = {39},
  number = {1},
  pages = {33--38},
  year = {1985},
  url = {https://doi.org/10.2307/2683903},
}

@Article{MEYER:1995,
  author = {Bruce Meyer},
  title = {Natural and Quasi-Experiments in Economics},
  journal = {Journal of Business and Economic Statistics},
  volume = {13},
  number = {2},
  pages = {151--161},
  year = {1995},
  url = {https://doi.org/10.2307/1392369},
}

@Article{DEHEJIA:2002,
  author = {Rajeev Dehejia and Sadek Wahba},
  title = {Propensity Score-Matching Methods for Nonexperimental Causal Studies},
  journal = {Review of Economics and Statistics},
  volume = {84},
  number = {1},
  pages = {151--161},
  year = {2002},
  url = {https://doi.org/10.1162/003465302317331982 },
}

@Article{LEE:2010,
  author = {B Lee and J Lessler and E Stuart},
  title = {Improving Propensity Score Weighting Using Machine Learning},
  journal = {Statistics in Medicine},
  volume = {29},
  number = {3},
  pages = {337--346},
  year = {2010},
  url = {https://doi.org/10.1002/sim.3782},
}

@Article{WESTREICH:2010,
  author = {Daniel Westreich and Justin Lessler and Michele Funk},
  title = {Propensity Score Estimation: Machine Learning and Classification Methods as Alternatives to Logistic Regression},
  journal = {Journal of Clinical Epidemiology},
  volume = {63},
  number = {8},
  pages = {826-833},
  year = {2010},
  url = {https://doi.org/10.1016/j.jclinepi.2009.11.020},
}

@Article{STUART:2010,
  author = {Elizabeth Stuart},
  title = {Matching Methods for Causal Inference: A Review and a Look Forward},
  journal = {Statistical science : a review journal of the Institute of Mathematical Statistics},
  volume = {25},
  number = {1},
  pages = {1-21},
  year = {2010},
  url = {https://doi.org/10.1214/09-STS313},
}

@Article{LI:2011,
  author = {Yunfei Li and Kathleen Propert and Paul Rosenbaum},
  title = {Balanced Risk Set Matching},
  journal = {Journal of the American Statistical Association},
  volume = {96},
  year = {2011},
  url = {https://doi.org/10.1198/016214501753208573},
}

@PhdThesis{YI:2014,
  author = {Sun Yi},
  title = {New Matching algorithm?Outlier First Matching (OFM) and Its Performance on Propensity Score Analysis (PSA) under New Stepwise Matching Framework (SMF)},
  school = {State University of New York at Albany},
  year = {2014},
  url = {https://pqdtopen.proquest.com/doc/1610821085.html?FMT=ABS},
}

@Article{SEEGER:2005,
  author = {J Seeger and P Williams and A Walker},
  title = {An Application of Propensity Score Matching Using Claims Data},
  journal = {Pharmacoepidemiology and Drug Safety},
  volume = {14},
  number = {7},
  pages = {465--476},
  year = {2005},
  url = {https://doi.org/10.1002/pds.1062},
}

@Article{MACK:2013,
  author = {C Mack and R Glynn and M Brookhart and W Carpenter and A Meyer and R Sandler and T Stüurmer},
  title = {Calendar Time-Specific Propensity Scores and Comparative Effectiveness Research for Stage III Colon Cancer Chemotherapy},
  journal = {Pharmacoepidemiology and Drug Safety},
  volume = {22},
  number = {8},
  pages = {810--818},
  year = {2013},
  url = {https://doi.org/10.1002/pds.3386},
}

@Article{ROBINS:2000,
  author = {J Robins and M Hernán and B Brumback},
  title = {Marginal Structural Models and Causal Inference in Epidemiology.},
  journal = {Epidemiology},
  volume = {11},
  number = {5},
  pages = {550-560},
  year = {2000},
  url = {https://www.ncbi.nlm.nih.gov/pubmed/10955408},
}

@Article{IMAI:2015,
  author = {Kosuke Imai and Marc Ratkovic},
  title = {Robust Estimation of Inverse Probability Weights for Marginal Structural Models},
  journal = {Journal of the American Statistical Association},
  volume = {110},
  year = {2015},
  url = {https://doi.org/10.1080/01621459.2014.956872},
}

@Article{RESNIK:2008,
  author = {D Resnik},
  title = {Randomized Controlled Trials in Environmental Health Research: Ethical Issues},
  journal = {Journal of Environmental Health},
  volume = {70},
  number = {6},
  pages = {28-30},
  year = {2008},
  url = {https://www.ncbi.nlm.nih.gov/pubmed/18236934},
}

@Article{COCHRAN:1973,
  author = {W Cochran and D Rubin},
  title = {Controlling Bias in Observational Studies: A Review},
  journal = {Sankhyā: The Indian Journal of Statistics, Series A},
  volume = {35},
  number = {4},
  pages = {417-446},
  year = {1973},
  url = {https://www.jstor.org/stable/25049893},
}

@Article{wang:2013,
  author = {Yongji Wang and Cai Hongwei and Li Chanjuan and Ling Wang and Song Jiugang and Jielai Xia},
  journal = {PLOS ONE},
  title = {Optimal Caliper Width for Propensity Score Matching of Three Treatment Groups: A Monte Carlo Study},
  year = {2013},
  url = {https://doi.org/10.1371/journal.pone.0081045},
}

@Article{WITMAN:2018,
  author = {Allison Witman and Christopher Beadles and Liu Yiyan and Ann Larsen and Nilay Kafali and Sabina Gandhi and Peter Amico and Thomas Hoerger},
  journal = {Health Services Research},
  title = {Comparison Group Selection in the Presence of Rolling Entry for Health Services Research: Rolling Entry Matching},
  year = {2018},
  url = {https://doi.org/10.1111/1475-6773.13086},
}

@Article{SCHNEEWEISS:2011,
  author = {S Schneeweiss and J Gagne and R Glynn and M Ruhl and J Rassen},
  title = {Assessing the Comparative Effectiveness of Newly Marketed Medications: Methodological Challenges and Implications for Drug Development},
  journal = {Clinical Pharmacology And Therapeutics},
  volume = {90},
  number = {6},
  pages = {777-790},
  year = {2011},
  url = {https://doi.org/10.1038/clpt.2011.235},
}

@Article{LUNT:2013,
  author = {M Lunt},
  title = {Selecting an Appropriate Caliper Can Be Essential for Achieving Good Balance with Propensity Score Matching},
  journal = {American Journal of Epidemiology},
  volume = {179},
  number = {2},
  pages = {226-235},
  year = {2013},
  url = {https://doi.org/10.1093/aje/kwt212},
}

@Article{RUBIN:1978,
  author = {D Rubin},
  title = {Bayesian Inference For Causal Effects: The Role of Randomization},
  journal = {The Annals of Statistics},
  volume = {6},
  number = {1},
  pages = {34-58},
  year = {1978},
  url = {https://www.jstor.org/stable/2958688},
}

@Manual{CBPS,
  title = {CBPS: R Package for Covariate Balancing Propensity Score},
  author = {C. Fong and M. Ratkovic and K. Imai},
  year = {2014},
  note = {R package version 0.18},
  url = {https://cran.r-project.org/web/packages/CBPS/CBPS.pdf},
}

@Manual{IPW,
  title = {IPW: Estimate Inverse Probability Weights},
  author = {Ronald Geskus and Willem {van der Wal}},
  year = {2015},
  note = {R package version 1.0-11},
  url = {https://cran.r-project.org/web/packages/ipw/ipw.pdf},
}

@Manual{rollmatch,
  title = {Rollmatch: R Package for Rolling Entry Matching},
  author = {Rob Chew and Kasey Jones and Mahin Manley and Allison Witman and Christopher Beadles and Yiyan Liu and Ann Larson},
  year = {2017},
  note = {R package version 1.0.0},
  url = {https://cran.r-project.org/web/packages/rollmatch/rollmatch.pdf},
}

@Book{CAMPBELL:1966,
  title = {Experimental and Quasi-Experimental Designs for Research},
  author = {Donald Campbell and Julian Stanley},
  year = {1996},
  publisher = {Houghton Mifflin Company},
}

@Book{SHADISH:2001,
  title = {Experimental and Quasi-Experimental Designs for Generalized Causal Inference},
  author = {William Shadish and Thomas Cook and Donald Campbell},
  year = {2001},
  publisher = {Houghton Mifflin Company},
}
