@Manual{abodOutlier,
  title = {abodOutlier: Angle-Based Outlier Detection},
  author = {Jose Jimenez},
  year = {2015},
  note = {R package version 0.1},
  url = {https://CRAN.R-project.org/package=abodOutlier},
}

@Article{archimbaud2016,
  title = {ICS for Multivariate Outlier Detection with Application to Quality Control},
  journal = {Computational Statistics \& Data Analysis},
  volume = {128},
  pages = {184--199},
  year = {2018},
  issn = {0167-9473},
  author = {Aurore Archimbaud and Klaus Nordhausen and Anne Ruiz-Gazen},
  url = {https://doi.org/10.1016/j.csda.2018.06.011},
}

@Manual{parallel,
  title = {R: A Language and Environment for Statistical Computing},
  author = {{R Core Team}},
  organization = {R Foundation for Statistical Computing},
  address = {Vienna, Austria},
  year = {2017},
  url = {https://www.R-project.org/},
}

@Article{filzmoser2005multivariate,
  title = {Multivariate Outlier Detection in Exploration Geochemistry},
  author = {Peter Filzmoser and Robert G Garrett and Clemens Reimann},
  journal = {Computers \& Geosciences},
  year = {2005},
  number = {5},
  pages = {579--587},
  volume = {31},
  publisher = {Elsevier},
  url = {https://doi.org/10.1016/j.cageo.2004.11.013},
}

@Article{filzmoser2013robust,
  title = {Robust Tools for the Imperfect World},
  author = {Peter Filzmoser and Valentin Todorov},
  journal = {Information Sciences},
  volume = {245},
  pages = {4--20},
  year = {2013},
  publisher = {Elsevier},
  url = {https://doi.org/10.1016/j.ins.2012.10.017},
}

@Article{filzmoser2008outlier,
  title = {Outlier Identification in High Dimensions},
  author = {Peter Filzmoser and Ricardo Maronna and Mark Werner},
  journal = {Computational Statistics \& Data Analysis},
  year = {2008},
  number = {3},
  pages = {1694--1711},
  volume = {52},
  publisher = {Elsevier},
  url = {https://doi.org/10.1016/j.csda.2007.05.018},
}

@InProceedings{kriegel2008angle,
  title = {Angle-Based Outlier Detection in High-Dimensional Data},
  author = {Hans-Peter Kriegel and Arthur Zimek and {others}},
  booktitle = {Proceedings of the 14th ACM SIGKDD International Conference on Knowledge Discovery and Data Mining},
  pages = {444--452},
  year = {2008},
  organization = {ACM},
  url = {https://doi.org/10.1145/1401890.1401946},
}

@Manual{alphaOutlier,
  title = {alphaOutlier: Obtain Alpha-Outlier Regions for Well-Known Probability Distributions},
  author = {Andre Rehage and Sonja Kuhnt},
  year = {2016},
  note = {R package version 1.2.0},
  url = {https://CRAN.R-project.org/package=alphaOutlier},
}

@Manual{CerioliOutlierDetection,
  title = {CerioliOutlierDetection: Outlier Detection Using the Iterated RMCD Method of Cerioli (2010)},
  author = {Christopher G. Green and Doug Martin},
  year = {2017},
  note = {R package version 1.1.9},
  url = {https://CRAN.R-project.org/package=CerioliOutlierDetection},
}

@Manual{depth,
  title = {Depth: Nonparametric Depth Functions for Multivariate Analysis},
  author = {Maxime Genest and Jean-Claude Masse and Jean-Francois Plante.},
  year = {2017},
  note = {R package version 2.1-1},
  url = {https://CRAN.R-project.org/package=depth},
}

@Manual{robustbase,
  title = {{robustbase}: Basic Robust Statistics},
  author = {Peter Rousseeuw and Christophe Croux and Valentin Todorov and Andreas Ruckstuhl and Matias Salibian-Barrera and Tobias Verbeke and Manuel Koller and {and Martin Mächler}},
  year = {2017},
  note = {0.92-8},
  url = {http://CRAN.R-project.org/package=robustbase},
}

@Book{DMwR,
  title = {Data Mining with R, Learning with Case Studies},
  author = {L. Torgo},
  publisher = {Chapman and Hall/CRC},
  year = {2010},
  url = {http://www.dcc.fc.up.pt/~ltorgo/DataMiningWithR},
}

@Book{DMwR2,
  title = {Data Mining with R, Learning with Case Studies, 2nd Edition},
  author = {L. Torgo},
  publisher = {Chapman and Hall/CRC},
  year = {2016},
  url = {http://ltorgo.github.io/DMwR2},
}

@Manual{extremevalues,
  title = {Extremevalues, an R Package for Outlier Detection in Univariate Data},
  author = {Mark {van der Loo}},
  year = {2010},
  note = {R package version 2.3},
  url = {http://www.github.com/markvanderloo/extremevalues},
}

@Article{faoutlier,
  title = {Faoutlier: An {R} Package for Detecting Influential Cases in Exploratory and Confirmatory Factor Analysis},
  author = {R. Philip Chalmers and David B. Flora},
  journal = {Applied Psychological Measurement},
  year = {2015},
  volume = {39},
  number = {7},
  pages = {573--574},
  url = {https://doi.org/10.1177/0146621615597894},
}

@Manual{HDoutliers,
  title = {HDoutliers: Leland Wilkinson's Algorithm for Detecting Multidimensional Outliers},
  author = {Chris Fraley},
  year = {2016},
  note = {R package version 0.15},
  url = {https://CRAN.R-project.org/package=HDoutliers},
}

@Manual{HighDimOut,
  title = {HighDimOut: Outlier Detection Algorithms for High-Dimensional Data},
  author = {Cheng Fan},
  year = {2015},
  note = {R package version 1.0.0},
  url = {https://CRAN.R-project.org/package=HighDimOut},
}

@Manual{ldbod,
  title = {Ldbod: Local Density-Based Outlier Detection},
  author = {Kristopher Williams},
  year = {2017},
  note = {R package version 0.1.2},
  url = {https://CRAN.R-project.org/package=ldbod},
}

@Manual{mvoutlier,
  title = {Mvoutlier: Multivariate Outlier Detection Based on Robust Methods},
  author = {Peter Filzmoser and Moritz Gschwandtner},
  year = {2017},
  note = {R package version 2.0.8},
  url = {https://CRAN.R-project.org/package=mvoutlier},
}

@Manual{OutlierDC,
  title = {OutlierDC: Outlier Detection Using Quantile Regression for Censored Data},
  author = {Soo-Heang Eo and HyungJun Cho},
  year = {2014},
  note = {R package version 0.3-0},
  url = {https://CRAN.R-project.org/package=OutlierDC},
}

@Manual{outliers,
  title = {Outliers: Tests for Outliers},
  author = {Lukasz Komsta},
  year = {2011},
  note = {R package version 0.14},
  url = {https://CRAN.R-project.org/package=outliers},
}

@Manual{pcadapt,
  title = {Pcadapt: Fast Principal Component Analysis for Outlier Detection},
  author = {Keurcien Luu and Michael Blum},
  year = {2017},
  note = {R package version 3.0.4},
  url = {https://CRAN.R-project.org/package=pcadapt},
}

@Manual{REPPlab,
  title = {REPPlab: {R} Interface to 'EPP-Lab', a Java Program for Exploratory Projection Pursuit},
  author = {Daniel Fischer and Alain Berro and Klaus Nordhausen and Anne Ruiz-Gazen},
  year = {2016},
  note = {R package version 0.9.4},
  url = {https://CRAN.R-project.org/package=REPPlab},
}

@Manual{Rlof,
  title = {Rlof: {R} Parallel Implementation of Local Outlier Factor (LOF)},
  author = {Yingsong Hu and Wayne Murray and Yin Shan and {Australia.}},
  year = {2015},
  note = {R package version 1.1.1},
  url = {https://CRAN.R-project.org/package=Rlof},
}

@InProceedings{breunig2000lof,
  title = {{LOF}: Identifying Density-Based Local Outliers},
  author = {Markus M Breunig and Hans-Peter Kriegel and Raymond T Ng and Jörg Sander},
  booktitle = {ACM Sigmod Record},
  volume = {29},
  pages = {93--104},
  year = {2000},
  organization = {ACM},
  url = {https://doi.org/10.1145/335191.335388},
}

@Article{rrcov,
  title = {An Object-Oriented Framework for Robust Multivariate Analysis},
  author = {Valentin Todorov and Peter Filzmoser},
  journal = {Journal of Statistical Software},
  year = {2009},
  volume = {32},
  number = {3},
  pages = {1--47},
  url = {https://doi.org/10.18637/jss.v032.i03},
}

@Manual{rrcovHD,
  title = {rrcovHD: Robust Multivariate Methods for High Dimensional Data},
  author = {Valentin Todorov},
  year = {2016},
  note = {R package version 0.2-5},
  url = {https://CRAN.R-project.org/package=rrcovHD},
}

@Manual{archimbaudb,
  title = {ICSOutlier: Outlier Detection Using Invariant Coordinate Selection},
  author = {Aurore Archimbaud and Klaus Nordhausen and Anne Ruiz-Gazen},
  year = {2016},
  note = {R package version 0.3-0},
  url = {https://CRAN.R-project.org/package=ICSOutlier},
}

@Article{Tyler2009,
  title = {Invariant Coordinate Selection},
  author = {David E. Tyler and Frank Critchley and Lutz Dümbgen and Hannu Oja},
  journal = {Journal of the Royal Statistical Society B},
  year = {2009},
  number = {3},
  pages = {549--592},
  volume = {71},
  url = {https://doi.org/10.1111/j.1467-9868.2009.00706.x},
}

@Article{pena2001multivariate,
  title = {Multivariate Outlier Detection and Robust Covariance Matrix Estimation},
  author = {Daniel Peña and Francisco J Prieto},
  journal = {Technometrics},
  year = {2001},
  number = {3},
  volume = {43},
  url = {https://doi.org/10.1198/004017001316975899},
}

@Article{Dray2008,
  title = {On the Number of Principal Components: A Test of Dimensionality Based on Measurements of Similarity between Matrices},
  journal = {Computational Statistics \& Data Analysis},
  volume = {52},
  number = {4},
  pages = {2228 -- 2237},
  year = {2008},
  author = {Stephane Dray},
  url = {https://doi.org/10.1016/j.csda.2007.07.015},
}

@Article{PeresNetoJacksonSomers2005,
  title = {How Many Principal Components? Stopping Rules for Determining the Number of Non-Trivial Axes Revisited},
  journal = {Computational Statistics \& Data Analysis},
  volume = {49},
  number = {4},
  pages = {974 - 997},
  year = {2005},
  author = {Pedro R. Peres-Neto and Donald A. Jackson and Keith M. Somers},
  url = {https://doi.org/10.1016/j.csda.2004.06.015},
}

@Article{Yazici2007,
  author = {Berna Yazici and Senay Yolacan},
  title = {A Comparison of Various Tests of Normality},
  journal = {Journal of Statistical Computation and Simulation},
  volume = {77},
  number = {2},
  pages = {175-183},
  year = {2007},
  url = {https://doi.org/10.1080/10629360600678310},
}

@Article{bonett2002test,
  title = {A Test of Normality with High Uniform Power},
  author = {Douglas G Bonett and Edith Seier},
  journal = {Computational Statistics \& Data Analysis},
  volume = {40},
  number = {3},
  pages = {435--445},
  year = {2002},
  publisher = {Elsevier},
  url = {https://doi.org/10.1016/S0167-9473(02)00074-9},
}

@Article{cerioli2010multivariate,
  title = {Multivariate Outlier Detection with High-Breakdown Estimators},
  author = {Andrea Cerioli},
  journal = {Journal of the American Statistical Association},
  year = {2010},
  number = {489},
  pages = {147--156},
  volume = {105},
  publisher = {Taylor \& Francis},
  url = {https://doi.org/10.1198/jasa.2009.tm09147},
}

@Book{aggarwal2017,
  author = {Charu C. Aggarwal},
  title = {Outlier Analysis, 2nd Edition},
  year = {2017},
  isbn = {978-3-319-47577-6},
  publisher = {Springer-Verlag},
  url = {https://doi.org/10.1007/978-3-319-47578-3},
}

@Article{hadi2009detection,
  title = {Detection of Outliers},
  author = {Ali S Hadi and AHM Imon and Mark Werner},
  journal = {Wiley Interdisciplinary Reviews: Computational Statistics},
  volume = {1},
  number = {1},
  pages = {57--70},
  year = {2009},
  publisher = {John Wiley \& Sons},
  url = {https://doi.org/10.1002/wics.6},
}

@Article{hodge2004survey,
  title = {A Survey of Outlier Detection Methodologies},
  author = {Victoria J Hodge and Jim Austin},
  journal = {Artificial Intelligence Review},
  year = {2004},
  number = {2},
  pages = {85--126},
  volume = {22},
  publisher = {Springer-Verlag},
  url = {https://doi.org/10.1007/s10462-004-4304-y},
}

@Article{Nordhausen2008,
  title = {Tools for Exploring Multivariate Data: The Package {ICS}},
  author = {Klaus Nordhausen and Hannu Oja and David E Tyler},
  journal = {Journal of Statistical Software},
  year = {2008},
  volume = {28},
  number = {6},
  pages = {1--31},
  url = {https://doi.org/10.18637/jss.v028.i06},
}

@TechReport{GreenMartin2017,
  title = {An Extension of a Method of {Hardin} and {Rocke}, with an Application to Multivariate Outlier Detection via the {IRMCD} Method of {Cerioli}},
  author = {Christopher G Green and R Douglas Martin},
  year = {2017},
  institution = {Working Paper},
  url = {http://christopherggreen.github.io/papers/hr05\_extension.pdf},
}

@Unpublished{FischerBerroNordhausenRuizGazen2016,
  author = {D. Fischer and A. Berro and K. Nordhausen and A. Ruiz-Gazen},
  title = {{REPPlab}: An {R} Package for Detecting Clusters and Outliers Using Exploratory Projection Pursuit},
  year = {2016},
  note = {arXiv preprint arXiv:1612.06518},
  url = {https://arxiv.org/abs/1612.06518},
}

@Article{HawkinsBraduKass1984,
  author = {Douglas M. Hawkins and Dan Bradu and Gordon V. Kass},
  journal = {Technometrics},
  number = {3},
  pages = {197--208},
  title = {Location of Several Outliers in Multiple-Regression Data Using Elemental Sets},
  volume = {26},
  year = {1984},
  url = {https://doi.org/10.1080/00401706.1984.10487956},
}

@Article{nordhausen2015cautionary,
  author = {Klaus Nordhausen and David E. Tyler},
  title = {A Cautionary Note on Robust Covariance Plug-in Methods},
  journal = {Biometrika},
  year = {2015},
  volume = {102},
  pages = {573--588},
  number = {3},
  publisher = {Oxford University Press},
  url = {https://doi.org/10.1093/biomet/asv022},
}

@InCollection{rousseeuw2013high,
  title = {High-Breakdown Estimators of Multivariate Location and Scatter},
  author = {Peter Rousseeuw and Mia Hubert},
  booktitle = {Robustness and Complex Data Structures},
  pages = {49--66},
  year = {2013},
  publisher = {Springer-Verlag},
  url = {https://doi.org/10.1007/978-3-642-35494-6_4},
}
