@Manual{
  autotest,
  title = {autotest: Automatic Package Testing},
  author = {Mark Padgham},
  year = {2021},
  url = {https://docs.ropensci.org/autotest/}
}

@book{
  cpp,
  author = {Stroustrup, Bjarne},
  title = {{The C++ Programming Language}},
  year = {2013},
  isbn = {0321563840},
  publisher = {{Addison-Wesley Professional}},
  edition = {4th},
}

@article{
  claes,
  author = {Claes, Maelick and Mens, Tom and Tabout, Narjisse and Grosjean, Philippe},
  year = {2015},
  month = {03},
  title = {{An Empirical Study of Identical Function Clones in CRAN}},
  journal = {{2015 IEEE 9th International Workshop on Software Clones, IWSC 2015 - Proceedings}},
  doi = {https://doi.org/10.1109/IWSC.2015.7069885}
}

@Manual{
  covr,
  title = {{covr: Test Coverage for Packages}},
  author = {Jim Hester},
  year = {2020},
  note = {R package version 3.5.1},
  url = {https://CRAN.R-project.org/package=covr},
}

@misc{
  cran,
  year = 2021,
  author = {{CRAN Volunteers}},
  title = {{The Comprehensive R Archive Network}},
  url = {https://cran.r-project.org/}
}

 @Article{
   bioconductor,
   author = {W. Huber and V. J. Carey and R. Gentleman and S. Anders and M. Carlson and B. S. Carvalho and H. C. Bravo and S. Davis and L. Gatto and T. Girke and R. Gottardo and F. Hahne and K. D. Hansen and R. A. Irizarry and M. Lawrence and M. I. Love and J. MacDonald and V. Obenchain and A. K. {Ole's} and H. {Pag`es} and A. Reyes and P. Shannon and G. K. Smyth and D. Tenenbaum and L. Waldron and M. Morgan},
   title = {{O}rchestrating high-throughput genomic analysis with {B}ioconductor},
   journal = {Nature Methods},
   year = {2015},
   volume = {12},
   number = {2},
   pages = {115--121},
   url = {https://doi.org/10.1038/nmeth.3252},
}

@misc{
  java,
  author = {Gosling, James and Joy, Bill and Steele, Guy and Bracha, Gilad and Buckley, Alex},
  title = {{The Java Language Specification}},
  year = {2015},
  url = {https://docs.oracle.com/javase/specs/jls/se8/jls8.pdf}
}

@misc{
  devday,
  author = {Wickham, Hadley and Averick, Mara and Bryan, Jennifer},
  title = {{Tidyverse Developer Day}},
  url = {https://github.com/tidyverse/tidy-dev-day},
  year = {2020}
}

@misc{
  unconf,
  author = {{rOpenSci}},
  title = {{rOpenSci Unconference 2018}},
  url = {https://unconf18.ropensci.org},
  year = {2018}
}

@misc{
  rconsortium,
  author = {{R Consortium}},
  title = {{R Consortium}},
  url = {https://www.r-consortium.org},
  year = 2021
}

@misc{
  haskell,
  author = {Simon Marlow},
  title = {{Haskell 2010 Language Report}},
  year = {2010},
  url = {https://www.haskell.org/onlinereport/haskell2010/}
}

@article{
  oopr,
  author = {Chambers, John},
  year = {2014},
  month = {09},
  title = {{Object-Oriented Programming, Functional Programming and R}},
  volume = {29},
  journal = {{Statistical Science}},
  url = {https://doi.org/10.1214/13-STS452}
}

@article{
  phuse,
  author = {Angelo Tinazzi and Martin Scott and Anna Compagnoni},
  title = {{A 'systematic review' of PhUSE: what PhUSE users made available to the public after three years}},
  journal = {{Pharmaceutical Programming}},
  volume = {1},
  number = {1},
  pages = {5-8},
  year = {2008},
  publisher = {Taylor and Francis},
  URL = {https://doi.org/10.1179/175709208X334597}
}

@techreport{
  python,
  author = {Rossum, Guido},
  title = {{Python Tutorial}},
  year = {1995},
  institution = {{CWI (Centre for Mathematics and Computer Science)}}
}

@Manual{
  R,
  title = {{R: A Language and Environment for Statistical Computing}},
  author = {{R Core Team}},
  organization = {{R Foundation for Statistical Computing}},
  address = {Vienna, Austria},
  year = {2021},
  url = {https://www.R-project.org/}
}

@Manual{
  R6,
  title = {{R6: Encapsulated Classes with Reference Semantics}},
  author = {Winston Chang},
  year = {2020},
  note = {R package version 2.5.0},
  url = {https://CRAN.R-project.org/package=R6}
}

@misc{
  validationhub,
  author = {Nicholls, Andy and Bargo, Paulo R. and Sims, John},
  title = {{A risk-based approach for assessing R package accuracy within a validated infrastructure}},
  organization = {{R Validation Hub}},
  url = {https://www.pharmar.org/white-paper/},
  year = 2021
}

@misc{
  fdar,
  title = {{R: Regulatory Compliance and Validation Issues
A Guidance Document for the Use of R in Regulated Clinical
Trial Environments}},
  author = {{The R Foundation for Statistical Computing}},
  url = {https://www.r-project.org/doc/R-FDA.pdf},
  year = 2021
}

@Manual{
  tidycdisc,
  title = {tidyCDISC: tidyCDISC: Quick Exploratory Data Analyses on ADaM-ish Datasets},
  author = {Maya Gans and Aaron Clark and Robert Krajcik and Marly Gotti and Nate Mockler},
  year = {2021},
  note = {R package version 0.0.0.9000},
  url = {https://github.com/Biogen-Inc/tidyCDISC},
}

@Manual{
  rpact,
  title = {rpact: Confirmatory Adaptive Clinical Trial Design and Analysis},
  author = {Gernot Wassmer and Friedrich Pahlke},
  year = {2021},
  note = {R package version 3.1.0},
  url = {https://CRAN.R-project.org/package=rpact},
}

@Article{
  rOpenSciReview,
  author = {Ram, Karthik and Boettiger, Carl and Chamberlain, Scott and Ross, Noam and Salmon, MaÃ«lle and Butland, Stefanie},
  journal = {{Computing in Science and Engineering}},
  title = {{A Community of Practice Around Peer Review for Long-Term Research Software Sustainability}},
  year = {2019},
  volume = {21},
  number = {2}, 
  pages = {59-65},
  url = {https://doi.org/10.1109/MCSE.2018.2882753}
}

@article{
  testthat,
  author = {Hadley Wickham},
  title = {{testthat: Get Started with Testing}},
  year = {2011},
  journal = {{The R Journal}},
  url = {https://doi.org/10.32614/RJ-2011-002},
  pages = {5-10},
  volume = {3},
  number = {1}
}

@Manual{
  valtools,
  title = {{valtools: Automate Validated Package Creation}},
  author = {Ellis Hughes and Eli Miller and Marie Vendettuoli and Peyman Eshghi},
  year = {2021},
  url = {https://github.com/phuse-org/valtools},
}
