@Book{graphdrawing,
  title = {Handbook of Graph Drawing and Visualization},
  editor = {Roberto Tamassia},
  publisher = {CRC Press},
  year = {2013},
}

@Manual{ndtv,
  title = {Ndtv: Network Dynamic Temporal Visualizations},
  author = {Skye Bender-deMoll},
  year = {2016},
  note = {R package version 0.10.0},
  url = {https://CRAN.R-project.org/package=ndtv},
}

@Manual{gcookbook,
  title = {Gcookbook: Data for ``R Graphics Cookbook{"}},
  author = {Winston Chang},
  year = {2012},
  note = {R package version 1.0},
  url = {https://CRAN.R-project.org/package=gcookbook},
}

@Book{davis,
  author = {A. Davis and B. B. Gardner and M. R. Gardner},
  year = {1941},
  title = {Deep South: A Social Anthropological Study of Caste and Class.},
  address = {Chicago, IL},
  publisher = {The University of Chicago Press},
}

@Book{tnet,
  title = {Structure and Evolution of Weighted Networks},
  author = {Tore Opsahl},
  year = {2009},
  publisher = {University of London (Queen Mary College), London, UK},
  pages = {104--122},
  url = {http://toreopsahl.com/publications/thesis/},
}

@Article{ggtree,
  author = {Guangchuang Yu and David K. Smith and Huachen Zhu and Yi Guan and Tommy Tsan-Yuk Lam},
  title = {Ggtree: An {R} Package for Visualization and Annotation of Phylogenetic Trees with Their Covariates and Other Associated Data},
  journal = {Methods in Ecology and Evolution},
  volume = {8},
  number = {1},
  issn = {2041-210X},
  pages = {28--36},
  year = {2017},
  url = {https://doi.org/10.1111/2041-210x.12628},
}

@Manual{dplyr,
  title = {Dplyr: A Grammar of Data Manipulation},
  author = {Hadley Wickham and Romain Francois},
  year = {2015},
  note = {R package version 0.4.3},
  url = {http://CRAN.R-project.org/package=dplyr},
}

@Article{plyr,
  title = {The {S}plit-{A}pply-{C}ombine {S}trategy for {D}ata {A}nalysis},
  author = {Hadley Wickham},
  journal = {Journal of Statistical Software},
  year = {2011},
  volume = {40},
  number = {1},
  pages = {1--29},
  url = {http://www.jstatsoft.org/v40/i01/},
}

@Book{wilkinson:1999,
  author = {Leland Wilkinson},
  title = {The Grammar of Graphics},
  address = {New York},
  publisher = {Springer-Verlag},
  year = {1999},
}

@Article{ggbio,
  title = {Ggbio: An {R} Package for Extending the Grammar of Graphics for Genomic Data},
  author = {Tengfei Yin and Dianne Cook and Michael Lawrence},
  journal = {Genome Biology},
  volume = {13},
  number = {8},
  pages = {R77},
  year = {2012},
  publisher = {BioMed Central Ltd},
}

@Manual{ggally,
  title = {GGally: Extension to Ggplot2.},
  author = {Barret Schloerke and Jason Crowley and Di Cook and Heike Hofmann and Hadley Wickham and Francois Briatte and Moritz Marbach and Edwin Thoen},
  year = {2016},
  note = {R package version 1.3.0},
}

@Article{ggmap,
  author = {David Kahle and Hadley Wickham},
  title = {Ggmap: {S}patial {V}isualization with ggplot2},
  journal = {The R Journal},
  year = {2013},
  volume = {5},
  number = {1},
  pages = {144--161},
  url = {http://journal.r-project.org/archive/2013-1/kahle-wickham.pdf},
}

@Article{igraph,
  title = {The Igraph Software Package for Complex Network Research},
  author = {Gabor Csardi and Tamas Nepusz},
  journal = {InterJournal},
  volume = {Complex Systems},
  pages = {1695},
  year = {2006},
  url = {http://igraph.org},
}

@Article{watts2004ars,
  author = {Duncan J. Watts},
  title = {The ``{N}ew'' {S}cience of {N}etworks},
  journal = {Annual Review of Sociology},
  year = {2004},
  volume = {30},
  pages = {243--270},
}

@Manual{intergraph,
  title = {Intergraph: Coercion Routines for Network Data Objects},
  author = {Michal Bojanowski},
  year = {2015},
  url = {http://mbojan.github.io/intergraph},
  note = {R package version 2.0-2},
}

@Manual{sna,
  title = {Sna: Tools for Social Network Analysis},
  author = {Carter T. Butts},
  year = {2014},
  note = {{R} package version 2.3-2},
  url = {http://CRAN.R-project.org/package=sna},
}

@Manual{network,
  title = {Network: Classes for Relational Data},
  author = {Carter T. Butts and Mark S. Handcock and David R. Hunter},
  year = {2014},
  address = {Irvine, CA},
  url = {http://statnet.org/},
  note = {{R} package version 1.10.2},
}

@Article{network.jss,
  title = {{network: a Package for Managing Relational Data in R.}},
  author = {Carter T. Butts},
  year = {2008},
  journal = {Journal of Statistical Software},
  volume = {24},
  number = {2},
}

@Manual{geomnet,
  title = {Geomnet: Network Visualization in the 'ggplot2' Framework},
  author = {Samantha Tyner and Heike Hofmann},
  year = {2016},
  note = {R package version 0.2.0},
  url = {http://github.com/sctyner/geomnet},
}

@Manual{ggnetwork,
  title = {Ggnetwork: Geometries to Plot Networks with 'ggplot2'},
  author = {Francois Briatte},
  year = {2016},
  note = {R package version 0.5.1},
  url = {https://github.com/briatte/ggnetwork},
}

@Book{ggplot2,
  author = {Hadley Wickham},
  title = {Ggplot2: Elegant Graphics for Data Analysis},
  publisher = {Springer-Verlag},
  year = {2016},
  isbn = {978-3-319-24277-4},
  url = {http://ggplot2.org},
}

@Article{fruchterman_reingold,
  author = {Thomas M. J. Fruchterman and Edward M. Reingold},
  journal = {{Software: Practice and Experience}},
  number = {11},
  pages = {1129--1164},
  title = {Graph Drawing by Force-Directed Placement},
  volume = {21},
  year = {1991},
}

@Article{kamadakawai,
  author = {Tomihisa Kamada and Satoru Kawai},
  title = {An {A}lgorithm for {D}rawing {G}eneral {U}ndirected {G}raphs},
  journal = {Information Processing Letters},
  year = {1989},
  volume = {31},
  number = {1},
  pages = {7-15},
}

@Misc{marbach,
  author = {Moritz Marbach},
  title = {Visualizing Networks with ggplot2 in {R}},
  journal = {sum.txt},
  type = {Blog},
  number = {July 2},
  year = {2011},
  howpublished = {https://sumtxt.wordpress.com/2011/07/02/visualizing-networks-with-ggplot2-in-r/},
}

@Article{football,
  author = {M. Girvan and M. E. J. Newman},
  title = {Community Structure in Social and Biological Networks},
  journal = {Proc. Natl. Acad. Sci. USA},
  year = {2002},
  volume = {99},
  number = {12},
  pages = {7821-7826},
}

@Misc{emailnet,
  author = {Kris Cook and Georges Grinstein and Mark Whiting},
  title = {{VAST} {C}hallenge 2014},
  howpublished = {\url{http://hcil2.cs.umd.edu/newvarepository/benchmarks.php}},
  year = {2014},
}

@Book{lesmis,
  author = {Donald Knuth},
  title = {The Stanford GraphBase : a Platform for Combinatorial Computing},
  publisher = {ACM Press Addison-Wesley},
  year = {1993},
  address = {New York, N.Y. Reading, Mass},
  isbn = {0-201-54275-7},
}

@Book{madmen,
  author = {Winston Chang},
  title = {{R} Graphics Cookbook},
  publisher = {O'Reilly},
  year = {2013},
  address = {Sebastopol, CA},
  isbn = {978-1449316952},
}

@Book{newman,
  author = {M. E. J. Newman},
  title = {Networks : {A}n {I}ntroduction},
  publisher = {Oxford University Press},
  year = {2010},
  address = {Oxford New York},
  isbn = {978-0199206650},
}

@Article{protein,
  author = {H. Jeong and S. P. Mason A.-L. Barab√°si and Z. N. Oltvai},
  title = {Lethality and Centrality in Protein Networks},
  journal = {Nature},
  year = {2001},
  volume = {411},
  pages = {41-42},
}

@Article{networkfailures,
  author = {Sergey V. Buldyrev and Roni Parshani and Gerald Paul and H. Eugene Stanley and Shlomo Havlin},
  title = {Catastrophic Cascade of Failures in Interdependent Networks},
  journal = {Nature},
  year = {2010},
  volume = {464},
  number = {7291},
  pages = {1025-1028},
  day = {15},
}

@Article{smallworld,
  author = {DJ Watts and SH Strogatz},
  journal = {Nature},
  title = {Collective Dynamics of 'Small-World' Networks},
  year = {1998},
  volume = {393},
  number = {6684},
  pages = {440-442},
  day = {4},
}

@Manual{RColorBrewer,
  title = {RColorBrewer: ColorBrewer Palettes},
  author = {Erich Neuwirth},
  year = {2014},
  note = {{R} package version 1.1-2},
  url = {http://CRAN.R-project.org/package=RColorBrewer},
}

@Manual{ggfortify,
  title = {Ggfortify: {D}ata {V}isualization {T}ools for {S}tatistical {A}nalysis {R}esults},
  author = {Masaaki Horikoshi and Yuan Tang},
  year = {2016},
  note = {R package version 0.4.1},
  url = {http://CRAN.R-project.org/package=ggfortify},
}

@Article{ggfortify2,
  title = {Ggfortify: Unified Interface to Visualize Statistical Result of Popular R Packages},
  author = {Yuan Tang and Masaaki Horikoshi and Wenxuan Li},
  year = {2016},
  journal = {The R Journal},
  url = {http://CRAN.R-project.org/package=ggfortify},
}

@Book{prell2011social,
  title = {Social Network Analysis: History, Theory and Methodology},
  author = {C. Prell},
  isbn = {9781446290132},
  url = {https://books.google.com/books?id=wZYQAgAAQBAJ},
  year = {2011},
  publisher = {SAGE Publications},
}

@Book{junker2008analysis,
  title = {Analysis of Biological Networks},
  author = {B. H. Junker and F. Schreiber},
  isbn = {9780470253465},
  series = {Wiley Series in Bioinformatics},
  url = {https://books.google.com/books?id=2DloLXaXSNgC},
  year = {2008},
  publisher = {John Wiley \& Sons},
}

@Manual{ggrepel,
  title = {Ggrepel: Repulsive Text and Label Geoms for 'ggplot2'},
  author = {Kamil Slowikowski},
  year = {2016},
  note = {R package version 0.5},
  url = {https://CRAN.R-project.org/package=ggrepel},
}

@Article{statnet,
  title = {Statnet: Software Tools for the Representation, Visualization, Analysis and Simulation of Network Data},
  author = {Mark S. Handcock and David R. Hunter and Carter T. Butts and Steven M. Goodreau and Martina Morris},
  journal = {Journal of Statistical Software},
  year = {2008},
  volume = {24},
  number = {1},
  pages = {1--11},
  url = {http://www.jstatsoft.org/v24/i01},
}

@Manual{gridextra,
  title = {gridExtra: Miscellaneous Functions for {"}Grid{"} Graphics},
  author = {Baptiste Auguie},
  year = {2016},
  note = {R package version 2.2.1},
  url = {https://CRAN.R-project.org/package=gridExtra},
}

@Manual{ggCompNet,
  title = {ggCompNet: Compare Timing of Network Visualizations},
  author = {Sam Tyner and Heike Hofmann},
  year = {2016},
  note = {R package version 0.1.0},
  url = {https://CRAN.R-project.org/package=ggCompNet},
}

@Manual{tidyverse,
  title = {Tidyverse: Easily Install and Load 'tidyverse' Packages},
  author = {Hadley Wickham},
  year = {2017},
  note = {R package version 1.1.1},
  url = {https://CRAN.R-project.org/package=tidyverse},
}
