@Article{cfg10,
  author = {Victor Chernozhukov and Iv\'an Fern\'andez-Val and Alfred Galichon},
  title = {Quantile and Probability Curves Without Crossing},
  journal = {Econometrica},
  volume = {78},
  number = {3},
  pages = {1093--1125},
  year = {2010},
  doi = {10.3982/ecta7880},
}

@Article{cfg09,
  author = {V. Chernozhukov and I. Fern\'andez-Val and A. Galichon},
  title = {Improving Point and Interval Estimators of Monotone   Functions by Rearrangement},
  journal = {Biometrika},
  volume = {96},
  number = {3},
  pages = {559--575},
  year = {2009},
  doi = {10.1093/biomet/asp030},
}

@Article{Koenker:1978,
  author = {R. Koenker and G. Basset},
  title = {Regression Quantiles},
  journal = {Econometrica},
  volume = {46},
  number = {1},
  pages = {33--50},
  year = {1978},
  doi = {10.2307/1913643},
}

@Article{bcf11,
  author = {A. Belloni and V. Chernozhukov and D. Chetverikov and I. Fernandez-Val},
  title = {Conditional Quantile Processes Based on Series or   Many Regressors},
  journal = {ArXiv e-prints},
  archiveprefix = {arXiv},
  eprint = {1105.6154},
  url = {https://arxiv.org/abs/1105.6154},
  primaryclass = {stat.ME},
  year = {2011},
}

@Article{bcf11old,
  author = {A. Belloni and V. Chernozhukov and I. Fernandez-Val},
  title = {Conditional Quantile Processes Based on Series or   Many Regressors},
  journal = {ArXiv e-prints},
  archiveprefix = {arXiv},
  eprint = {1105.6154},
  primaryclass = {stat.ME},
  year = {2011},
}

@Article{koenker2011,
  author = {Roger Koenker},
  doi = {10.1214/10-bjps131},
  journal = {Brazilian Journal of Probability and Statistics},
  number = {3},
  pages = {239--262},
  publisher = {Brazilian Statistical Association},
  title = {Additive Models for Quantile Regression: Model   Selection and Confidence Bandaids},
  volume = {25},
  year = {2011},
}

@Manual{fda2014,
  title = {fda: Functional Data Analysis},
  author = {J. O. Ramsay and Hadley Wickham and Spencer Graves and Giles Hooker},
  year = {2014},
  note = {R package version 2.4.4},
  url = {https://CRAN.R-project.org/package=fda},
}

@Manual{QuantifQuantile2015,
  title = {QuantifQuantile: Estimation of Conditional Quantiles   Using Optimal Quantization},
  author = {Isabelle Charlier and Davy Paindaveine and Jerome Saracco},
  year = {2015},
  note = {R package version 2.2},
  url = {https://CRAN.R-project.org/package=QuantifQuantile},
}

@Manual{quantreg2016,
  title = {quantreg: Quantile Regression},
  author = {Roger Koenker},
  year = {2016},
  note = {R package version 5.21},
  url = {https://CRAN.R-project.org/package=quantreg},
}

@Article{quantregGrowth2013,
  title = {Estimating Growth Charts via Nonparametric Quantile   Regression: A Practical Framework with Application   in Ecology},
  author = {V. M. R. Muggeo and M. Sciandra and A. Tomasello and S. Calvo},
  journal = {Environmental and Ecological Statistics},
  year = {2013},
  volume = {20},
  pages = {519--531},
  doi = {10.1007/s10651-012-0232-1},
}
@book{koenker:1978,
author = {R.~{Koenker and G.~Basset}},
title = {{Regression quantiles}},
publisher = {Econometrica 46 (1):   doi10.2307/1913643},
pages = {33--50},
year = {1978}
}

