@Manual{MATLAB,
  author =	 {{The~MathWorks Inc.}},
  title =	 {{MATLAB} -- The Language of Technical
                  Computing, Version R2015a},
  year =	 2015,
  address =	 {Natick, Massachusetts},
  url =		 {http://www.mathworks.com/products/matlab/},
}

@article{Bioconductor,
  author =	 {Robert C Gentleman and Vincent J. Carey and Douglas
                  M. Bates and {others}},
  title =	 {Bioconductor: Open software development for
                  computational biology and bioinformatics},
  journal =	 {Genome Biology},
  volume =	 {5},
  year =	 {2004},
  pages =	 {R80},
  url =		 {http://genomebiology.com/2004/5/10/R80},
} 

@article{wilson2014best,
  title =	 {Best practices for scientific computing},
  author =	 {Wilson, Greg and Aruliah, DA and Brown, C Titus and
                  Hong, Neil P Chue and Davis, Matt and Guy, Richard T
                  and Haddock, Steven HD and Huff, Katy and Mitchell,
                  Ian M and Plumbley, Mark D and others},
  journal =	 {PLoS Biology},
  volume =	 {12},
  number =	 {1},
  pages =	 {e1001745},
  year =	 {2014},
  publisher =	 {Public Library of Science San Francisco, USA}
}

@article{visser2015speeding,
  title =	 {Speeding up ecological and evolutionary computations
                  in {R}; {E}ssentials of high performance computing for
                  biologists},
  author =	 {Visser, Marco D and McMahon, Sean M and Merow, Cory
                  and Dixon, Philip M and Record, Sydne and Jongejans,
                  Eelke},
  journal =	 {PLoS Computational Biology},
  volume =	 {11},
  number =	 {3},
  pages =	 {e1004140},
  year =	 {2015},
  publisher =	 {Public Library of Science}
}

@Manual{microbenchmark,
  title =	 {microbenchmark: Accurate Timing Functions},
  author =	 {Olaf Mersmann},
  year =	 {2014},
  note =	 {R package version 1.4-2},
  url =		 {https://CRAN.R-project.org/package=microbenchmark},
}

@Manual{proftools,
  title =	 {proftools: Profile Output Processing Tools for R},
  author =	 {Luke Tierney and Riad Jarjour},
  year =	 {2013},
  note =	 {R package version 0.1-0},
  url =		 {https://CRAN.R-project.org/package=proftools},
}

@Manual{pbdPAPI,
  title =	 {pbdPAPI: Programming with Big Data -- Performance
                  Analysis Tools for R},
  author =	 {Schmidt, D and Heckendorf, C and Chen, W C},
  year =	 {2015},
  note =	 {R package},
  url =		 {https://github.com/wrathematics/pbdPAPI},
}

@Manual{nozzle,
  title =	 {Nozzle.R1: Nozzle Reports},
  author =	 {Nils Gehlenborg},
  year =	 {2013},
  note =	 {R package version 1.1-1},
  url =		 {https://CRAN.R-project.org/package=Nozzle.R1},
}

@Manual{proftable,
  title =	 {proftable: An Alternative to summaryRprof()},
  author =	 {Artem A. Klevtsov},
  year =	 {2014},
  note =	 {R function},
  url =
                  {https://github.com/noamross/noamtools/blob/master/R/proftable.R},
}

@Manual{knitr,
  title =	 {knitr: A General-Purpose Package for Dynamic Report
                  Generation in R},
  author =	 {Yihui Xie},
  year =	 {2014},
  note =	 {R package version 1.6},
  url =		 {https://CRAN.R-project.org/package=knitr},
}

@Manual{profr,
  title =	 {profr: An Alternative Display for Profiling
                  Information},
  author =	 {Hadley Wickham},
  year =	 {2014},
  note =	 {R package version 0.3.1},
  url =		 {https://CRAN.R-project.org/package=profr},
}
  
@Manual{lineprof,
  title =	 {lineprof: An Alternative Display for Line Profiling
                  Information},
  author =	 {Hadley Wickham},
  year =	 {2014},
  note =	 {R package version 0.1},
}

@Manual{aprof,
  title =	 {aprof: Amdahl's Profiler, Directed Optimization Made
                  Easy},
  author =	 {Marco D. Visser},
  year =	 {2014},
  note =	 {R package version 0.2.1},
  url =		 {https://CRAN.R-project.org/package=aprof},
}

@Manual{guiprofiler,
  title =	 {GUIProfiler: Graphical User Interface for Rprof()},
  author =	 {Fernando de Villar and Angel Rubio},
  year =	 {2015},
  note =	 {R package version 2.0.1},
  url =		 {https://CRAN.R-project.org/package=GUIProfiler},
}

@Manual{stringr,
  title =	 {stringr: Simple, Consistent Wrappers for Common
                  String Operations},
  author =	 {Hadley Wickham},
  year =	 {2015},
  note =	 {R package version 1.0.0},
  url =		 {https://CRAN.R-project.org/package=stringr},
}

@Article{plyr,
  title =	 {The Split-Apply-Combine Strategy for Data Analysis},
  author =	 {Hadley Wickham},
  journal =	 {Journal of Statistical Software},
  year =	 {2011},
  volume =	 {40},
  number =	 {1},
  pages =	 {1--29},
  url =		 {http://www.jstatsoft.org/v40/i01/},
}

@Manual{devtools1,
  title =	 {devtools: Tools to Make Developing R Packages
                  Easier},
  author =	 {Hadley Wickham and Winston Chang},
  year =	 {2015},
  note =	 {R package version 1.9.1},
  url =		 {https://CRAN.R-project.org/package=devtools},
}

@Manual{Rgraphviz,
  title =	 {Rgraphviz: Provides Plotting Capabilities for R
                  Graph Objects},
  author =	 {Kasper Daniel Hansen and Jeff Gentry and Li Long and
                  Robert Gentleman and Seth Falcon and Florian Hahne
                  and Deepayan Sarkar},
  year =	 2015,
  note =	 {R package version 2.14.0},
}

@Manual{graph,
  title =	 {graph: A Package to Handle Graph Data Structures},
  author =	 {R. Gentleman and Elizabeth Whalen and W. Huber and
                  S. Falcon},
  year =	 2015,
  note =	 {R package version 1.48.0},
}

@Manual{shiny,
  title =	 {shiny: Web Application Framework for R},
  author =	 {Winston Chang and Joe Cheng and J J Allaire and Yihui
                  Xie and Jonathan McPherson},
  year =	 {2015},
  note =	 {R package version 0.12.2},
  url =		 {https://CRAN.R-project.org/package=shiny},
}

