@book{R:Verzani:2005,
author = {J.~{Verzani}},
title = {{em Using R for Introductory Statistics}},
publisher = {Boca Raton FL: Chapman & Hall},
year = {2005}
}



