




@article{santos2022bayesian,
  title={Bayesian spatio-temporal models for stream networks},
  author={Santos-Fernandez, Edgar and Ver Hoef, Jay M and Peterson, Erin E and McGree, James and Isaak, Daniel J and Mengersen, Kerrie},
  journal={Computational Statistics \& Data Analysis},
  volume={170},
  pages={107446},
  year={2022},
  publisher={Elsevier}
}


@article{santos2023unsupervised,
  title={Unsupervised anomaly detection in spatio-temporal stream network sensor data},
  author={Santos-Fernandez, Edgar and Ver Hoef, Jay M and Peterson, Erin E and McGree, James and Villa, Cesar A and Leigh, Catherine and Turner, Ryan and Roberts, Cameron and Mengersen, Kerrie},
  year={2023},
  journal={preprint}
}



  @Manual{SSN2,
    title = {{SSN2}: Spatial Modeling on Stream Networks in {R}},
    author = {Michael Dumelle and Erin Peterson and Jay M. {Ver Hoef} and Alan Pearse and Dan Isaak},
    year = {2023},
    note = {{R} package version 0.1.0},
  }
  
  
@article{carpenter2017stan,
  title={Stan: A probabilistic programming language},
  author={Carpenter, Bob and Gelman, Andrew and Hoffman, Matthew D and Lee, Daniel and Goodrich, Ben and Betancourt, Michael and Brubaker, Marcus and Guo, Jiqiang and Li, Peter and Riddell, Allen},
  journal={Journal of statistical software},
  volume={76},
  number={1},
  year={2017},
  publisher={Columbia Univ., New York, NY (United States); Harvard Univ., Cambridge, MA~…}
}

 @Book{nlmeBook,
    title = {Mixed-Effects Models in S and S-PLUS},
    author = {José C. Pinheiro and Douglas M. Bates},
    year = {2000},
    publisher = {Springer},
    address = {New York},
    doi = {10.1007/b98882},
  }

@Article{FRKpaper,
    title = {FRK: an R package for spatial and spatio-temporal prediction with large datasets},
    author = {Andrew Zammit-Mangion and Noel Cressie},
    journal = {Journal of Statistical Software},
    year = {2021},
    volume = {98},
    number = {4},
    pages = {1--48},
  }




  @Manual{bmstdr,
    title = {bmstdr: Bayesian Modeling of Spatio-Temporal Data with R},
    author = {Sujit K. Sahu and Duncan P. Lee and K. Shuvo Bakar},
    year = {2022},
    note = {R package version 0.3.0},
    url = {https://CRAN.R-project.org/package=bmstdr},
  }

  @Manual{geostan,
    title = {geostan: {B}ayesian spatial analysis (R package)},
    author = {Connor Donegan},
    url = {https://cran.r-project.org/package=geostan},
    year = {2022},
    note = {The Comprehensive R Archive Network},
  }


   @Manual{SSNdata,
    title = {SSNdata: Spatial stream network datasets},
    author = {Edgar Santos-Fernandez},
    journal = {R package},
    year = {2022},
    url = {https://github.com/EdgarSantos-Fernandez/SSNdata}
  }


 
@book{gelfand2019handbook,
  title={Handbook of environmental and ecological statistics},
  author={Gelfand, Alan E and Fuentes, Montserrat and Hoeting, Jennifer A and Smith, Richard Lyttleton},
  year={2019},
  publisher={CRC Press}
}


@article{steel2016spatial,
  title={{Spatial and Temporal Variation of Water Temperature Regimes on the Snoqualmie River Network}},
  author={Steel, E Ashley and Sowder, Colin and Peterson, Erin E},
  journal={{Journal of the American Water Resources Association}},
  year={2016}
}

@article{garreta2010spatial,
  title={Spatial modelling and prediction on river networks: up model, down model or hybrid?},
  author={Garreta, Vincent and Monestiez, Pascal and Ver Hoef, Jay M},
  journal={Environmetrics},
  volume={21},
  number={5},
  pages={439--456},
  year={2010},
  publisher={Wiley Online Library}
}

@article{heaton2019case,
  title={A case study competition among methods for analyzing large spatial data},
  author={Heaton, Matthew J and Datta, Abhirup and Finley, Andrew O and Furrer, Reinhard and Guinness, Joseph and Guhaniyogi, Rajarshi and Gerber, Florian and Gramacy, Robert B and Hammerling, Dorit and Katzfuss, Matthias and others},
  journal={Journal of Agricultural, Biological and Environmental Statistics},
  volume={24},
  number={3},
  pages={398--425},
  year={2019},
  publisher={Springer}
}



@article{santos2021bayesian,
  title={Bayesian spatio-temporal models for stream networks},
  author={Santos-Fernandez, Edgar and Ver Hoef, Jay M and Peterson, Erin E and McGree, James and Isaak, Daniel and Mengersen, Kerrie},
  journal={arXiv preprint arXiv:2103.03538},
  year={2021}
}


@article{reid2019emerging,
author = {Reid, Andrea J. and Carlson, Andrew K. and Creed, Irena F. and Eliason, Erika J. and Gell, Peter A. and Johnson, Pieter T. J. and Kidd, Karen A. and MacCormack, Tyson J. and Olden, Julian D. and Ormerod, Steve J. and Smol, John P. and Taylor, William W. and Tockner, Klement and Vermaire, Jesse C. and Dudgeon, David and Cooke, Steven J.},
title = {Emerging threats and persistent conservation challenges for freshwater biodiversity},
journal = {Biological Reviews},
volume = {94},
number = {3},
pages = {849-873},
keywords = {climate change, endangered species, lakes, management, mitigation, restoration, rivers, streams, stressors, wetlands},
doi = {https://doi.org/10.1111/brv.12480},
url = {https://onlinelibrary.wiley.com/doi/abs/10.1111/brv.12480},
eprint = {https://onlinelibrary.wiley.com/doi/pdf/10.1111/brv.12480},
year = {2019}
}





@article{matthews1975comparison,
  title={{Comparison of the predicted and observed secondary structure of T4 phage lysozyme}},
  author={Matthews, Brian W},
  journal={Biochimica et Biophysica Acta (BBA)-Protein Structure},
  volume={405},
  number={2},
  pages={442--451},
  year={1975},
  publisher={Elsevier}
}


@inproceedings{brodersen2010balanced,
  title={The balanced accuracy and its posterior distribution},
  author={Brodersen, Kay Henning and Ong, Cheng Soon and Stephan, Klaas Enno and Buhmann, Joachim M},
  booktitle={{2010 20th International Conference on Pattern Recognition}},
  pages={3121--3124},
  year={2010},
  organization={IEEE}
}



@article{barnett1984outliers,
  title={Outliers in statistical data},
  author={Barnett, Vic and Lewis, Toby},
  journal={Wiley Series in Probability and Mathematical Statistics. Applied Probability and Statistics},
  year={1984}
}

  @Article{forecast,
    title = {Automatic time series forecasting: the forecast package for {R}},
    author = {Rob J Hyndman and Yeasmin Khandakar},
    journal = {Journal of Statistical Software},
    volume = {26},
    number = {3},
    pages = {1--22},
    year = {2008},
    url = {https://www.jstatsoft.org/article/view/v027i03},
  }



@article{rodriguez2020detecting,
  title={Detecting technical anomalies in high-frequency water-quality data using Artificial Neural Networks},
  author={Rodriguez-Perez, Javier and Leigh, Catherine and Liquet, Benoit and Kermorvant, Claire and Peterson, Erin and Sous, Damien and Mengersen, Kerrie},
  journal={Environmental Science \& Technology},
  volume={54},
  number={21},
  pages={13719--13730},
  year={2020},
  publisher={ACS Publications}
}




@book{cressie2015statistics,
  title={Statistics for spatio-temporal data},
  author={Cressie, Noel and Wikle, Christopher K},
  year={2015},
  publisher={John Wiley \& Sons}
}


@article{ver2006spatial,
  title={Spatial statistical models that use flow and stream distance},
  author={Ver Hoef, Jay M and Peterson, Erin and Theobald, David},
  journal={Environmental and Ecological statistics},
  volume={13},
  number={4},
  pages={449--464},
  year={2006},
  publisher={Springer}
}


@article{ver2010moving,
  title={A moving average approach for spatial statistical models of stream networks},
  author={Ver Hoef, Jay M and Peterson, Erin E},
  journal={Journal of the American Statistical Association},
  volume={105},
  number={489},
  pages={6--18},
  year={2010},
  publisher={Taylor \& Francis}
}

@book{wikle2019spatio,
  title={Spatio-temporal Statistics with R},
  author={Wikle, Christopher K and Zammit-Mangion, Andrew and Cressie, Noel},
  year={2019},
  publisher={CRC Press}
}

@article{peterson2014stars,
  title={{STARS}: An ArcGIS toolset used to calculate the spatial information needed to fit spatial statistical models to stream network data},
  author={Peterson, Erin and Ver Hoef, Jay M },
  journal={Journal of Statistical Software},
  volume={56},
  number={2},
  pages={1--17},
  year={2014},
  publisher={American Statistical Association}
}

@article{hoef2014ssn,
  title={{SSN}: An {R} package for spatial statistical modeling on stream networks},
  author={Ver Hoef, Jay M. and Peterson, Erin and Clifford, David and Shah, Rohan},
  journal={Journal of Statistical Software},
  volume={56},
  number={3},
  pages={1--45},
  year={2014},
  publisher={American Statistical Association}
}



@book{wackernagel2013multivariate,
  title={Multivariate geostatistics: an introduction with applications},
  author={Wackernagel, Hans},
  year={2013},
  publisher={Springer Science \& Business Media}
}



@article{ryan2019global,
  title={Global invasion history of the agricultural pest butterfly Pieris rapae revealed with genomics and citizen science},
  author={Ryan, Sean F and Lombaert, Eric and Espeset, Anne and Vila, Roger and Talavera, Gerard and Dinc{\u{a}}, Vlad and Doellman, Meredith M and Renshaw, Mark A and Eng, Matthew W and Hornett, Emily A and others},
  journal={Proceedings of the National Academy of Sciences},
  volume={116},
  number={40},
  pages={20015--20024},
  year={2019},
  publisher={National Acad Sciences}
}


@article{carvlin2019use,
  title={Use of Citizen Science-Derived Data for Spatial and Temporal Modeling of Particulate Matter near the US/Mexico Border},
  author={Carvlin, Graeme N and Lugo, Humberto and Olmedo, Luis and Bejarano, Ester and Wilkie, Alexa and Meltzer, Dan and Wong, Michelle and King, Galatea and Northcross, Amanda and Jerrett, Michael and others},
  journal={Atmosphere},
  volume={10},
  number={9},
  pages={495},
  year={2019},
  publisher={Multidisciplinary Digital Publishing Institute}
}



@article{croft2019modeling,
  title={Modeling current and potential distributions of mammal species using presence-only data: A case study on British deer},
  author={Croft, Simon and Ward, Alastair I and Aegerter, James N and Smith, Graham C},
  journal={Ecology and Evolution},
  volume={9},
  number={15},
  pages={8724--8735},
  year={2019},
  publisher={Wiley Online Library}
}



@article{farhadinia2018citizen,
  title={Citizen science data facilitate monitoring of rare large carnivores in remote montane landscapes},
  author={Farhadinia, Mohammad S and Moll, Remington J and Montgomery, Robert A and Ashrafi, Sohrab and Johnson, Paul J and Hunter, Luke TB and Macdonald, David W},
  journal={Ecological indicators},
  volume={94},
  pages={283--291},
  year={2018},
  publisher={Elsevier}
}


@book{montgomery2020introduction,
  title={Introduction to statistical quality control},
  author={Montgomery, Douglas C},
  year={2020},
  publisher={John Wiley \& Sons}
}

@article{morii2018activity,
  title={Activity of invasive slug Limax maximus in relation to climate conditions based on citizen's observations and novel regularization based statistical approaches},
  author={Morii, Yuta and Ohkubo, Yusaku and Watanabe, Sanae},
  journal={Science of the Total Environment},
  volume={637},
  pages={1061--1068},
  year={2018},
  publisher={Elsevier}
}




@article{bradter2018can,
  title={Can opportunistically collected Citizen Science data fill a data gap for habitat suitability models of less common species?},
  author={Bradter, Ute and Mair, Louise and J{\"o}nsson, Mari and Knape, Jonas and Singer, Alexander and Sn{\"a}ll, Tord},
  journal={Methods in Ecology and Evolution},
  volume={9},
  number={7},
  pages={1667--1678},
  year={2018},
  publisher={Wiley Online Library}
}




@article{reich2018integrating,
  title={Integrating auxiliary data in optimal spatial design for species distribution modelling},
  author={Reich, Brian J and Pacifici, Krishna and Stallings, Jonathan W},
  journal={Methods in Ecology and Evolution},
  volume={9},
  number={6},
  pages={1626--1637},
  year={2018},
  publisher={Wiley Online Library}
}


@article{petracca2018robust,
  title={Robust inference on large-scale species habitat use with interview data: The status of jaguars outside protected areas in Central America},
  author={Petracca, Lisanne S and Frair, Jacqueline L and Cohen, Jonathan B and Calder{\'o}n, Ana Patricia and Carazo-Salazar, Javier and Casta{\~n}eda, Franklin and Corrales-Guti{\'e}rrez, Daniel and Foster, Rebecca J and Harmsen, Bart and Hern{\'a}ndez-Potosme, Sandra and others},
  journal={Journal of Applied Ecology},
  volume={55},
  number={2},
  pages={723--734},
  year={2018},
  publisher={Wiley Online Library}
}




@article{coron2018bayesian,
  title={Bayesian estimation of species relative abundances and habitat preferences using opportunistic data},
  author={Coron, Camille and Calenge, Cl{\'e}ment and Giraud, Christophe and Julliard, Romain},
  journal={Environmental and Ecological Statistics},
  volume={25},
  number={1},
  pages={71--93},
  year={2018},
  publisher={Springer}
}



@article{zipkin2018synthesizing,
  title={Synthesizing multiple data types for biological conservation using integrated population models},
  author={Zipkin, Elise F and Saunders, Sarah P},
  journal={Biological Conservation},
  volume={217},
  pages={240--250},
  year={2018},
  publisher={Elsevier}
}



@article{van2013opportunistic,
  title={Opportunistic citizen science data of animal species produce reliable estimates of distribution trends if analysed with occupancy models},
  author={van Strien, Arco J and van Swaay, Chris AM and Termaat, Tim},
  journal={Journal of Applied Ecology},
  volume={50},
  number={6},
  pages={1450--1458},
  year={2013},
  publisher={Wiley Online Library}
}




@book{royle2008hierarchical,
  title={Hierarchical modeling and inference in ecology: the analysis of data from populations, metapopulations and communities},
  author={Royle, J Andrew and Dorazio, Robert M},
  year={2008},
  publisher={Elsevier}
}



@article{pagel2014quantifying,
  title={Quantifying range-wide variation in population trends from local abundance surveys and widespread opportunistic occurrence records},
  author={Pagel, Joern and Anderson, Barbara J and O'Hara, Robert B and Cramer, Wolfgang and Fox, Richard and Jeltsch, Florian and Roy, David B and Thomas, Chris D and Schurr, Frank M},
  journal={Methods in Ecology and Evolution},
  volume={5},
  number={8},
  pages={751--760},
  year={2014},
  publisher={Wiley Online Library}
}



@article{lottig2014long,
  title={Long-term citizen-collected data reveal geographical patterns and temporal trends in lake water clarity},
  author={Lottig, Noah R and Wagner, Tyler and Henry, Emily Norton and Cheruvelil, Kendra Spence and Webster, Katherine E and Downing, John A and Stow, Craig A},
  journal={PloS One},
  volume={9},
  number={4},
  pages={e95769},
  year={2014},
  publisher={Public Library of Science}
}




@article{strebel2014studying,
  title={Studying phenology by flexible modelling of seasonal detectability peaks},
  author={Strebel, Nicolas and K{\'e}ry, Marc and Schaub, Michael and Schmid, Hans},
  journal={Methods in Ecology and Evolution},
  volume={5},
  number={5},
  pages={483--490},
  year={2014},
  publisher={Wiley Online Library}
}



@article{purse2015landscape,
  title={Landscape and climate determine patterns of spread for all colour morphs of the alien ladybird Harmonia axyridis},
  author={Purse, Bethan V and Comont, Richard and Butler, Adam and Brown, Peter MJ and Kessel, Clare and Roy, Helen E},
  journal={Journal of Biogeography},
  volume={42},
  number={3},
  pages={575--588},
  year={2015},
  publisher={Wiley Online Library}
}



@article{barnes2015evaluating,
  title={Evaluating protected area effectiveness using bird lists in the Australian Wet Tropics},
  author={Barnes, Megan and Szabo, Judit K and Morris, William K and Possingham, Hugh},
  journal={Diversity and Distributions},
  volume={21},
  number={4},
  pages={368--378},
  year={2015},
  publisher={Wiley Online Library}
}



@article{ruiz2016uncertainty,
  title={Uncertainty in biological monitoring: a framework for data collection and analysis to account for multiple sources of sampling bias},
  author={Ruiz-Gutierrez, Viviana and Hooten, Mevin B and Campbell Grant, Evan H},
  journal={Methods in Ecology and Evolution},
  volume={7},
  number={8},
  pages={900--909},
  year={2016},
  publisher={Wiley Online Library}
}



@article{mair2017evaluating,
  title={Evaluating citizen science data for forecasting species responses to national forest management},
  author={Mair, Louise and Harrison, Philip J and J{\"o}nsson, Mari and L{\"o}bel, Swantje and Nord{\'e}n, Jenni and Siitonen, Juha and L{\"a}m{\aa}s, Tomas and Lundstr{\"o}m, Anders and Sn{\"a}ll, Tord},
  journal={Ecology and Evolution},
  volume={7},
  number={1},
  pages={368--378},
  year={2017},
  publisher={Wiley Online Library}
}



@article{cheney2013integrating,
  title={Integrating multiple data sources to assess the distribution and abundance of bottlenose dolphins T ursiops truncatus in Scottish waters},
  author={Cheney, Barbara and Thompson, Paul M and Ingram, Simon N and Hammond, Philip S and Stevick, Peter T and Durban, John W and Culloch, Ross M and Elwen, Simon H and Mandleberg, Laura and Janik, Vincent M and others},
  journal={Mammal Review},
  volume={43},
  number={1},
  pages={71--88},
  year={2013},
  publisher={Wiley Online Library}
}




@article{dennis2017efficient,
  title={Efficient occupancy model-fitting for extensive citizen-science data},
  author={Dennis, Emily B and Morgan, Byron JT and Freeman, Stephen N and Ridout, Martin S and Brereton, Tom M and Fox, Richard and Powney, Gary D and Roy, David B},
  journal={PloS One},
  volume={12},
  number={3},
  pages={e0174433},
  year={2017},
  publisher={Public Library of Science}
}



@article{isaac2014statistics,
  title={Statistics for citizen science: extracting signals of change from noisy ecological data},
  author={Isaac, Nick JB and van Strien, Arco J and August, Tom A and de Zeeuw, Marnix P and Roy, David B},
  journal={Methods in Ecology and Evolution},
  volume={5},
  number={10},
  pages={1052--1060},
  year={2014},
  publisher={Wiley Online Library}
}



@article{szabo2010regional,
  title={Regional avian species declines estimated from volunteer-collected long-term data using List Length Analysis},
  author={Szabo, Judit K and Vesk, Peter A and Baxter, Peter WJ and Possingham, Hugh P},
  journal={Ecological Applications},
  volume={20},
  number={8},
  pages={2157--2169},
  year={2010},
  publisher={Wiley Online Library}
}




@article{snall2011evaluating,
  title={Evaluating citizen-based presence data for bird monitoring},
  author={Sn{\"a}ll, Tord and Kindvall, Oskar and Nilsson, Johan and P{\"a}rt, Tomas},
  journal={Biological Conservation},
  volume={144},
  number={2},
  pages={804--810},
  year={2011},
  publisher={Elsevier}
}


@article{beck2014using,
  title={Using opportunistic photo-identifications to detect a population decline of killer whales (Orcinus orca) in British and Irish waters},
  author={Beck, Suzanne and Foote, Andrew D and Koetter, Sandra and Harries, Olivia and Mandleberg, Laura and Stevick, Peter T and Whooley, Padraig and Durban, John W},
  journal={Journal of the Marine Biological Association of the United Kingdom},
  volume={94},
  number={6},
  pages={1327--1333},
  year={2014},
  publisher={Cambridge University Press}
}



@book{korner2015bayesian,
  title={Bayesian data analysis in ecology using linear models with R, BUGS, and Stan},
  author={Korner-Nievergelt, Franzi and Roth, Tobias and Von Felten, Stefanie and Gu{\'e}lat, J{\'e}r{\^o}me and Almasi, Bettina and Korner-Nievergelt, Pius},
  year={2015},
  publisher={Academic Press}
}





@article{arab2016spatio,
  title={A spatio-temporal comparison of avian migration phenology using citizen science data},
  author={Arab, Ali and Courter, Jason R and Zelt, Jessica},
  journal={Spatial Statistics},
  volume={18},
  pages={234--245},
  year={2016},
  publisher={Elsevier}
}


@article{arab2015spatio,
  title={Spatio-temporal trend analysis of spring arrival data for migratory birds},
  author={Arab, Ali and Courter, Jason R},
  journal={Communications in Statistics-Simulation and Computation},
  volume={44},
  number={10},
  pages={2535--2547},
  year={2015},
  publisher={Taylor \& Francis}
}



@article{yoshikawa2015dietary,
  title={Dietary compositions and their seasonal shifts in Japanese resident birds, estimated from the analysis of volunteer monitoring data},
  author={Yoshikawa, Tetsuro and Osada, Yutaka},
  journal={PloS One},
  volume={10},
  number={2},
  pages={e0119324},
  year={2015},
  publisher={Public Library of Science}
}


@article{siddharthan2016crowdsourcing,
  title={Crowdsourcing without a crowd: Reliable online species identification using Bayesian models to minimize crowd size},
  author={Siddharthan, Advaith and Lambin, Christopher and Robinson, Anne-Marie and Sharma, Nirwan and Comont, Richard and O'mahony, Elaine and Mellish, Chris and Wal, Ren{\'e} Van Der},
  journal={ACM Transactions on Intelligent Systems and Technology (TIST)},
  volume={7},
  number={4},
  pages={45},
  year={2016},
  publisher={ACM}
}

@article{soykan2016population,
  title={Population trends for North American winter birds based on hierarchical models},
  author={Soykan, Candan U and Sauer, John and Schuetz, Justin G and LeBaron, Geoffrey S and Dale, Kathy and Langham, Gary M},
  journal={Ecosphere},
  volume={7},
  number={5},
  pages={e01351},
  year={2016},
  publisher={Wiley Online Library}
}



@article{mcclintock2015endangered,
  title={Endangered Florida panther population size determined from public reports of motor vehicle collision mortalities},
  author={McClintock, Brett T and Onorato, Dave P and Martin, Julien},
  journal={Journal of Applied Ecology},
  volume={52},
  number={4},
  pages={893--901},
  year={2015},
  publisher={Wiley Online Library}
}



@article{humphreys2019seasonal,
  title={Seasonal occurrence and abundance of dabbling ducks across the continental United States: Joint spatio-temporal modelling for the Genus Anas},
  author={Humphreys, John M and Murrow, Jennifer L and Sullivan, Jeffery D and Prosser, Diann J},
  journal={Diversity and Distributions},
  year={2019},
  publisher={Wiley Online Library}
}




@article{fournier2017combining,
  title={Combining citizen science species distribution models and stable isotopes reveals migratory connectivity in the secretive Virginia rail},
  author={Fournier, Auriel MV and Sullivan, Alexis R and Bump, Joseph K and Perkins, Marie and Shieldcastle, Mark C and King, Sammy L},
  journal={Journal of Applied Ecology},
  volume={54},
  number={2},
  pages={618--627},
  year={2017},
  publisher={Wiley Online Library}
}


@article{peterson2020monitoring,
  title={Monitoring through many eyes: Integrating disparate datasets to improve monitoring of the Great Barrier Reef},
  author={Peterson, Erin E and Santos-Fern{\'a}ndez, Edgar and Chen, Carla and Clifford, Sam and Vercelloni, Julie and Pearse, Alan and Brown, Ross and Christensen, Bryce and James, Allan and Anthony, Ken and others},
  journal={Environmental Modelling \& Software},
  volume={124},
  pages={104557},
  year={2020},
  publisher={Elsevier}
}






@article{santos2019error,
  title={Learning from citizen science data of variable quality: A Bayesian perspective},
  author={Santos-Fern{\'a}ndez, Edgar and Peterson, Erin E and Vercelloni, Julie and Rushworth, Em and Mengersen, Kerrie },
  journal={Submitted},
  volume={},
  pages={},
  year={2019},
  publisher={}
}



@article{wilson2013citizen,
  title={Citizen science reveals an extensive shift in the winter distribution of migratory western grebes},
  author={Wilson, Scott and Anderson, Eric M and Wilson, Amy SG and Bertram, Douglas F and Arcese, Peter},
  journal={PLoS One},
  volume={8},
  number={6},
  pages={e65408},
  year={2013},
  publisher={Public Library of Science}
}



@article{ver2020bigdata,
  title={Data Partitioning for Spatial Linear Models when Analyzing Large
Data Sets},
  author={Ver Hoef, Jay M and Peterson, Erin and Isaak, Daniel J.},
  journal={TBD},
  pages={1--40},
  year={2020},
  publisher={TBD}
}



@article{isaak2014applications,
  title={Applications of spatial statistical network models to stream data},
  author={Isaak, Daniel J and Peterson, Erin E and Ver Hoef, Jay M and Wenger, Seth J and Falke, Jeffrey A and Torgersen, Christian E and Sowder, Colin and Steel, E Ashley and Fortin, Marie-Josee and Jordan, Chris E and others},
  journal={Wiley Interdisciplinary Reviews: Water},
  volume={1},
  number={3},
  pages={277--294},
  year={2014},
  publisher={Wiley Online Library}
}

@article{nagel2015national,
  title={National Stream Internet protocol and user guide},
  author={Nagel, DE and Peterson, Erin and Isaak, DJ and Ver Hoef, Jay M and Horan, DL},
  journal={US Forest Service, Rocky Mountain Research Station Air, Water, and Aquatic Environments Program},
  year={2015}
}


@article{isaak2017norwestOLD,
  title={The {NorWeST} summer stream temperature model and scenarios for the western {US}: A crowd-sourced database and new geospatial tools foster a user community and predict broad climate warming of rivers and streams},
  author={Isaak, Daniel J and Wenger, Seth J and Peterson, Erin E and Ver Hoef, Jay M and Nagel, David E and Luce, Charles H and Hostetler, Steven W and Dunham, Jason B and Roper, Brett B and Wollrab, Sherry P and others},
  journal={Water Resources Research},
  volume={53},
  number={11},
  pages={9181--9205},
  year={2017},
  publisher={Wiley Online Library}
}


@article{isaak2017norwest,
author = {Isaak, Daniel J. and Wenger, Seth J. and Peterson, Erin E. and Ver Hoef, Jay M. and Nagel, David E. and Luce, Charles H. and Hostetler, Steven W. and Dunham, Jason B. and Roper, Brett B. and Wollrab, Sherry P. and Chandler, Gwynne L. and Horan, Dona L. and Parkes-Payne, Sharon},
title = {The {NorWeST} summer stream temperature model and scenarios for the western {US}: A crowd-sourced database and new geospatial tools foster a user community and predict broad climate warming of rivers and streams},
journal = {Water Resources Research},
volume = {53},
number = {11},
pages = {9181-9205},
keywords = {stream temperature, sensor, big data, climate scenarios, river network, climate change},
doi = {https://doi.org/10.1002/2017WR020969},
url = {https://agupubs.onlinelibrary.wiley.com/doi/abs/10.1002/2017WR020969},
eprint = {https://agupubs.onlinelibrary.wiley.com/doi/pdf/10.1002/2017WR020969},
year = {2017}
}





@article{money2009modern,
  title={Modern space/time geostatistics using river distances: data integration of turbidity and {E. coli} measurements to assess fecal contamination along the Raritan River in {New Jersey}},
  author={Money, Eric S and Carter, Gail P and Serre, Marc L},
  journal={Environmental Science \& Technology},
  volume={43},
  number={10},
  pages={3736--3742},
  year={2009},
  publisher={ACS Publications}
}



@article{money2009using,
  title={Using river distances in the space/time estimation of dissolved oxygen along two impaired river networks in New Jersey},
  author={Money, Eric and Carter, Gail P and Serre, Marc L},
  journal={Water Research},
  volume={43},
  number={7},
  pages={1948--1958},
  year={2009},
  publisher={Elsevier}
}


@article{cressie2006spatial,
  title={Spatial prediction on a river network},
  author={Cressie, Noel and Frey, Jesse and Harch, Bronwyn and Smith, Mick},
  journal={Journal of Agricultural, Biological, and Environmental Statistics},
  volume={11},
  number={2},
  pages={127},
  year={2006},
  publisher={Springer}
}




@article{peterson2010mixed,
  title={A mixed-model moving-average approach to geostatistical modeling in stream networks},
  author={Peterson, Erin E and Ver Hoef, Jay M},
  journal={Ecology},
  volume={91},
  number={3},
  pages={644--651},
  year={2010},
  publisher={Wiley Online Library}
}


@article{o2014flexible,
  title={Flexible regression models over river networks},
  author={O’Donnell, David and Rushworth, Alastair and Bowman, Adrian W and Scott, E Marian and Hallard, Mark},
  journal={Journal of the Royal Statistical Society. Series C, Applied Statistics},
  volume={63},
  number={1},
  pages={47},
  year={2014},
  publisher={Wiley-Blackwell}
}



@article{jackson2018spatio,
  title={A spatio-temporal statistical model of maximum daily river temperatures to inform the management of {S}cotland's {A}tlantic salmon rivers under climate change},
  author={Jackson, Faye L and Fryer, Robert J and Hannah, David M and Millar, Colin P and Malcolm, Iain A},
  journal={Science of the Total Environment},
  volume={612},
  pages={1543--1558},
  year={2018},
  publisher={Elsevier}
}


@article{mcnyset2015developing,
  title={Developing an effective model for predicting spatially and temporally continuous stream temperatures from remotely sensed land surface temperatures},
  author={McNyset, Kristina M and Volk, Carol J and Jordan, Chris E},
  journal={Water},
  volume={7},
  number={12},
  pages={6827--6846},
  year={2015},
  publisher={Multidisciplinary Digital Publishing Institute}
}



@article{hoffman2014no,
  title={{The No-U-turn sampler: adaptively setting path lengths in Hamiltonian Monte Carlo.}},
  author={Hoffman, Matthew D and Gelman, Andrew},
  journal={Journal of Machine Learning Research},
  volume={15},
  number={1},
  pages={1593--1623},
  year={2014}
}



  @Book{ggplot2,
    author = {Hadley Wickham},
    title = {ggplot2: Elegant Graphics for Data Analysis},
    publisher = {Springer-Verlag New York},
    year = {2016},
    isbn = {978-3-319-24277-4},
    url = {https://ggplot2.tidyverse.org},
  }
  
  
  
@book{hyndman2018forecasting,
  title={Forecasting: principles and practice},
  author={Hyndman, Rob J and Athanasopoulos, George},
  year={2018},
  publisher={OTexts}
}


@book{cressie2015statisticsfor,
  title={Statistics for spatial data},
  author={Cressie, Noel},
  year={2015},
  publisher={John Wiley \& Sons}
}

@book{banerjee2014hierarchical,
  title={Hierarchical modeling and analysis for spatial data},
  author={Banerjee, Sudipto and Carlin, Bradley P and Gelfand, Alan E},
  year={2014},
  publisher={CRC press}
}


  @Manual{smnet,
    title = {smnet: Smoothing for Stream Network Data},
    author = {Alastair Rushworth},
    year = {2017},
    note = {R package version 2.1.1},
    url = {https://CRAN.R-project.org/package=smnet},
  }
  
  
  



@article{mcnyset2015developing,
  title={Developing an effective model for predicting spatially and temporally continuous stream temperatures from remotely sensed land surface temperatures},
  author={McNyset, Kristina M and Volk, Carol J and Jordan, Chris E},
  journal={Water},
  volume={7},
  number={12},
  pages={6827--6846},
  year={2015},
  publisher={Multidisciplinary Digital Publishing Institute}
}




@Manual{rprog,
    title = {R: A Language and Environment for Statistical Computing},
    author = {{R Core Team}},
    organization = {R Foundation for Statistical Computing},
    address = {Vienna, Austria},
    year = {2022},
    url = {https://www.R-project.org/},
  }
	
@Misc{rstan,
    title = {{RStan}: the {R} interface to {Stan}},
    author = {{Stan Development Team}},
    note = {{R} package version 2.18.2},
    year = {2018},
    url = {http://mc-stan.org/},
  }
	
@article{kattwinkel2020openSTARS,
    doi = {10.1371/journal.pone.0239237},
    author = {Kattwinkel, Mira AND Szöcs, Eduard AND Peterson, Erin AND Schäfer, Ralf B.},
    journal = {PLOS ONE},
    publisher = {Public Library of Science},
    title = {Preparing GIS data for analysis of stream monitoring data: The R package openSTARS},
    year = {2020},
    month = {09},
    volume = {15},
    url = {https://doi.org/10.1371/journal.pone.0239237},
    pages = {1-10},
    number = {9}
    }
    

@Article{hadleyreshape2,
    title = {Reshaping Data with the {reshape} Package},
    author = {Hadley Wickham},
    journal = {Journal of Statistical Software},
    year = {2007},
    volume = {21},
    number = {12},
    pages = {1--20},
    url = {http://www.jstatsoft.org/v21/i12/}
    }


@article{McGuire14,
author = {Kevin J. McGuire  and Christian E. Torgersen  and Gene E. Likens  and Donald C. Buso  and Winsor H. Lowe  and Scott W. Bailey },
title = {Network analysis reveals multiscale controls on streamwater chemistry},
journal = {Proceedings of the National Academy of Sciences},
volume = {111},
number = {19},
pages = {7030-7035},
year = {2014},
doi = {10.1073/pnas.1404820111},
URL = {https://www.pnas.org/doi/abs/10.1073/pnas.1404820111},
eprint = {https://www.pnas.org/doi/pdf/10.1073/pnas.1404820111},
abstract = {By coupling synoptic data from a basin-wide assessment of streamwater chemistry with network-based geostatistical analysis, we show that spatial processes differentially affect biogeochemical condition and pattern across a headwater stream network. We analyzed a high-resolution dataset consisting of 664 water samples collected every 100 m throughout 32 tributaries in an entire fifth-order stream network. These samples were analyzed for an exhaustive suite of chemical constituents. The fine grain and broad extent of this study design allowed us to quantify spatial patterns over a range of scales by using empirical semivariograms that explicitly incorporated network topology. Here, we show that spatial structure, as determined by the characteristic shape of the semivariograms, differed both among chemical constituents and by spatial relationship (flow-connected, flow-unconnected, or Euclidean). Spatial structure was apparent at either a single scale or at multiple nested scales, suggesting separate processes operating simultaneously within the stream network and surrounding terrestrial landscape. Expected patterns of spatial dependence for flow-connected relationships (e.g., increasing homogeneity with downstream distance) occurred for some chemical constituents (e.g., dissolved organic carbon, sulfate, and aluminum) but not for others (e.g., nitrate, sodium). By comparing semivariograms for the different chemical constituents and spatial relationships, we were able to separate effects on streamwater chemistry of (i) fine-scale versus broad-scale processes and (ii) in-stream processes versus landscape controls. These findings provide insight on the hierarchical scaling of local, longitudinal, and landscape processes that drive biogeochemical patterns in stream networks.}}



@Manual{bayesplot,
    title = {bayesplot: Plotting for Bayesian Models},
    author = {Jonah Gabry and Tristan Mahr},
    year = {2018},
    note = {{R} package version 1.6.0},
    url = {https://CRAN.R-project.org/package=bayesplot},
  }
	
@Manual{tidyverse,
    title = {tidyverse: Easily Install and Load the 'Tidyverse'},
    author = {Hadley Wickham},
    year = {2017},
    note = {{R} package version 1.2.1},
    url = {https://CRAN.R-project.org/package=tidyverse},
  }


@Article{rinla,
    title = {Bayesian Spatial Modelling with {R}-{INLA}},
    author = {Finn Lindgren and H{\aa}vard Rue},
    journal = {Journal of Statistical Software},
    year = {2015},
    volume = {63},
    number = {19},
    pages = {1--25},
    url = {http://www.jstatsoft.org/v63/i19/},
  }
  
  @Article{CARBayes,
    title = {{CARBayes}: An {R} Package for {B}ayesian Spatial Modeling with Conditional Autoregressive Priors},
    author = {Duncan Lee},
    journal = {Journal of Statistical Software},
    year = {2013},
    volume = {55},
    number = {13},
    pages = {1--24},
    url = {http://www.jstatsoft.org/v55/i13/},
  }
  
  
    @Manual{FRK,
    title = {FRK: Fixed Rank Kriging},
    author = {Andrew Zammit-Mangion},
    year = {2020},
    note = {R package version 0.2.2.1},
    url = {https://CRAN.R-project.org/package=FRK},
  }
  
  
  
  @Article{spBayes,
    title = {{spBayes} for Large Univariate and Multivariate Point-Referenced Spatio-Temporal Data Models},
    author = {Andrew O. Finley and Sudipto Banerjee and Alan E.Gelfand},
    journal = {Journal of Statistical Software},
    year = {2015},
    volume = {63},
    number = {13},
    pages = {1--28},
    url = {http://www.jstatsoft.org/v63/i13/},
  }
  
  
  @Article{RandomFields,
    title = {Analysis, Simulation and Prediction of Multivariate Random Fields with Package {RandomFields}},
    author = {Martin Schlather and Alexander Malinowski and Peter J. Menck and Marco Oesting and Kirstin Strokorb},
    journal = {Journal of Statistical Software},
    year = {2015},
    volume = {63},
    number = {8},
    pages = {1--25},
    url = {http://www.jstatsoft.org/v63/i08/},
  }
  
  
@Manual{nlme,
    title = {{nlme}: Linear and Nonlinear Mixed Effects Models},
    author = {Jose Pinheiro and Douglas Bates and Saikat DebRoy and Deepayan Sarkar and {R Core Team}},
    year = {2020},
    note = {R package version 3.1-148},
    url = {https://CRAN.R-project.org/package=nlme},
  }
  
  
  
  @article{wikle1998hierarchical,
  title={Hierarchical Bayesian space-time models},
  author={Wikle, Christopher K and Berliner, L Mark and Cressie, Noel},
  journal={Environmental and Ecological Statistics},
  volume={5},
  number={2},
  pages={117--154},
  year={1998},
  publisher={Springer}
}


@article{tagle2019non,
  title={A non-{G}aussian spatio-temporal model for daily wind speeds based on a multi-variate skew-t distribution},
  author={Tagle, Felipe and Castruccio, Stefano and Crippa, Paola and Genton, Marc G},
  journal={Journal of Time Series Analysis},
  volume={40},
  number={3},
  pages={312--326},
  year={2019},
  publisher={Wiley Online Library}
}


@incollection{beenstock2019spatial,
  title={Spatial vector autoregressions},
  author={Beenstock, Michael and Felsenstein, Daniel},
  booktitle={The Econometric Analysis of Non-Stationary Spatial Panel Data},
  pages={129--161},
  year={2019},
  publisher={Springer}
}





@article{bal2014hierarchical,
  title={A hierarchical {B}ayesian model to quantify uncertainty of stream water temperature forecasts},
  author={Bal, Guillaume and Rivot, Etienne and Baglini{\`e}re, Jean-Luc and White, Jonathan and Pr{\'e}vost, Etienne},
  journal={PLoS One},
  volume={9},
  number={12},
  pages={e115659},
  year={2014},
  publisher={Public Library of Science}
}


@article{graf2018distribution,
  title={Distribution properties of a measurement series of river water temperature at different time resolution levels (based on the example of the {Lowland River Note{\'c}, Poland})},
  author={Graf, Renata},
  journal={Water},
  volume={10},
  number={2},
  pages={203},
  year={2018},
  publisher={Multidisciplinary Digital Publishing Institute}
}



@article{letcher2016hierarchical,
  title={A hierarchical model of daily stream temperature using air-water temperature synchronization, autocorrelation, and time lags},
  author={Letcher, Benjamin H and Hocking, Daniel J and O’Neil, Kyle and Whiteley, Andrew R and Nislow, Keith H and O’Donnell, Matthew J},
  journal={PeerJ},
  volume={4},
  pages={e1727},
  year={2016},
  publisher={PeerJ Inc.}
}


@article{hague2014evaluation,
  title={Evaluation of statistical river temperature forecast models for fisheries management},
  author={Hague, Merran J and Patterson, David A},
  journal={North American Journal of Fisheries Management},
  volume={34},
  number={1},
  pages={132--146},
  year={2014},
  publisher={Taylor \& Francis}
}


@article{tang2020space,
  title={Space-Time Covariance Models on Networks with An Application on Streams},
  author={Tang, Jun and Zimmerman, Dale},
  journal={arXiv preprint arXiv:2009.14745},
  year={2020}
}




@article{gelman1992inference,
  title={Inference from iterative simulation using multiple sequences},
  author={Gelman, Andrew and Rubin, Donald B and others},
  journal={Statistical Science},
  volume={7},
  number={4},
  pages={457--472},
  year={1992},
  publisher={Institute of Mathematical Statistics}
}


@article{kadane2004methods,
  title={Methods and criteria for model selection},
  author={Kadane, Joseph B and Lazar, Nicole A},
  journal={Journal of the American Statistical Association},
  volume={99},
  number={465},
  pages={279--290},
  year={2004},
  publisher={Taylor \& Francis}
}



@article{donald2011bayesian,
  title={A Bayesian analysis of an agricultural field trial with three spatial dimensions},
  author={Donald, Margaret and Alston, Clair L and Young, Rick R and Mengersen, Kerrie L},
  journal={Computational Statistics \& Data Analysis},
  volume={55},
  number={12},
  pages={3320--3332},
  year={2011},
  publisher={Elsevier}
}

@article{arismendi_can_2014,
	title = {Can air temperature be used to project influences of climate change on stream temperature?},
	volume = {9},
	number = {8},
	journal = {Environmental Research Letters},
	author = {Arismendi, Ivan and Safeeq, Mohammad and Dunham, Jason B. and Johnson, Sherri L.},
	year = {2014},
	pages = {084015},
	file = {Full Text:/home/jay/Zotero/storage/4JT4WNA4/Arismendi et al. - 2014 - Can air temperature be used to project influences .pdf:application/pdf;Snapshot:/home/jay/Zotero/storage/ACP92VMD/meta.html:text/html}
}

@article{nelson_stream_2007,
	title = {Stream temperature surges under urbanization and climate change: data, models, and responses 1},
	volume = {43},
	shorttitle = {Stream temperature surges under urbanization and climate change},
	number = {2},
	journal = {Journal of the American Water Resources Association},
	author = {Nelson, K{\"a}ren C. and Palmer, Margaret A.},
	year = {2007},
	pages = {440--452},
	file = {Full Text:/home/jay/Zotero/storage/PJSZPNWF/Nelson and Palmer - 2007 - Stream temperature surges under urbanization and c.pdf:application/pdf;Snapshot:/home/jay/Zotero/storage/ZVSYCGB7/j.1752-1688.2007.00034.html:text/html}
}

@article{isaak_climate_2012,
	title = {Climate change effects on stream and river temperatures across the northwest {U}.{S}. from 1980{\textendash}2009 and implications for salmonid fishes},
	volume = {113},
	issn = {1573-1480},
	url = {https://doi.org/10.1007/s10584-011-0326-z},
	doi = {10.1007/s10584-011-0326-z},
	number = {2},
	urldate = {2020-10-29},
	journal = {Climatic Change},
	author = {Isaak, D. J. and Wollrab, S. and Horan, D. and Chandler, G.},
	month = jul,
	year = {2012},
	pages = {499--524}
}

@article{stackpoole_spatial_2017,
	title = {Spatial and temporal patterns of dissolved organic matter quantity and quality in the {Mississippi} {River} {Basin}, 1997-2013: {Mississippi} {River} {Basin} {DOC} quantity and quality trends},
	volume = {31},
	issn = {08856087},
	shorttitle = {Spatial and temporal patterns of dissolved organic matter quantity and quality in the {Mississippi} {River} {Basin}, 1997-2013},
	url = {http://doi.wiley.com/10.1002/hyp.11072},
	doi = {10.1002/hyp.11072},
	language = {en},
	number = {4},
	urldate = {2020-10-29},
	journal = {Hydrological Processes},
	author = {Stackpoole, Sarah M. and Stets, Edward G. and Clow, David W. and Burns, Douglas A. and Aiken, George R. and Aulenbach, Brent T. and Creed, Irena F. and Hirsch, Robert M. and Laudon, Hjalmar and Pellerin, Brian A. and Striegl, Robert G.},
	month = feb,
	year = {2017},
	pages = {902--915},
	file = {Accepted Version:/home/jay/Zotero/storage/9HULXGBB/Stackpoole et al. - 2017 - Spatial and temporal patterns of dissolved organic.pdf:application/pdf}
}

@article{ficklin_effects_2013,
	title = {Effects of climate change on stream temperature, dissolved oxygen, and sediment concentration in the {Sierra} {Nevada} in {California}},
	volume = {49},
	number = {5},
	journal = {Water Resources Research},
	author = {Ficklin, Darren L. and Stewart, Iris T. and Maurer, Edwin P.},
	year = {2013},
	pages = {2765--2782},
	file = {Snapshot:/home/jay/Zotero/storage/AMS3MGWX/wrcr.html:text/html}
}

@article{cummins_structure_1974,
	title = {Structure and function of stream ecosystems},
	volume = {24},
	number = {11},
	journal = {BioScience},
	author = {Cummins, Kenneth W.},
	year = {1974},
	pages = {631--641},
	file = {Snapshot:/home/jay/Zotero/storage/ZIZWYNS4/230589.html:text/html}
}

@article{brauman_nature_2007,
	title = {The nature and value of ecosystem services: an overview highlighting hydrologic services},
	volume = {32},
	shorttitle = {The nature and value of ecosystem services},
	journal = {Annu. Rev. Environ. Resour.},
	author = {Brauman, Kate A. and Daily, Gretchen C. and Duarte, T. Ka{\textquoteright}eo and Mooney, Harold A.},
	year = {2007},
	pages = {67--98},
	file = {Full Text:/home/jay/Zotero/storage/CXAL6ULU/annurev.energy.32.031306.html:text/html;Snapshot:/home/jay/Zotero/storage/UAH65K26/annurev.energy.32.031306.html:text/html}
}

@techreport{gallice2016stream,
  title={Stream temperature modeling in mountainous environments},
  author={Gallice, Aur{\'e}lien},
  year={2016},
  institution={EPFL}
}


@article{schifano2016online,
  title={Online updating of statistical inference in the big data setting},
  author={Schifano, Elizabeth D and Wu, Jing and Wang, Chun and Yan, Jun and Chen, Ming-Hui},
  journal={Technometrics},
  volume={58},
  number={3},
  pages={393--403},
  year={2016},
  publisher={Taylor \& Francis}
}




@book{sarkka2013bayesian,
  title={Bayesian filtering and smoothing},
  author={S{\"a}rkk{\"a}, Simo},
  volume={3},
  year={2013},
  publisher={Cambridge University Press}
}


@article{callaghan2019optimizing,
  title={Optimizing future biodiversity sampling by citizen scientists},
  author={Callaghan, Corey T and Poore, Alistair GB and Major, Richard E and Rowley, Jodi JL and Cornwell, William K},
  journal={Proceedings of the Royal Society B},
  volume={286},
  number={1912},
  pages={20191487},
  year={2019},
  publisher={The Royal Society}
}




@book{koop2010bayesian,
  title={Bayesian multivariate time series methods for empirical macroeconomics},
  author={Koop, Gary and Korobilis, Dimitris},
  year={2010},
  publisher={Now Publishers Inc}
}


@article{stroud2001dynamic,
  title={Dynamic models for spatiotemporal data},
  author={Stroud, Jonathan R and M{\"u}ller, Peter and Sans{\'o}, Bruno},
  journal={Journal of the Royal Statistical Society: Series B (Statistical Methodology)},
  volume={63},
  number={4},
  pages={673--689},
  year={2001},
  publisher={Wiley Online Library}
}


@article{wikle2015modern,
  title={Modern perspectives on statistics for spatio-temporal data},
  author={Wikle, Christopher K},
  journal={Wiley Interdisciplinary Reviews: Computational Statistics},
  volume={7},
  number={1},
  pages={86--98},
  year={2015},
  publisher={Wiley Online Library}
}


@article{porcu201930,
  title={30 Years of space--time covariance functions},
  author={Porcu, Emilio and Furrer, Reinhard and Nychka, Douglas},
  journal={Wiley Interdisciplinary Reviews: Computational Statistics},
  pages={e1512},
  year={2019},
  publisher={Wiley Online Library}
}

@article{wollheim2017aquatic,
  title={Aquatic nitrate retention at river network scales across flow conditions determined using nested in situ sensors},
  author={Wollheim, WM and Mulukutla, Gopala K and Cook, C and Carey, RO},
  journal={Water Resources Research},
  volume={53},
  number={11},
  pages={9740--9756},
  year={2017},
  publisher={Wiley Online Library}
}


@article{flaxman2015fast,
  title={Fast hierarchical Gaussian processes},
  author={Flaxman, Seth and Gelman, Andrew and Neill, Daniel and Smola, Alex and Vehtari, Aki and Wilson, Andrew Gordon},
  journal={Manuscript in preparation},
  year={2015}
}






@article{zhang2018practical,
  title={{Practical Bayesian Modeling and Inference for Massive Spatial Datasets On Modest Computing Environments}},
  author={Zhang, Lu and Datta, Abhirup and Banerjee, Sudipto},
  journal={arXiv preprint arXiv:1802.00495},
  year={2018}
}





@article{finley2017applying,
  title={Applying Nearest Neighbor {G}aussian Processes to Massive Spatial Data Sets Forest Canopy Height Prediction Across {T}anana {V}alley {A}laska.},
  author={Finley, Andrew O and Datta, Abhirup and Cook, Bruce C and Morton, Douglas C and Andersen, Hans E and Banerjee, Sudipto},
  journal={arXiv preprint arXiv:1702.00434},
  year={2017}
}


@article{datta2016hierarchical,
  title={Hierarchical nearest-neighbor {G}aussian process models for large geostatistical datasets},
  author={Datta, Abhirup and Banerjee, Sudipto and Finley, Andrew O and Gelfand, Alan E},
  journal={Journal of the American Statistical Association},
  volume={111},
  number={514},
  pages={800--812},
  year={2016},
  publisher={Taylor \& Francis}
}



@article{posa_simple_1993,
	title = {A simple description of spatial-temporal processes},
	volume = {15},
	number = {4},
	journal = {Computational Statistics \& Data Analysis},
	author = {Posa, D.},
	year = {1993},
	pages = {425--437},
	file = {Snapshot:/home/jay/Zotero/storage/Y54WMNAG/016794739390174R.html:text/html}
}

@article{haas_local_1995,
	title = {Local prediction of a spatio-temporal process with an application to wet sulfate deposition},
	volume = {90},
	number = {432},
	journal = {Journal of the American Statistical Association},
	author = {Haas, Timothy C.},
	year = {1995},
	pages = {1189--1199},
	file = {Haas - 1995 - Local prediction of a spatio-temporal process with.pdf:/home/jay/Zotero/storage/RH5RVGGZ/Haas - 1995 - Local prediction of a spatio-temporal process with.pdf:application/pdf;Snapshot:/home/jay/Zotero/storage/8Y6EGMQV/01621459.1995.html:text/html}
}

@article{porcu_30_2019,
	title = {30 {Years} of space{\textendash}time covariance functions},
	journal = {Wiley Interdisciplinary Reviews: Computational Statistics},
	author = {Porcu, Emilio and Furrer, Reinhard and Nychka, Douglas},
	year = {2019},
	pages = {e1512},
	file = {Snapshot:/home/jay/Zotero/storage/N44SBGKI/wics.html:text/html}
}





@book{tsay2013multivariate,
  title={Multivariate time series analysis: with R and financial applications},
  author={Tsay, Ruey S},
  year={2013},
  publisher={John Wiley \& Sons}
}

@book{lutkepohl2005new,
  title={New introduction to multiple time series analysis},
  author={L{\"u}tkepohl, Helmut},
  year={2005},
  publisher={Springer Science \& Business Media}
}

@article{peterson2013modelling,
  title={Modelling dendritic ecological networks in space: an integrated network perspective},
  author={Peterson, Erin E and Ver Hoef, Jay M and Isaak, Dan J and Falke, Jeffrey A and Fortin, Marie-Jos{\'e}e and Jordan, Chris E and McNyset, Kristina and Monestiez, Pascal and Ruesch, Aaron S and Sengupta, Aritra and others},
  journal={Ecology Letters},
  volume={16},
  number={5},
  pages={707--719},
  year={2013},
  publisher={Wiley Online Library}
}


@article{best2019anthropogenic,
  title={Anthropogenic stresses on the world’s big rivers},
  author={Best, Jim},
  journal={Nature Geoscience},
  volume={12},
  number={1},
  pages={7--21},
  year={2019},
  publisher={Nature Publishing Group}
}


@article{mcmanus2020variation,
  title={Variation in stream network relationships and geospatial predictions of watershed conductivity},
  author={McManus, Michael G and D’Amico, Ellen and Smith, Elizabeth M and Polinsky, Robyn and Ackerman, Jerry and Tyler, Kip},
  journal={Freshwater Science},
  volume={39},
  number={4},
  pages={704--721},
  year={2020},
  publisher={The University of Chicago Press Chicago, IL}
}


@article{rodriguez2019spatial,
  title={A spatial stream-network approach assists in managing the remnant genetic diversity of riparian forests},
  author={Rodr{\'\i}guez-Gonz{\'a}lez, Patricia Mar{\'\i}a and Garc{\'\i}a, Cristina and Albuquerque, Ant{\'o}nio and Monteiro-Henriques, Tiago and Faria, Carla and Guimar{\~a}es, Joana B and Mendon{\c{c}}a, Diogo and Sim{\~o}es, Fernanda and Ferreira, Maria Teresa and Mendes, Ana and others},
  journal={Scientific Reports},
  volume={9},
  number={1},
  pages={1--10},
  year={2019},
  publisher={Nature Publishing Group}
}


@article{shreve1967infinite,
  title={Infinite topologically random channel networks},
  author={Shreve, Ronald L},
  journal={The Journal of Geology},
  volume={75},
  number={2},
  pages={178--186},
  year={1967},
  publisher={University of Chicago Press}
}


@article{frieden2014improving,
  title={Improving the predictive power of spatial statistical models of stream macroinvertebrates using weighted autocovariance functions},
  author={Frieden, Jennifer C and Peterson, Erin E and Webb, J Angus and Negus, Peter M},
  journal={Environmental Modelling \& Software},
  volume={60},
  pages={320--330},
  year={2014},
  publisher={Elsevier}
}



@article{posa1993simple,
  title={A simple description of spatial-temporal processes},
  author={Posa, D},
  journal={Computational Statistics \& Data Analysis},
  volume={15},
  number={4},
  pages={425--437},
  year={1993},
  publisher={Elsevier}
}



@article{mitchell2005testing,
  title={Testing for separability of space--time covariances},
  author={Mitchell, Matthew W and Genton, Marc G and Gumpertz, Marcia L},
  journal={Environmetrics},
  volume={16},
  number={8},
  pages={819--831},
  year={2005},
  publisher={Wiley Online Library}
}


@article{cressie1999classes,
  title={Classes of nonseparable, spatio-temporal stationary covariance functions},
  author={Cressie, Noel and Huang, Hsin-Cheng},
  journal={Journal of the American Statistical Association},
  volume={94},
  number={448},
  pages={1330--1339},
  year={1999},
  publisher={Taylor \& Francis Group}
}


@article{gneiting2002nonseparable,
  title={Nonseparable, stationary covariance functions for space--time data},
  author={Gneiting, Tilmann},
  journal={Journal of the American Statistical Association},
  volume={97},
  number={458},
  pages={590--600},
  year={2002},
  publisher={Taylor \& Francis}
}


@article{gneiting2007probabilistic,
  title={Probabilistic forecasts, calibration and sharpness},
  author={Gneiting, Tilmann and Balabdaoui, Fadoua and Raftery, Adrian E},
  journal={Journal of the Royal Statistical Society: Series B (Statistical Methodology)},
  volume={69},
  number={2},
  pages={243--268},
  year={2007},
  publisher={Wiley Online Library}
}


@article{gneiting2005calibrated,
  title={Calibrated probabilistic forecasting using ensemble model output statistics and minimum CRPS estimation},
  author={Gneiting, Tilmann and Raftery, Adrian E and Westveld III, Anton H and Goldman, Tom},
  journal={Monthly Weather Review},
  volume={133},
  number={5},
  pages={1098--1118},
  year={2005}
}

  @Manual{raster,
    title = {raster: Geographic Data Analysis and Modeling},
    author = {Robert J. Hijmans},
    year = {2020},
    note = {R package version 3.1-5},
    url = {https://CRAN.R-project.org/package=raster},
  }
  
  
  
  
  
  
@article{isaak2018global,
  title={Global warming of salmon and trout rivers in the {N}orthwestern {US}: road to ruin or path through purgatory?},
  author={Isaak, Daniel J and Luce, Charles H and Horan, Dona L and Chandler, Gwynne L and Wollrab, Sherry P and Nagel, David E},
  journal={Transactions of the American Fisheries Society},
  volume={147},
  number={3},
  pages={566--587},
  year={2018},
  publisher={Wiley Online Library}
}



@article{demars2011temperature,
  title={Temperature and the metabolic balance of streams},
  author={Demars, Benoit OL and Russell Manson, J and Olafsson, Jon S and Gislason, Gisli M and Gudmundsdottir, Rakel and Woodward, GUY and Reiss, Julia and Pichler, Doris E and Rasmussen, Jes J and Friberg, Nikolai},
  journal={Freshwater Biology},
  volume={56},
  number={6},
  pages={1106--1121},
  year={2011},
  publisher={Wiley Online Library}
}



@article{isaak2018principal,
  title={Principal components of thermal regimes in mountain river networks},
  author={Isaak, Daniel J and Luce, Charles H and Chandler, Gwynne L and Horan, Dona L and Wollrab, Sherry P},
  journal={Hydrology and Earth System Sciences},
  volume={22},
  number={12},
  pages={6225--6240},
  year={2018},
  publisher={Copernicus GmbH}
}


@article{isaak2017big,
  title={Big biology meets microclimatology: defining thermal niches of ectotherms at landscape scales for conservation planning},
  author={Isaak, Daniel J and Wenger, Seth J and Young, Michael K},
  journal={Ecological Applications},
  volume={27},
  number={3},
  pages={977--990},
  year={2017},
  publisher={Wiley Online Library}
}


@article{isaak2017scalable,
  title={{Scalable population estimates using spatial-stream-network (SSN) models, fish density surveys, and national geospatial database frameworks for streams}},
  author={Isaak, Daniel J and Ver Hoef, Jay M and Peterson, Erin E and Horan, Dona L and Nagel, David E},
  journal={Canadian Journal of Fisheries and Aquatic Sciences},
  volume={74},
  number={2},
  pages={147--156},
  year={2017},
  publisher={NRC Research Press}
}




@article{vcevsnovar2019gpu,
  title={{GPU-based parallel computation support for Stan}},
  author={{\v{C}}e{\v{s}}novar, Rok and Bronder, Steve and Sluga, Davor and Dem{\v{s}}ar, Jure and Ciglari{\v{c}}, Tadej and Talts, Sean and {\v{S}}trumbelj, Erik},
  journal={arXiv preprint arXiv:1907.01063},
  year={2019}
}


@article{isaak2016slow,
  title={Slow climate velocities of mountain streams portend their role as refugia for cold-water biodiversity},
  author={Isaak, Daniel J and Young, Michael K and Luce, Charles H and Hostetler, Steven W and Wenger, Seth J and Peterson, Erin E and Ver Hoef, Jay M and Groce, Matthew C and Horan, Dona L and Nagel, David E},
  journal={Proceedings of the National Academy of Sciences},
  volume={113},
  number={16},
  pages={4374--4379},
  year={2016},
  publisher={National Academy of  Sciences}
}


@Manual{openSTARS,
    title = {openSTARS: An Open Source Implementation of the 'ArcGIS' Toolbox 'STARS'},
    author = {Mira Kattwinkel and Eduard Szöcs},
    year = {2020},
    note = {R package version 1.2.2},
    url = {https://CRAN.R-project.org/package=openSTARS},
 } 

@article{vorosmarty2010global,
  title={Global threats to human water security and river biodiversity},
  author={V{\"o}r{\"o}smarty, Charles J and McIntyre, Peter B and Gessner, Mark O and Dudgeon, David and Prusevich, Alexander and Green, Pamela and Glidden, Stanley and Bunn, Stuart E and Sullivan, Caroline A and Liermann, C Reidy and others},
  journal={Nature},
  volume={467},
  number={7315},
  pages={555--561},
  year={2010},
  publisher={Nature Publishing Group}
}



  @Manual{geoR,
    title = {geoR: Analysis of Geostatistical Data},
    author = {Paulo J. {Ribeiro Jr} and Peter J. Diggle and Martin Schlather and Roger Bivand and Brian Ripley},
    year = {2020},
    note = {R package version 1.8-1},
    url = {https://CRAN.R-project.org/package=geoR},
  }





@misc{cranSpaceTime,
  title = {{CRAN Task View: Handling and Analyzing Spatio-Temporal Data}},
  author = {Edzer Pebesma},
  year = {2021},
  howpublished = {\url{https://cran.r-project.org/web/views/SpatioTemporal.html}},
  note = {Accessed: 2021-04-13}
}




@Manual{esri,
    title = {{ArcGIS Desktop}},
    author = {{ESRI}},
    organization = {{Environmental Systems Research Institute.}},
    address = {Redlands, CA.},
    year = {2019},
    version = {Release 10.8.},
  }
  
  @Article{rtop,
    title = {Rtop: An R package for interpolation of data with a variable spatial support, with an example from river networks},
    author = {J. O. Skoien and G. Bloschl and G. Laaha and E. Pebesma and J. Parajka and A. Viglione},
    journal = {Computers \& Geosciences},
    year = {2014},
  }

@article{skoien2014rtop,
  title={rtop: An R package for interpolation of data with a variable spatial support, with an example from river networks},
  author={Sk{\o}ien, Jon O and Bl{\"o}schl, G{\"u}nter and Laaha, Gregor and Pebesma, E and Parajka, Juraj and Viglione, Alberto},
  journal={Computers \& Geosciences},
  volume={67},
  pages={180--190},
  year={2014},
  publisher={Elsevier}
}

@book{hamilton1994time,
  title={Time series analysis},
  author={Hamilton, James Douglas},
  year={1994},
  publisher={Princeton university press}
}



@article{bosman2017spatial,
  title={Spatial anomaly detection in sensor networks using neighborhood information},
  author={Bosman, Hedde HWJ and Iacca, Giovanni and Tejada, Arturo and W{\"o}rtche, Heinrich J and Liotta, Antonio},
  journal={Information Fusion},
  volume={33},
  pages={41--56},
  year={2017},
  publisher={Elsevier}
}


@article{gaillard2009quality,
  title={Quality control of large Argo datasets},
  author={Gaillard, Fabienne and Autret, Emmanuelle and Thierry, Virginie and Galaup, Philippe and Coatanoan, Christine and Loubrieu, Thomas},
  journal={Journal of Atmospheric and Oceanic Technology},
  volume={26},
  number={2},
  pages={337--351},
  year={2009},
  publisher={American Meteorological Society}
}



@techreport{kandanaarachchi2021leave,
  title={Leave-one-out kernel density estimates for outlier detection},
  author={Kandanaarachchi, Sevvandi and Hyndman, Rob J and others},
  year={2021},
  institution={Monash University, Department of Econometrics and Business Statistics}
}


@inproceedings{schubert2014generalized,
  title={Generalized outlier detection with flexible kernel density estimates},
  author={Schubert, Erich and Zimek, Arthur and Kriegel, Hans-Peter},
  booktitle={Proceedings of the 2014 SIAM International Conference on Data Mining},
  pages={542--550},
  year={2014},
  organization={SIAM}
}

@article{todd2008development,
  title={Development of new water temperature criteria to protect Colorado's fisheries},
  author={Todd, Andrew S and Coleman, Mark A and Konowal, Aimee M and May, Melynda K and Johnson, Sarah and Vieira, Nicole KM and Saunders, James F},
  journal={Fisheries},
  volume={33},
  number={9},
  pages={433--443},
  year={2008},
  publisher={Taylor \& Francis}
}



@article{dudgeon2006freshwater,
  title={Freshwater biodiversity: importance, threats, status and conservation challenges},
  author={Dudgeon, David and Arthington, Angela H and Gessner, Mark O and Kawabata, Zen-Ichiro and Knowler, Duncan J and L{\'e}v{\^e}que, Christian and Naiman, Robert J and Prieur-Richard, Anne-H{\'e}l{\`e}ne and Soto, Doris and Stiassny, Melanie LJ and others},
  journal={Biological reviews},
  volume={81},
  number={2},
  pages={163--182},
  year={2006},
  publisher={Cambridge University Press}
}





@article{rivers2013towards,
  title={Towards setting environmental water temperature guidelines: A South African example},
  author={Rivers-Moore, Nicholas A and Dallas, Helen F and Morris, Craig},
  journal={Journal of environmental management},
  volume={128},
  pages={380--392},
  year={2013},
  publisher={Elsevier}
}



@article{olden2010incorporating,
  title={Incorporating thermal regimes into environmental flows assessments: modifying dam operations to restore freshwater ecosystem integrity},
  author={Olden, Julian D and Naiman, Robert J},
  journal={Freshwater Biology},
  volume={55},
  number={1},
  pages={86--107},
  year={2010},
  publisher={Wiley Online Library}
}






  @Manual{US2003,
    title = {EPA Region 10 guidance for Pacific Northwest state and tribal temperature water quality standards
(Rep. EPA 910-B-03-002, 49 pp.).},
    author = {{U.S. Environmental Protection Agency}},
    year = {2003},
    note = {49 pp. Seattle, WA: EPA Office of Water},
    url = {http://www.epa.gov/r10earth/temperature.htm}
  }
 
 
 @article{pellerin2016emerging,
  title={Emerging tools for continuous nutrient monitoring networks: Sensors advancing science and water resources protection},
  author={Pellerin, Brian A and Stauffer, Beth A and Young, Dwane A and Sullivan, Daniel J and Bricker, Suzanne B and Walbridge, Mark R and Clyde Jr, Gerard A and Shaw, Denice M},
  journal={JAWRA Journal of the American Water Resources Association},
  volume={52},
  number={4},
  pages={993--1008},
  year={2016},
  publisher={Wiley Online Library}
}


@article{read2017water,
  title={Water quality data for national-scale aquatic research: The Water Quality Portal},
  author={Read, Emily K and Carr, Lindsay and De Cicco, Laura and Dugan, Hilary A and Hanson, Paul C and Hart, Julia A and Kreft, James and Read, Jordan S and Winslow, Luke A},
  journal={Water Resources Research},
  volume={53},
  number={2},
  pages={1735--1745},
  year={2017},
  publisher={Wiley Online Library}
}


@article{stamp2014best,
  title={Best practices for continuous monitoring of temperature and flow in wadeable streams},
  author={Stamp, Jen and Hamilton, Anna and Craddock, Michelle and Parker, Laila and Roy, Allison H and Isaak, Daniel J and Holden, Zach and Passmore, Margaret and Bierwagen, Britta G},
  journal={EPA/600/R-13/170F. Washington, DC: US Environmental Protection Agency, Office of Research and Development, National Center for Environmental Assessment, Global Change Research Program. 70 p.},
  year={2014}
}



@article{goldberg2015moving,
  title={Moving environmental DNA methods from concept to practice for monitoring aquatic macroorganisms},
  author={Goldberg, Caren S and Strickler, Katherine M and Pilliod, David S},
  journal={Biological Conservation},
  volume={183},
  pages={1--3},
  year={2015},
  publisher={Elsevier}
}




@article{mckelvey2016sampling,
  title={Sampling large geographic areas for rare species using environmental DNA: a study of bull trout Salvelinus confluentus occupancy in western Montana},
  author={McKelvey, KS and Young, MK and Knotek, WL and Carim, KJ and Wilcox, TM and Padgett-Stewart, TM and Schwartz, MK},
  journal={Journal of Fish Biology},
  volume={88},
  number={3},
  pages={1215--1222},
  year={2016},
  publisher={Wiley Online Library}
}


@article{leigh2019predicting,
  title={Predicting sediment and nutrient concentrations from high-frequency water-quality data},
  author={Leigh, Catherine and Kandanaarachchi, Sevvandi and McGree, James and Hyndman, Rob J and Kandanaarachchi, Sevvandi and King, Olivia C and McGree, James M and Neelamraju, Catherine and Alsibai, Omar and Mengersen, Kerrie and Peterson, Erin E},
  journal={PLOS One},
  volume={14},
  issue={8},
  pages={e0215503},
  year={2019},
  publisher={Public Library of Science}
}

@article{leigh2019framework,
  title={A framework for automated anomaly detection in high frequency water-quality data from in situ sensors},
  author = {Catherine Leigh and Omar Alsibai and Rob J. Hyndman and Sevvandi Kandanaarachchi and Olivia C. King and James M. McGree and Catherine Neelamraju and Jennifer Strauss and Priyanga Dilini Talagala and Ryan D.R. Turner and Kerrie Mengersen and Erin E. Peterson},
  journal={Science of The Total Environment},
  volume={664},
  pages={885--898},
  year={2019},
  publisher={Elsevier}
}



@article{tracy1992multivariate,
  title={Multivariate control charts for individual observations},
  author={Tracy, Nola D and Young, John C and Mason, Robert L},
  journal={Journal of quality technology},
  volume={24},
  number={2},
  pages={88--95},
  year={1992},
  publisher={Taylor \& Francis}
}



@article{mason1995decomposition,
  title={{Decomposition of T2 for multivariate control chart interpretation}},
  author={Mason, Robert L and Tracy, Nola D and Young, John C},
  journal={Journal of quality technology},
  volume={27},
  number={2},
  pages={99--108},
  year={1995},
  publisher={Taylor \& Francis}
}



@Book{santos2013MSQC,
    title = {Multivariate Statistical Quality Control Using R},
    author = {Edgar Santos-Fern{\'a}ndez},
    publisher = {Springer},
    year = {2013},
    volume = {14},
    isbn = {9781461454533},
    url = {http://www.springer.com/statistics/computational+statistics/book/978-1-4614-5452-6},
  }



@book{fotheringham2008sage,
  title={{The SAGE Handbook of Spatial Analysis}},
  author={Fotheringham, A Stewart and Rogerson, Peter A},
  year={2008},
  publisher={Sage}
}


@article{zimek2012survey,
  title={A survey on unsupervised outlier detection in high-dimensional numerical data},
  author={Zimek, Arthur and Schubert, Erich and Kriegel, Hans-Peter},
  journal={Statistical Analysis and Data Mining: The ASA Data Science Journal},
  volume={5},
  number={5},
  pages={363--387},
  year={2012},
  publisher={Wiley Online Library}
}




@incollection{aggarwal2017introduction,
  title={An introduction to outlier analysis},
  author={Aggarwal, Charu C},
  booktitle={Outlier analysis},
  pages={1--34},
  year={2017},
  publisher={Springer}
}




@article{li2017multivariate,
  title={{Multivariate time series anomaly detection: A framework of Hidden Markov Models}},
  author={Li, Jinbo and Pedrycz, Witold and Jamal, Iqbal},
  journal={Applied Soft Computing},
  volume={60},
  pages={229--240},
  year={2017},
  publisher={Elsevier}
}




@inproceedings{gornitz2015hidden,
  title={{Hidden Markov anomaly detection}},
  author={G{\"o}rnitz, Nico and Braun, Mikio and Kloft, Marius},
  booktitle={International conference on machine learning},
  pages={1833--1842},
  year={2015},
  organization={PMLR}
}

@book{murphy2012machine,
  title={Machine learning: a probabilistic perspective},
  author={Murphy, Kevin P},
  year={2012},
  publisher={MIT press}
}

@book{congdon2019bayesian,
  title={{Bayesian Hierarchical Models: With Applications Using R}},
  author={Congdon, Peter D},
  year={2019},
  publisher={CRC Press}
}


@book{gelman2006data,
  title={Data analysis using regression and multilevel/hierarchical models},
  author={Gelman, Andrew and Hill, Jennifer},
  year={2006},
  publisher={Cambridge University Press}
}


@book{weisberg2013applied,
  title={Applied linear regression},
  author={Weisberg, Sanford},
  year={2013},
  publisher={John Wiley \& Sons}
}


@book{zucchini2009hidden,
  title={{Hidden Markov models for time series: an introduction using R}},
  author={Zucchini, Walter and MacDonald, Iain L},
  year={2009},
  publisher={Chapman and Hall/CRC}
}

@book{gelman1995bayesian,
  title={Bayesian data analysis},
  author={Gelman, Andrew and Carlin, John B and Stern, Hal S and Rubin, Donald B},
  year={1995},
  publisher={Chapman and Hall/CRC}
}

Manual{rcoreteam2022R,
    title = {R: A Language and Environment for Statistical Computing},
    author = {{R Core Team}},
    organization = {R Foundation for Statistical Computing},
    address = {Vienna, Austria},
    year = {2022},
    url = {https://www.R-project.org/}
  }
  
@article{peterson2006patterns, 
title={Patterns of Spatial Autocorrelation in Stream Water Chemistry},
author={Peterson, Erin E and Merton, Andrew A and Theobald, David M and Urquhart, N Scott}, 
journal={Environmental Monitoring and Assessment},
volume={121},
number={1},
pages={571--596},
year={2006}
}


@book{wood2017generalized,
  title={{Generalized additive models: an introduction with R}},
  author={Wood, Simon N},
  year={2017},
  publisher={CRC Press}
}



@misc{GreatBarrierReef,
  title = {{Great Barrier Reef Foundation}},
  author = {{Great Barrier Reef Foundation}},
  year={2022},
  howpublished = {\url{https://www.barrierreef.org/what-we-do/reef-trust-partnership/water-quality-improvement/innovation-and-systems-change}},
  note = {Accessed: 2022-03-01}
}


 @Article{qcc,
    title = {qcc: an R package for quality control charting and statistical process control},
    author = {Luca Scrucca},
    journal = {R News},
    year = {2004},
    pages = {11--17},
    volume = {4/1},
    url = {https://cran.r-project.org/doc/Rnews/},
  }
  
  

@article{kermorvant2021understanding,
  title={Understanding links between water-quality variables and nitrate concentration in freshwater streams using high-frequency sensor data},
  author={Kermorvant, Claire and Liquet, Benoit and Litt, Guy and Mengersen, Kerrie and Peterson, Erin and Hyndman, Rob and Jones Jr, Jeremy B and Leigh, Catherine},
  journal={arXiv preprint arXiv:2106.01719},
  year={2021}
}



@article{besag1995bayesian,
  title={Bayesian computation and stochastic systems},
  author={Besag, Julian and Green, Peter and Higdon, David and Mengersen, Kerrie},
  journal={Statistical science},
  pages={3--41},
  year={1995},
  publisher={JSTOR}
}




@article{santos2022ssnbayes,
  title={{SSNbayes: An R package for Bayesian spatio-temporal modelling on stream networks}},
  author={Santos-Fernandez, Edgar and Ver Hoef, Jay M and McGree, James M and Isaak, Daniel J and Mengersen, Kerrie and Peterson, Erin E},
  journal={arXiv preprint arXiv:2202.07166},
  year={2022}
}






@Misc{SBIR,
    title = {{Small Business Innovation Research (SBIR) Pilot: Reef Water Quality Monitoring Challenge Overview}},
    author = {{Queensland Government}},
    note = {Accessed: 2022-04-13},
    year={2022},
    url = {https://openinnovation.com.au/static/downloads/sbir/SBIR%20Pilot%20-%20Reef%20Water%20Quality%20Monitoring%20-%20Challenge%20Overview.pdf},
  }
 
 
 
 @article{altenburger2019future,
  title={Future water quality monitoring: improving the balance between exposure and toxicity assessments of real-world pollutant mixtures},
  author={Altenburger, Rolf and Brack, Werner and Burgess, Robert M. and Busch, Wibke and Escher, Beate I. and Focks, Andreas and Mark Hewitt, L. and Jacobsen, Bo N. and de Alda, Miren López and Ait-Aissa, Selim and Backhaus, Thomas and Ginebreda, Antoni and Hilscherová, Klára and Hollender, Juliane and Hollert, Henner and Neale, Peta A. and Schulze, Tobias and Schymanski, Emma L. and Teodorovic, Ivana and Tindall, Andrew J. and de Aragão Umbuzeiro, Gisela and Vrana, Branislav and Zonja, Bozo and Krauss, Martin},
  journal={Environmental Sciences Europe},
  volume={31},
  number={1},
  pages={1--17},
  year={2019},
  publisher={Springer}
}



@Misc{QGMRPL,
    title = {{Modelling reductions of pollutant loads
due to improved management practices
in the Great Barrier Reef catchments}},
    author = {{Queensland Government}},
    note = {Accessed: 2022-04-13},
    year={2022},
    url = {https://www.reefplan.qld.gov.au/__data/assets/pdf_file/0019/46180/wet-tropics-catchment-modelling-report.pdf},
  }
 
 
 
 @article{croux2011robust,
  title={Robust control charts for time series data},
  author={Croux, Christophe and Gelper, Sarah and Mahieu, Koen},
  journal={Expert Systems with Applications},
  volume={38},
  number={11},
  pages={13810--13815},
  year={2011},
  publisher={Elsevier}
}



@article{alwan1988time,
  title={Time-series modeling for statistical process control},
  author={Alwan, Layth C and Roberts, Harry V},
  journal={{Journal of Business \& Economic Statistics}},
  volume={6},
  number={1},
  pages={87--95},
  year={1988},
  publisher={Taylor \& Francis}
}
 
 

@article{alwan1988time,
  title={Time-series modeling for statistical process control},
  author={Alwan, Layth C and Roberts, Harry V},
  journal={Journal of business \& economic statistics},
  volume={6},
  number={1},
  pages={87--95},
  year={1988},
  publisher={Taylor \& Francis}
}


@article{knoth2004control,
  title={Control charts for time series: A review},
  author={Knoth, Sven and Schmid, Wolfgang},
  journal={Frontiers in statistical quality control 7},
  pages={210--236},
  year={2004},
  publisher={Springer}
}



@article{stein2012national,
  title={National Environmental Stream Attributes v1. 1.5},
  author={Stein, JL and Hutchison, MF and Stein, JA},
  journal={Australian National University (ed)},
  volume={1},
  number={5},
  year={2012}
}