@article{nusselder2004,
  title={Decomposition of Differences in Health Expectancy by Cause},
  author={Nusselder, Wilma J and Looman, Caspar WN},
  journal={Demography},
  volume={41},
  number={2},
  pages={315--334},
  year={2004},
  publisher={Springer-Verlag},
  url = {https://doi.org/10.1353/dem.2004.00}
  
}

@article{beard2016,
  title={The World Report on Ageing and Health: A Policy Framework for Healthy Ageing},
  author={Beard, John R and Officer, Alana and de Carvalho, Islene Araujo and Sadana, Ritu and Pot, Anne Margriet and Michel, Jean-Pierre and Lloyd-Sherlock, Peter and Epping-Jordan, JoAnne E and Peeters, GMEE Geeske and Mahanani, Wahyu Retno and others},
  journal={The Lancet},
  volume={387},
  number={10033},
  pages={2145--2154},
  year={2016},
  publisher={Elsevier},
  url = {http://dx.doi.org/10.1016/S0140-6736(15)00516-4}
}

@article{yang2014,
  title={The Measurement of Disability in the Elderly: A Systematic Review of Self-Reported Questionnaires},
  author={Yang, Ming and Ding, Xiang and Dong, Birong},
  journal={Journal of the American Medical Directors Association},
  volume={15},
  number={2},
  pages={150--e1},
  year={2014},
  publisher={Elsevier},
  url = {https://doi.org/10.1016/j.jamda.2013.10.004}
}

@article{klijs2011,
  title={Contribution of Chronic Disease to the Burden of Disability},
  author={Klijs, Bart and Nusselder, Wilma J and Looman, Caspar W and Mackenbach, Johan P},
  journal={PLoS One},
  volume={6},
  number={9},
  pages={e25325},
  year={2011},
  publisher={Public Library of Science},
  url = {https://doi.org/10.1371/journal.pone.0025325}
}


@article{yokota2017,
  author = {Yokota, Renata T. C. and {Van Oyen}, Herman and Looman, Caspar W. N. and Nusselder, Wilma J. and Otava, Martin and Kifle, Yimer Wasihun and Molenberghs, Geert},
  journal = {Biometrical J.},
  title = {{Multinomial additive hazard model to assess the disability burden using cross-sectional data}},
  url = {https://doi.org/10.1002/bimj.201600157},
  year = {2017}
}

@misc{SASsoftware,
  title = {The SAS System, Version 9.2},
  author = {{SAS Institute Inc.}},
  organization = {SAS Institute Inc.},
  address = {Cary, NC},
  year = {2008},
  url = {http://www.sas.com/}
}

@article{nusselder2005,
  title={The Contribution of Specific Diseases to Educational Disparities in Disability-Free Life Expectancy},
  author={Nusselder, Wilma J and Looman, Caspar WN and Mackenbach, Johan P and Huisman, Martijn and Van Oyen, Herman and Deboosere, Patrick and Gadeyne, Sylvie and Kunst, Anton E},
  journal={American Journal of Public Health},
  volume={95},
  number={11},
  pages={2035--2041},
  year={2005},
  publisher={American Public Health Association},
  url = {http://doi.org/10.2105/AJPH.2004.054700}
}

@article{yokota2015b,
  title={Contribution of Chronic Diseases to the Disability Burden in a Population 15 Years and Older, \uppercase{B}elgium, 1997-2008},
  author={Yokota, Renata T. C. and Berger, Nicolas and Nusselder, Wilma J and Robine, Jean-Marie and Tafforeau, Jean and Deboosere, Patrick and Van Oyen, Herman},
  journal={BMC Public Health},
  volume={15},
  number={1},
  pages={1},
  year={2015},
  publisher={BioMed Central},
  url = {https://doi.org/10.1186/s12889-015-1574-z}
}

@article{strobl2013,
  title={Distribution and Determinants of Functioning and Disability in Aged Adults-Results from the German KORA-Age Study},
  author={Strobl, Ralf and M{\"u}ller, Martin and Emeny, Rebecca and Peters, Annette and Grill, Eva},
  journal={BMC Public Health},
  volume={13},
  number={1},
  pages={1},
  year={2013},
  publisher={BioMed Central},
  url = {http://doi.org/10.1186/1471-2458-13-137}
}

@article{chen2013,
  title={The Contributions of Diseases to Disability Burden Among the Elderly Population in China},
  author={Chen, He and Wang, Haochen and Crimmins, Eileen M and Chen, Gong and Huang, Chengli and Zheng, Xiaoying},
  journal={Journal of Aging and Health},
  pages={261-82},
  year={2013},
  publisher={Sage Publications},
  url = {https://doi.org/10.1177/0898264313514442}
}

@article{yokota2016,
  title={Contribution of Chronic Conditions to Gender Disparities in Disability in the Older Population in \uppercase{B}razil, 2013},
  author={Yokota, R. T. C. and de Moura, Lenildo and de Ara{\'u}jo Andrade, Silv{\^a}nia Suely Carib{\'e} and de S{\'a}, Na{\'\i}za Nayla Bandeira and Nusselder, Wilma Johanna and Van Oyen, Herman},
  journal={International Journal of Public Health},
  volume={61},
  number={9},
  pages={1003-1012},
  year={2016},
  publisher={Springer-Verlag},
  url = {https://doi.org/10.1007/s00038-016-0843-7}
}

@techreport{nusselder2010,
author = {Nusselder, WJ and Looman, CW},
title = {{WP7: Decomposition tools - Technical report on attribution tool.}},
url = {http://www.eurohex.eu/pdf/Reports{\_}2010/2010TR7.2{\_}TR on attribution tool.pdf},
year = {2010}
}

@book{efron1994,
  author    = {Efron, Bradley and Tibshirani, Robert J}, 
  title     = {An Introduction to the Bootstrap},
  publisher = {Chapman \& Hall/CRC Press},
  year      = 1994,
  edition   = "1st",
  isbn      = {0412042312}
}

@book{lange2010,
  author    = {Lange, K}, 
  title     = {Numerical Analysis for Statisticians},
  publisher = {Springer-Verlag},
  year      = 2010,
  edition   = "2nd",
  isbn      = {978-1-4419-5944-7}
}

@Manual{ripley2016,
    title = {\pkg{boot}: Bootstrap R (S-PLUS) Functions},
    author = {Angelo Canty and Brian Ripley},
    year = {2016},
    note = {R~package version~1.3-18},
    url = {https://CRAN.R-project.org/package=boot},
  }
  
@book{davison1997,
  author    = {Davison, AC and Hinkley, DV}, 
  title     = {Bootstrap Methods and Their Applications},
  publisher = {Cambridge University Press},
  year      = 1997,
  isbn      = {0-521-57391-2}
}

@article{celia2014,
  title={Pesquisa Nacional de Sa{\'u}de no Brasil: Concep{\c{c}}{\~a}o e Metodologia de Aplica{\c{c}}{\~a}o},
  author={Szwarcwald,CL and Malta, DC and Pereira, CA and Vieira, MLFP and Conde, WL and Souza J{\'u}nior, PRB and Damacena, GN and Azevedo, LO and Silva, G and Theme Filha, MM and Lopes, CS and Romero, DE and Almeida, WS and Monteiro, CA},
  journal={Ci{\^e}ncia \& Sa{\'u}de Coletiva},
  volume={19},
  number={2},
  pages={333-342},
  year={2014},
  url = {http://dx.doi.org/10.1590/1413-81232014192.14072012}
}

@article{yee2014,
  title={Reduced-Rank Vector Generalized Linear Models With Two Linear Predictors},
  author={Yee, TW},
  journal={Computational Statistics \& Data Analysis},
  pages={889-902},
  year={2014},
  publisher={Elsevier},
  url = {https://doi.org/10.1016/j.csda.2013.01.012}
}

@book{agresti2002,
  author    = {Agresti, A}, 
  title     = {Categorical Data Analysis},
  publisher = {John Wiley \& Sons},
  year      = 2002,
  isbn      = {0-471-36093-7}
}

@article{yokota2015,
  title={Contribution of Chronic Diseases to Mild and Severe Disability Burden in \uppercase{B}elgium},
  author={Yokota, RTC and Van der Heyden, J and Demarest, S and Tafforeau, J and Nusselder, WJ and Deboosere, P and Van Oyen, H},
  journal={Archives of Public Health},
  pages={37},
  year={2015},
  publisher={BioMed Central},
  url = {http://doi.org/10.1186/s13690-015-0083-y}
}

@article{verbrugge1994,
  title={The Disablement Process},
  author={Verbrugge, LM and Jette, AM},
  journal={Social Science \& Medicine},
  pages={1-14},
  year={1994},
  publisher={Pergamon Press Ltd},
  url = {http://dx.doi.org/10.1016/0277-9536(94)90294-1}
}

@book{manton1984,
  author    = {Manton, KG and Stallard, E}, 
  title     = {Recent Trends in Mortality Analysis},
  publisher = {Academic Press},
  year      = 1984,
  isbn      = {0124700209}
}

@article{chiang1991,
  title={Competing Risks in Mortality Analysis},
  author={Chiang, CL},
  journal={Annual Review of Public Health},
  pages={281-307},
  year={1991},
  publisher={Annual Reviews Inc.},
  url = {https://doi.org/10.1146/annurev.pu.12.050191.001433}
}

@Manual{logbin2016,
    title = {\pkg{logbin}: Relative Risk Regression Using the Log-Binomial Model},
    author = {Mark W. Donoghoe},
    year = {2016},
    note = {R~package version~2.0.1},
    url = {https://CRAN.R-project.org/package=logbin},
  }
  
@Manual{vgam2016,
    title = {\pkg{VGAM}: Vector Generalized Linear and Additive Models},
    author = {Thomas W. Yee},
    year = {2016},
    note = {R~package version~1.0-2},
    url = {https://CRAN.R-project.org/package=VGAM},
  }
  
@article{marschner2012,
  title={Relative Risk Regression: Reliable and Flexible Methods for Log-Binomial Models},
  author={Marschner, IC and Gillett, AC},
  journal={Biostatistics},
  pages={179-192},
  year={2012},
  publisher={Oxford Journals},
  url = {https://doi.org/10.1093/biostatistics/kxr030}
}

@article{blizzard2007,
  title={The Log Multinomial Regression Model for Nominal Outcomes with More Than Two Attributes},
  author={Blizzard, L and Hosmer, DW},
  journal={Biometrical Journal},
  pages={889-902},
  year={2007},
  publisher={Wiley Online Library},
  url = {https://doi.org/10.1002/bimj.200610377}
} 

