@Article{Scrucca:2013,
  title = {{GA}: A Package for Genetic Algorithms in {R}},
  author = {Luca Scrucca},
  journal = {Journal of Statistical Software},
  volume = {53},
  number = {4},
  pages = {1--37},
  url = {http://www.jstatsoft.org/v53/i04/},
  year = {2013},
}

@Article{Scrucca:2016,
  title = {On Some Extensions to {GA} Package: Hybrid Optimisation, Parallelisation and Islands Evolution},
  author = {Luca Scrucca},
  journal = {{R} Journal},
  note = {Submitted},
  year = {2016},
}

@Book{Back:Fogel:Michalewicz:2000:vol1,
  address = {Bristol and Philadelphia},
  author = {T. Back and D. B. Fogel and Z. Michalewicz},
  publisher = {IOP Publishing Ltd.},
  title = {Evolutionary Computation 1: Basic Algorithms and Operators},
  year = {2000},
}

@Book{Back:Fogel:Michalewicz:2000:vol2,
  address = {Bristol and Philadelphia},
  author = {T. Back and D. B. Fogel and Z. Michalewicz},
  publisher = {IOP Publishing Ltd.},
  title = {Evolutionary Computation 2: Advanced Algorithms and Operators},
  year = {2000},
}

@Book{Lourenco:Stutzle:2003,
  author = {Helena R Louren{\c{c}}o and Olivier C Martin and Thomas St{\"u}tzle},
  title = {Iterated Local Search},
  publisher = {Springer-Verlag},
  year = {2003},
}

@Article{Kirkpatrick:Gelatt:Vecchi:1983,
  author = {Scott Kirkpatrick and C Daniel Gelatt and Mario P Vecchi},
  title = {Optimization by Simulated Annealing},
  journal = {Science},
  volume = {220},
  number = {4598},
  pages = {671--680},
  publisher = {World Scientific},
  year = {1983},
}

@Book{Glover:Laguna:2013,
  author = {Fred Glover and Manuel Laguna},
  title = {Tabu Search},
  publisher = {Springer-Verlag},
  year = {2013},
}

@Book{Dorigo:Stutzle:2004,
  author = {Marco Dorigo and Thomas St{\"u}tzle},
  title = {Ant Colony Optimization},
  publisher = {The MIT Press},
  address = {Cambridge},
  year = {2004},
}

@Book{Lindsey:2004,
  author = {James K Lindsey},
  title = {Statistical Analysis of Stochastic Processes in Time},
  publisher = {Cambridge University Press},
  year = {2004},
}

@Article{Jarrett:1979,
  author = {R G Jarrett},
  title = {A Note on the Intervals between Coal-Mining Disasters},
  journal = {Biometrika},
  number = {1},
  pages = {191--193},
  volume = {66},
  year = {1979},
}

@Article{Carlin:Gelfand:Smith:1992,
  author = {Bradley P Carlin and Alan E Gelfand and Adrian FM Smith},
  journal = {Applied Statistics},
  title = {Hierarchical Bayesian Analysis of Changepoint Problems},
  volume = {41},
  pages = {389--405},
  year = {1992},
}

@Book{Carlin:Louis:2000,
  author = {Bradley P Carlin and Thomas A Louis},
  title = {{B}ayes and Empirical {B}ayes Methods for Data Analysis},
  publisher = {Chapman \& Hall/CRC},
  year = {2000},
}

@Article{Laird:Louis:1987,
  author = {Nan M Laird and Thomas A Louis},
  title = {Empirical {B}ayes Confidence Intervals Based on Bootstrap Samples},
  journal = {Journal of the American Statistical Association},
  volume = {82},
  number = {399},
  pages = {739--750},
  publisher = {Taylor \& Francis},
  year = {1987},
}

@Article{Raftery:Akman:1986,
  author = {AE Raftery and VE Akman},
  title = {Bayesian Analysis of a Poisson Process with a Change-Point},
  journal = {Biometrika},
  number = {1},
  pages = {85--89},
  volume = {73},
  year = {1986},
}

@Article{Hawkins:2001,
  author = {Douglas M Hawkins},
  title = {Fitting Multiple Change-Point Models to Data},
  journal = {Computational Statistics \& Data Analysis},
  number = {3},
  pages = {323--341},
  volume = {37},
  year = {2001},
}

@Article{Schwartz:1978,
  author = {G. Schwartz},
  title = {Estimating the Dimension of a Model},
  journal = {The Annals of Statistics},
  pages = {31--38},
  volume = {6},
  year = {1978},
}

@Book{Ruppert:Matteson:2015,
  author = {David Ruppert and David S. Matteson},
  title = {Statistics and Data Analysis for Financial Engineering},
  edition = {2nd},
  publisher = {Springer-Verlag},
  year = {2015},
  url = {https://doi.org/10.1007/978-1-4939-2614-5},
}

@Book{Shumway:Stoffer:2013,
  author = {Robert H Shumway and David S Stoffer},
  title = {Time Series Analysis and Its Applications},
  edition = {3rd},
  publisher = {Springer-Verlag},
  year = {2013},
}

@Book{Box:Jenkins:1976,
  author = {George EP Box and Gwilym M Jenkins},
  title = {Time Series Analysis: Forecasting and Control},
  publisher = {Holden-Day},
  address = {San Francisco, CA},
  year = {1976},
}

@Article{Hamming:1950,
  author = {Richard W Hamming},
  title = {Error Detecting and Error Correcting Codes},
  journal = {Bell System technical journal},
  volume = {29},
  number = {2},
  pages = {147--160},
  year = {1950},
  publisher = {John Wiley \& Sons},
}

@Article{Spiegelhalter:etal:1996,
  author = {David Spiegelhalter and Andrew Thomas and Nicky Best and Wally Gilks},
  title = {BUGS 0.5* Examples Volume 2 (Version Ii)},
  journal = {MRC Biostatistics Unit},
  year = {1996},
}

@Article{Mullen:2014,
  author = {Katharine M. Mullen},
  title = {Continuous Global Optimization in {R}},
  journal = {Journal of Statistical Software},
  year = {2014},
  volume = {60},
  number = {6},
  pages = {1--45},
  url = {http://www.jstatsoft.org/v60/i06/},
}

@Book{Lange:2013,
  author = {Kenneth Lange},
  title = {Optimization},
  edition = {2nd},
  publisher = {Springer-Verlag},
  address = {New York},
  year = {2013},
}

@Book{Chong:Zak:2013,
  author = {Edwin KP Chong and Stanislaw H Zak},
  title = {An Introduction to Optimization},
  publisher = {John Wiley \& Sons},
  address = {Hoboken, New Jersey},
  year = {2013},
}

@Book{Cortez:2014,
  title = {Modern Optimization with {R}},
  author = {Paulo Cortez},
  publisher = {Springer-Verlag},
  year = {2014},
}

@Book{Nash:2014,
  author = {John C Nash},
  title = {Nonlinear Parameter Optimization Using {R} Tools},
  publisher = {John Wiley \& Sons},
  year = {2014},
}

@Book{Papadimitriou:Steiglitz:1998,
  author = {C. H. Papadimitriou and K. Steiglitz},
  title = {Combinatorial Optimization: Algorithms and Complexity},
  publisher = { Dover Publications, Inc.},
  address = {Mineola, NY},
  year = {1998},
}

@Book{Simon:2013,
  author = {Dan Simon},
  title = {Evolutionary Optimization Algorithms},
  publisher = {John Wiley \& Sons},
  year = {2013},
}

@Book{DeJong:2006,
  author = {Kenneth A {De Jong}},
  title = {Evolutionary Computation: a Unified Approach},
  publisher = {MIT press},
  year = {2006},
}

@Book{Eiben:Smith:2003,
  author = {A. E. Eiben and J. E. Smith},
  title = {Introduction to Evolutionary Computing},
  publisher = {Springer-Verlag},
  address = {Berlin Heidelberg},
  year = {2003},
}

@Misc{CRANTaskView:Optimization,
  author = {Stefan Theussl and Hans W. Borchers},
  note = {Version 2015-11-27},
  title = {{CRAN} Task View: Optimization and Mathematical Programming},
  url = {http://CRAN.R-project.org/view=Optimization},
  year = {2015},
}

@Book{Givens:Hoeting:2013,
  author = {Geof H Givens and Jennifer A Hoeting},
  title = {Computational Statistics},
  edition = {2nd edition},
  publisher = {John Wiley \& Sons},
  year = {2013},
}

@Article{Whitley:1994,
  author = {D Whitley},
  title = {A Genetic Algorithm Tutorial},
  journal = {Statistics and Computing},
  volume = {4},
  number = {2},
  pages = {65--85},
  year = {1994},
}

@Article{Kermack:McKendrick:1927,
  author = {W. O. Kermack and A. G. McKendrick},
  title = {A Contribution to the Mathematical Theory of Epidemics},
  journal = {Proceedings of the Royal Society A: Mathematical, Physical and Engineering Sciences},
  volume = {115},
  number = {772},
  pages = {700--721},
  year = {1927},
}

@Book{Murray:2002,
  author = {J. D. Murray},
  title = {Mathematical Biology {I}: An Introduction},
  edition = {3rd edition},
  publisher = {Springer-Verlag},
  year = {2002},
}

@InCollection{Nakano:2012,
  author = {Junji Nakano},
  title = {Parallel Computing Techniques},
  booktitle = {Handbook of Computational Statistics},
  edition = {2nd ed.},
  editor = {James E Gentle and Wolfgang Karl H{\"a}rdle and Yuichi Mori},
  pages = {243--271},
  publisher = {Springer-Verlag},
  year = {2012},
}

@InProceedings{Amdahl:1967,
  author = {Gene M. Amdahl},
  booktitle = {AFIPS Conference Proceedings},
  pages = {483--485},
  title = {Validity of the Single Processor Approach to Achieving Large Scale Computing Capabilities},
  volume = {30},
  year = {1967},
}

@Misc{CRAN:HighPerfParComp,
  author = {Dirk Eddelbuettel},
  title = {{CRAN} Task View: High-Performance and Parallel Computing with {R}},
  year = {2016},
  note = {Version~2016-01-05},
  url = {http://CRAN.R-project.org/view=HighPerformanceComputing},
}

@Book{McCallum:Weston:2011,
  author = {Ethan McCallum and Stephen Weston},
  publisher = {O'Reilly Media},
  title = {Parallel {R}},
  year = {2011},
}

@Book{Luque:2011,
  author = {Gabriel Luque and Enrique Alba},
  publisher = {Springer-Verlag},
  title = {Parallel Genetic Algorithms: Theory and Real World Applications},
  year = {2011},
}

@Book{Luke:2013,
  author = {Sean Luke},
  title = {Essentials of Metaheuristics},
  edition = {2nd},
  note = {Freely available at http://cs.gmu.edu/$\sim$sean/book/metaheuristics/},
  publisher = {Lulu},
  url = {http://cs.gmu.edu/~sean/book/metaheuristics},
  year = {2013},
}

@Book{Gilli:etal:2011,
  title = {Numerical Methods and Optimization in Finance},
  author = {Manfred Gilli and Dietmar Maringer and Enrico Schumann},
  publisher = {Academic Press},
  year = {2011},
}

@Article{Crepinsek:etal:2013,
  address = {New York, NY, USA},
  author = {Matej \v{C}repin\v{s}ek and Shih-Hsi Liu and Marjan Mernik},
  issn = {0360-0300},
  journal = {ACM Comput. Surv.},
  number = {3},
  numpages = {33},
  pages = {1--35},
  title = {Exploration and Exploitation in Evolutionary Algorithms: A Survey},
  volume = {45},
  year = {2013},
  url = {https://doi.org/10.1145/2480741.2480752},
}

@Article{Eiben:Schippers:1998,
  author = {A. E. Eiben and C. A. Schippers},
  journal = {Fundamenta Informaticae},
  pages = {35--50},
  title = {On Evolutionary Exploration and Exploitation},
  volume = {35},
  year = {1998},
}

@Article{Satman:2015,
  author = {Mehmet Hakan Satman},
  journal = {Journal of Mathematical and Computational Science},
  number = {3},
  pages = {320},
  publisher = {Science \&amp; Knowledge Publishing Corporation Limited (SCIK)},
  title = {Hybridization of Floating-Point Genetic Algorithms Using {H}ooke-{J}eeves Algorithm as an Intelligent Mutation Operator},
  volume = {5},
  year = {2015},
}

@Article{Gilli:Schumann:2012,
  author = {Manfred Gilli and Enrico Schumann},
  journal = {Annals of Operations Research},
  number = {1},
  pages = {129--158},
  publisher = {Springer-Verlag},
  title = {Heuristic Optimisation in Financial Modelling},
  volume = {193},
  year = {2012},
}

@Manual{Rpkg:forecast,
  title = {{forecast}: Forecasting Functions for Time Series and Linear Models},
  author = {Rob J Hyndman},
  year = {2016},
  note = {{R} package version 7.3},
  url = {http://github.com/robjhyndman/forecast},
}

@Article{Hyndman:Khandakar:2008,
  title = {Automatic Time Series Forecasting: The Forecast Package for {R}},
  author = {Rob J Hyndman and Yeasmin Khandakar},
  journal = {Journal of Statistical Software},
  volume = {26},
  number = {3},
  pages = {1--22},
  year = {2008},
  url = {http://www.jstatsoft.org/article/view/v027i03},
}

@Article{Storn:Price:1997,
  author = {Rainer Storn and Kenneth Price},
  title = {Differential Evolution -- A Simple and Efficient Heuristic for Global Optimization over Continuous Spaces},
  journal = {Journal of Global Optimization},
  number = {4},
  pages = {341--359},
  volume = {11},
  issn = {1573-2916},
  year = {1997},
  url = {https://doi.org/10.1023/a:1008202821328},
}

@InProceedings{Kennedy:Eberhart:1995,
  author = {J. Kennedy and R. Eberhart},
  title = {Particle Swarm Optimization},
  booktitle = {Neural Networks, 1995. Proceedings., IEEE International Conference on},
  pages = {1942--1948},
  volume = {4},
  year = {1995},
  url = {https://doi.org/10.1109/icnn.1995.488968},
}

@InCollection{Hansen:2006,
  author = {Nikolaus Hansen},
  booktitle = {Towards a New Evolutionary Computation. Advances in Estimation of Distribution Algorithms.},
  editor = {J. A. Lozano and P. Larra{\~n}ga and I. Inza and E. Bengoetxea},
  pages = {75--102},
  publisher = {Springer-Verlag},
  title = {The CMA Evolution Strategy: a Comparing Review},
  year = {2006},
}
