%\bibliographystyle{plain}	or abbrv
% (uses file "plain.bst")
%http://amath.colorado.edu/documentation/LaTeX/reference/faq/bibstyles.pdf %for bib styles

%%%%%%%%%%%my refrs in the manuscript rlme


%dubn
@ARTICLE{Dub2004,
AUTHOR = {S. R. Dubnicka},
TITLE = {A rank-based estimation procedure for linear models with clustered data},
JOURNAL = {Journal of Modern Applied Statistical Methods},
YEAR = 2004,
VOLUME = 3,
NUMBER = 1,
PAGES = {39--48},
URL = {http://www.amstat.org/publications/jcgs/}
}



%(Raudenbush and Bryk, 2002)
@BOOK{RB2002,
   author = {S. W. Raudenbush and A. S Bryk},
   title= {Hierarchical linear models: Applications and data analysis methods},
   publisher = {Chapman \& Hall},
   year = 2012
   }


%Bilgic Thesis
@PHDTHESIS{Bilgic2012,
AUTHOR = {Yusuf K. Bilgic},
TITLE = {Rank-based estimation and prediction for mixed effects models in nested designs},
school = {Western Michigan University},
type = "{PhD} Dissertation",
address = "Department of Statistics",
YEAR = 2012
}


%Liang and Zeger
@ARTICLE{LZ1986,
   AUTHOR  = {K. -Y. Liang and S. L. Zeger},
   TITLE   = {Longitudinal
data analysis using generalized linear models.},  
   YEAR    = {1986},
   JOURNAL = {Biometrika},
   VOLUME  = {73},
   PAGES   = {13--22}
}


%Data PISA schools
@article{PISA,
  author = {OECD},
  title =	{PISA 2009 Results},
  journal =	{Journal of Statistical Software},
  year = 	"2010",
  URL =  	"http://www.oecd.org/",
}


%Groggel thesis
@PHDTHESIS{Groggel1983,
   AUTHOR  = {D. J. Groggel},
   TITLE   = {Asymptotic nonparametric confidence intervals for the ratio of scale parameters in balanced one-way random effects models.},  
   YEAR    = {1983},
school = {University of Florida},
   type = "{PhD} Dissertation",
  address= {Department of Statistics}
}



% Groggel et al
@ARTICLE{Groggel1988,
   AUTHOR  = {D. J. Groggel and D. Wackerly and P. Rao},
   TITLE   = {Nonparametric estimation in one-way random effects models},  
   YEAR    = {1988},
   JOURNAL = {Communications in Statistics: Simulation and Computation},
   VOLUME  = {17},
   PAGES   = {887-903}
}


%Brunner Denker
@ARTICLE{BD1994,
   AUTHOR  = {E. Brunner and M. Denker},
   TITLE   = {Rank statistics under dependent observations and applications to factorial designs},  
   YEAR    = {1994},
   JOURNAL = {Statist. Plan. Infer},
   VOLUME  = {42},
   PAGES   = {353-378}
}



%Bilgic GR Paper
@UNPUBLISHED{BilgicGR,
AUTHOR = {Y. K. Bilgic and J. W. McKean and J. D. Kloke and A. Abebe},
TITLE = {Iteratively Reweighted Generalized Rank-Based Method in Mixed Models},
YEAR = {2013},
NOTE =  {Manuscript}
}

% GEER Paper
@UNPUBLISHED{Ashebe2013,
AUTHOR = {A. Abebe and J. W. McKean and J. D. Kloke and Y. K. Bilgic},
TITLE = {Iterated Reweighted Rank-Based Estimates for {GEE} Models.},
YEAR = {2013},
NOTE = {Under revision}
}

@BOOK{HM2012,
   author = {T. P. Hettmansperger and J. W. McKean},
   title= {Robust Nonparametric Statistical Methods},
   publisher = {Chapman \& Hall},
   year = 2011
   }


%TM2005
%Terpstra:McKean:2005:JSSOBK:v14i07,
@article{TM2005,
  author =	{J.  T. Terpstra and Joseph W. McKean},
  title =	{Rank-Based Analysis of Linear Models Using {R}},
  journal =	{Journal of Statistical Software},
  volume =	"14",
  number =	"7",
  pages =	"1--26",
  day =  	"1",
  month =	"7",
  year = 	"2005",
  CODEN =	"JSSOBK",
  ISSN = 	"1548-7660",
  bibdate =	"2005-07-01",
  URL =  	"http://www.jstatsoft.org/v14/i07",
  accepted =	"2005-07-01",
  acknowledgement = "",
  keywords =	"",
  submitted =	"2004-04-06",
}


%Rfit
@Manual{Rfit,
  title = {Rfit: Rank Estimation for Linear Models},
  author = {John Kloke and Joseph McKean},
  year = {2012},
  note = {R package version 0.14},
  url = {http://CRAN.R-project.org/package=Rfit},
}

%nlme
@Manual{nlme,
  title = {nlme: Linear and Nonlinear Mixed Effects Models},
  author = {Jose Pinheiro and Douglas Bates and Saikat DebRoy and Deepayan Sarkar and {R Core Team}},
  year = {2013},
  note = {R package version 3.1-109},
}

%Correlated paper
@ARTICLE{Kloke2009,
AUTHOR = {J. Kloke and J. W. McKean and M. Rashid},
TITLE = {Rank-based estimation and associated inferences for linear models with cluster correlated errors},
JOURNAL = {Journal of the American Statistical Association},
YEAR = {2009},
VOLUME = {104},
NUMBER = {485},
PAGES = {384--390}
}



################################
#### SAMPLES - not used in BilgicSusmann.tex -

@PHDTHESIS{phdthesis-full,
   author = "F. Phidias Phony-Baloney",
   title = "Fighting Fire with Fire: Festooning {F}rench Phrases",
   school = "Fanstord University",
   type = "{PhD} Dissertation",
   address = "Department of French",
   month = jun # "-" # aug,
   year = 1988,
   note = "This is a full PHDTHESIS entry",
}

@UNPUBLISHED{unpublished-full,
   author = "Ulrich {\"{U}}nderwood and Ned {\~N}et and Paul {\={P}}ot",
   title = "Lower Bounds for Wishful Research Results",
   month = nov # ", " # dec,
   year = 1988,
   note = "Talk at Fanstord University (this is a full UNPUBLISHED entry)",
}

@PROCEEDINGS{whole-proceedings,
   key = STOC-key,
   organization = ACM,
   title = "Proc. Fifteenth Annual" # STOC,
   address = "Boston",
   year = 1983,
   booktitle = "Proc. Fifteenth Annual ACM" # STOC,
   note = "This is a cross-referenced PROCEEDINGS",
}

@INBOOK{inbook-minimal,
   author = "Donald E. Knuth",
   title = "Fundamental Algorithms",
   publisher = "Addison-Wesley",
   year = "{\noopsort{1973b}}1973",
   chapter = "1.2",
}

@ARTICLE{article-crossref,
   crossref = {WHOLE-JOURNAL},
   key = "",
   author = {L[eslie] A. Aamport},
   title = {The Gnats and Gnus Document Preparation System},
   pages = "73+",
   note = "This is a cross-referencing ARTICLE entry",
}




@MISC{primes,
   author = "Charles Louis Xavier Joseph de la Vall{\'e}e Poussin",
   note = "A strong form of the prime number theorem, 19th century",
   year = 1879
   }

@INBOOK{chicago,
   title = "The Chicago Manual of Style",
   publisher = "University of Chicago Press",
   edition = "Thirteenth",
   year = 1982,
   pages = "400--401",
   key = "Chicago"
   }

@BOOK{texbook,
   author = "Donald E. Knuth",
   title= "The {{\TeX}book}",
   publisher = "Addison-Wesley",
   year = 1984
   }

@BOOK{latexbook,
   author = "Leslie Lamport",
   title = "{\LaTeX \rm:} {A} Document Preparation System",
   publisher = "Addison-Wesley",
   year = 1986
   }

@UNPUBLISHED{btxdoc,
   author = "Oren Patashnik",
   title = "{Using BibTeX}",
   note = "Documentation for general BibTeX users",
   month = jan,
   year = 1988
   }

@UNPUBLISHED{btxhak,
   author = "Oren Patashnik",
   title = "Designing BibTeX Styles",
   note = "The part of BibTeX's documentation
                            that's not meant for general users",
   month = jan,
   year = 1988
   }

@BOOK{strunk,
   author = "Strunk, Jr., William and E. B. White",
   title = "The Elements of Style",
   publisher = "Macmillan",
   edition = "Third",
   year = 1979
   }

@book{vanleunen,
   title = "A Handbook for Scholars",
   author = "Mary-Claire van Leunen",
   publisher = "Knopf",
   year = "1979"
   }

@ARTICLE{Zurek:1993,
   AUTHOR  = {Zurek, R. W. and Martin, L. J.},
   TITLE   = {Interannual Variability of planet-encircling dust activity on {M}ars},  
   YEAR    = {1993},
   JOURNAL = jgr,
   VOLUME  = {98},
   NUMBER  = {E2},
   PAGES   = {3247--3259}
}

@Article{Narendra_1990,
  author =       {K.S.Narendra and K.Parthsarathy},
  title =        {Identification and Control of Dynamical System
                  using Neural Networks},
  journal =      "IEENN",
  year =         {1990},
  volume =    {1},
  number =    {1},
  month =     {},
  pages =     {4-27},
  note =      {},
  annote =    {}
}

