@Article{Anderson1965,
  author = {D. G. Anderson},
  title = {Iterative Procedures for Nonlinear Integral Equations},
  journal = {Journal of the ACM},
  year = {1965},
  number = {4},
  pages = {547-560},
  volume = {12},
  url = {https://doi.org/10.1145/321296.321305},
}

@Manual{daarem,
  title = {Daarem: Damped Anderson Acceleration with Epsilon Monotonicity for Accelerating EM-Like Monotone Algorithms},
  year = {2018},
  author = {Nicholas Henderson and Ravi Varadhan},
  url = {https://cran.r-project.org/package=daarem},
}

@Manual{BaumannKlymak2018,
  title = {FixedPoint: Algorithms for Finding Fixed Point Vectors of Functions},
  year = {2018},
  author = {Stuart Baumann and Margaryta Klymak},
  url = {https://cran.r-project.org/package=FixedPoint},
}

@Manual{turboEM,
  title = {turboEM: A Suite of Convergence Acceleration Schemes for EM, MM and Other Fixed-Point Algorithms},
  author = {Jennifer F. Bobb and Ravi Varadhan},
  year = {2014},
  note = {R package version 2014.8-1},
  url = {https://CRAN.R-project.org/package=turboEM},
}

@Article{Rosenblatt1958,
  author = {Frank Rosenblatt},
  title = {The Perceptron: A Probabilistic Model for Information Storage and Organization in the Brain},
  journal = {Psychological Review},
  year = {1958},
  number = {6},
  pages = {386-408},
  volume = {65},
  url = {https://doi.org/10.1037/h0042519},
}

@Manual{VARADHANSquareM,
  title = {SQUAREM: Squared Extrapolation Methods for Accelerating EM-Like Monotone Algorithms},
  author = {Ravi Varadhan},
  year = {2010},
  note = {R package version 2017.10-1},
  url = {https://CRAN.R-project.org/package=SQUAREM},
}

@Article{VaradhanRoland2008aa,
  author = {Ravi Varadhan and Christophe Roland},
  title = {Simple and Globally Convergent Methods for Accelerating the Convergence of Any EM Algorithm},
  journal = {Scandinavian Journal of Statistics},
  year = {2008},
  number = {2},
  pages = {335-353},
  volume = {35},
  url = {https://doi.org/10.1111/j.1467-9469.2007.00585.x},
}

@Article{JbilouSadok2000,
  author = {K. Jbilou and H. Sadok},
  title = {Vector Extrapolation Methods. Applications and Numerical Comparison},
  journal = {Journal of Computational and Applied Mathematics},
  year = {2000},
  number = {1-2},
  pages = {149-165},
  volume = {122},
  url = {https://doi.org/10.1016/S0377-0427(00)00357-5},
}

@Manual{R,
  title = {\proglang{R}: {A} Language and Environment for Statistical Computing},
  author = {{\proglang{R} Core Team}},
  organization = {\proglang{R} Foundation for Statistical Computing},
  address = {Vienna, Austria},
  year = {2017},
  url = {https://www.R-project.org/},
}

@Article{Novikoff1963,
  author = {Albert Novikoff},
  title = {On Convergence Proofs for Perceptrons},
  journal = {Stanford Research Institute: Technical Report},
  year = {1963},
  volume = {298258},
}

@Article{CabayJackson1976,
  author = {S. Cabay and L. W. Jackson},
  title = {A Polynomial Extrapolation Method for Finding Limits and Antilimits of Vector Sequences},
  journal = {Siam Journal of Numerical Analysis},
  year = {1976},
  number = {5},
  pages = {734-752},
  volume = {13},
  url = {https://doi.org/10.1137/0713060},
}

@Article{Wynn1962,
  author = {P. Wynn},
  title = {Acceleration Techniques for Iterated Vector and Matrix Problems},
  journal = {Mathematics of Computation},
  year = {1962},
  number = {79},
  pages = {301-322},
  volume = {16},
  url = {https://doi.org/10.2307/2004051},
}

@Article{SmithFordSidi1987,
  author = {David Smith and William Ford and Avram Sidi},
  title = {Extrapolation Methods for Vector Sequences},
  journal = {SIAM Review},
  year = {1987},
  number = {2},
  pages = {199-233},
  volume = {29},
  url = {https://doi.org/10.1137/1029042},
}

@Article{FangSaad2009,
  author = {Haw-ren Fang and Yousef Saad},
  title = {Two Classes of Multisecant Methods for Nonlinear Acceleration},
  journal = {Numerical Linear Algebra with Applications},
  year = {2009},
  number = {3},
  pages = {197-221},
  volume = {16},
}

@Article{RolandVaradhanFrangakis2007,
  author = {Ch. Roland and R. Varadhan and C. E. Frangakis},
  title = {Squared Polynomial Extrapolation Methods with Cycling: An Application to the Positron Emission Tomography Problem},
  journal = {Numerical Algorithms},
  year = {2007},
  pages = {159-172},
  volume = {44},
}

@Article{WalkerNi2011,
  author = {Homer Walker and Peng Ni},
  title = {Anderson Acceleration for Fixed-Point Iterations},
  journal = {SIAM Review},
  year = {2011},
  number = {4},
  pages = {1715-1735},
  volume = {49},
}

@Misc{Walker2010,
  author = {Homer Walker},
  title = {Anderson Acceleration: Algorithms and Implementations},
  year = {2010},
  howpublished = {\url{https://users.wpi.edu/~walker/Papers/anderson_accn_algs_imps.pdf}},
}

@Manual{doParallelPackage,
  title = {doParallel: Foreach Parallel Adaptor for the 'parallel' Package},
  author = {{Microsoft Corporation} and Steve Weston},
  year = {2017},
  note = {R package version 1.0.11},
  url = {https://CRAN.R-project.org/package=doParallel},
}

@Manual{foreachPackage,
  title = {Foreach: Provides Foreach Looping Construct for R},
  author = {{Revolution Analytics} and Steve Weston},
  year = {2015},
  note = {R package version 1.4.3},
  url = {https://CRAN.R-project.org/package=foreach},
}

@Manual{schumakerPackage,
  title = {Schumaker: Schumaker Shape-Preserving Spline},
  author = {Stuart Baumann and Margaryta Klymak},
  year = {2017},
  note = {R package version 1.0},
  url = {https://CRAN.R-project.org/package=schumaker},
}

@Manual{cubaturePackage,
  title = {Cubature: Adaptive Multivariate Integration over Hypercubes},
  author = {Balasubramanian Narasimhan and Steven G. Johnson},
  year = {2017},
  note = {R package version 1.3-11},
  url = {https://CRAN.R-project.org/package=cubature},
}

@Article{DiceKrigingPackage,
  title = {{DiceKriging}, {DiceOptim}: Two {R} Packages for The Analysis of Computer Experiments by Kriging-Based Metamodeling and Optimization},
  author = {Olivier Roustant and David Ginsbourger and Yves Deville},
  journal = {Journal of Statistical Software},
  year = {2012},
  volume = {51},
  number = {1},
  pages = {1--55},
  url = {http://doi.org/10.18637/jss.v051.i01},
}

@Article{MebaneSekhon2011,
  title = {Genetic Optimization Using Derivatives: The {rgenoud} Package for {R}},
  author = {Walter R. {Mebane, Jr.} and Jasjeet S. Sekhon},
  journal = {Journal of Statistical Software},
  year = {2011},
  volume = {42},
  number = {11},
  pages = {1--26},
  url = {https://doi.org/10.18637/jss.v042.i11},
}

@Article{BBPackage,
  title = {{BB}: An {R} Package for Solving a Large System Of Nonlinear Equations and for Optimizing a High-Dimensional Nonlinear Objective Function},
  author = {Ravi Varadhan and Paul Gilbert},
  journal = {Journal of Statistical Software},
  year = {2009},
  volume = {32},
  number = {4},
  pages = {1--26},
  url = {https://doi.org/10.18637/jss.v032.i04},
}

@Book{StokeyLucasPrescott1989,
  author = {Nancy Stokey and Robert E. Lucas and Edward Prescott},
  title = {Recursive Methods in Economic Dynamics},
  publisher = {Harvard University Press},
  year = {1989},
  isbn = {9780674750968},
}
