@ARTICLE{Farewell:2006,
	AUTHOR = {Daniel Mark Farewell},
	TITLE = {Linear models for censored data},
	SCHOOL = {Lancaster University},
	YEAR = 2006,
}

@ARTICLE{Diggle:2007,
	AUTHOR = {Peter Diggle and Daniel Mark Farewell and Robin Henderson},
	TITLE = {Analysis of longitudinal data with drop-out: objectives, assumptions and a proposal},
	JOURNAL = {Journal of the Royal Statistical Society: Series C (Applied Statistics)},
	YEAR = 2007,
	VOLUME = 56,
	PAGES = {499-550},
}

@ARTICLE{Aalen+Gunnes:2010,
	AUTHOR = {Odd O. Aalen and Nina Gunnes},
	TITLE = {A dynamic approach for reconstructing missing longitudinal data
	using the linear increments model},
	JOURNAL = {Biostatistics},
	YEAR = 2010,
	VOLUME = 11,
	PAGES = {453-472},
}

@ARTICLE{Gunnes:2009,
	AUTHOR = {Nina Gunnes and Daniel Mark Farewell and Odd O. Aalen and Taral G. Seierstad},
	TITLE = {Analysis of censored discrete longitudinal data: estimation of mean response},
	JOURNAL = {Statistics in Medicine},
	YEAR = 2009,
	VOLUME = 28,
	PAGES = {605-624},
}

@ARTICLE{Hogan:2004,
	AUTHOR = {Joseph W. Hogan and Jason Roy and Christina Korkontzelou},
	TITLE = {Handling drop-out in longitudinal studies},
	JOURNAL = {Statistics in Medicine},
	YEAR = 2004,
	VOLUME = 23,
	PAGES = {1455-1497},
}

@Article{ZOO,
    title = {zoo: S3 Infrastructure for Regular and Irregular Time Series},
    author = {Achim Zeileis and Gabor Grothendieck},
    journal = {Journal of Statistical Software},
    year = {2005},
    volume = {14},
    number = {6},
    pages = {1--27},
    url = {http://www.jstatsoft.org/v14/i06/},
}

@ARTICLE{Hernan:2006,
	AUTHOR = {Miguel A. Hernán and Emilie Lanoy and Dominique Costagliola and James M. Robins},
	TITLE = {Comparison of Dynamic Treatment Regimes via Inverse Probability Weighting},
	JOURNAL = {Basic \& Clinical Pharmacology \& Toxicology},
	YEAR = 2006,
	VOLUME = 98,
	PAGES = {237-242},
}


@article{gran2012,
  author = {Odd O. Aalen and Kjetil Røysland and Jon Michael Gran and Bruno Ledergerber},
  journal = {Journal of the Royal Statistical Society: Series A (Statistics in Society)},
  pages = {831--861},
  title = {Causality, mediation and time: a dynamic viewpoint},
  volume = {175(4)},
  year = 2012
}


@book{diggle98,
author = {P.~{Diggle}},
title = {{Dealing with missing values in longitudinal studies. In textitRecent Advances in the Statistical Analysis of Medical Data, editor}},
publisher = {B S Everitt and G Dunn pages},
pages = {203--228},
year = {1998}
}


