@Manual{Bradley2016,
  title = {neuroim: Data Structures and Handling for Neuroimaging Data},
  author = {Bradley R. Buchsbaum},
  year = {2016},
  note = {R package version 0.0.6},
  url = {https://CRAN.R-project.org/package=neuroim},
}

@Article{Lawrence2013,
  title = {Software for Computing and Annotating Genomic Ranges},
  author = {Michael Lawrence and Wolfgang Huber and Hervé Pagès and Patrick Aboyoun and Marc Carlson and Robert Gentleman and Martin Morgan and Vincent Carey},
  year = {2013},
  journal = {{PLoS} Computational Biology},
  volume = {9},
  issue = {8},
  url = {https://doi.org/10.1371/journal.pcbi.1003118},
}

@Manual{Lange2013,
  title = {FindMinIC: Find Models with Minimum IC},
  author = {Nicholas Lange and Tom Fletcher and Kristen Zygmunt},
  year = {2013},
  note = {R package version 1.6},
  url = {https://CRAN.R-project.org/package=FindMinIC},
}

@Manual{Bengtsson2015,
  title = {Listenv: Environments Behaving (Almost) as Lists},
  author = {Henrik Bengtsson},
  year = {2015},
  note = {R package version 0.6.0},
  url = {http://CRAN.R-project.org/package=listenv},
}

@Article{Black1998,
  title = {Dictionary of Algorithms and Data Structures},
  author = {Paul E Black},
  journal = {NISTIR},
  year = {1998},
}

@Manual{Brown2013,
  title = {hash: Full feature implementation of hash/associated arrays/dictionaries},
  author = {Christopher Brown},
  year = {2013},
  note = {R package version 2.2.6},
  url = {http://CRAN.R-project.org/package=hash},
}

@Manual{Collier2016,
  title = {liqueueR: Implements Queue, PriorityQueue and Stack Classes},
  author = {Andrew Collier},
  year = {2016},
  note = {R package version 0.0.1},
  url = {http://CRAN.R-project.org/package=liqueueR},
}

@Book{Cormen2009,
  title = {Introduction to Algorithms},
  publisher = {MIT press},
  year = {2009},
  author = {Thomas H Cormen},
}

@Manual{Csardi2016,
  title = {rstack: Stack Data Type as an 'R6' Class},
  author = {Gábor Csárdi},
  year = {2016},
  note = {R package version 1.0.0},
  url = {http://CRAN.R-project.org/package=rstack},
}

@Book{Dale1996,
  title = {Abstract Data Types: Specifications, Implementations, and Applications},
  publisher = {Jones \& Bartlett Learning},
  year = {1996},
  author = {Nell Dale and Henry M Walker},
}

@Misc{Daroczi2017,
  author = {Gergely Daróczi},
  title = {Get-data.R},
  year = {2017},
  journal = {GitHub code},
  publisher = {GitHub},
  url = {https://gist.github.com/daroczig/3cf06d6db4be2bbe3368},
}

@Article{Eddelbuettel2011,
  author = {Dirk Eddelbuettel and Romain François and J Allaire and John Chambers and Douglas Bates and Kevin Ushey},
  title = {Rcpp: Seamless {R} and {C}++ Integration},
  journal = {Journal of Statistical Software},
  year = {2011},
  volume = {40},
  number = {8},
  pages = {1--18},
}

@Manual{Giuliano2017,
  title = {stdvectors: C++ Standard Library Vectors in R},
  author = {Marco Giuliano},
  year = {2017},
  note = {R package version 0.0.5},
  url = {http://CRAN.R-project.org/package=stdvectors},
}

@Manual{Izrailev2014,
  title = {tictoc: Functions for timing R Scripts, as well as implementations of Stack and List structures},
  author = {Sergei Izrailev},
  year = {2014},
  note = {R package version 1.0},
  url = {http://CRAN.R-project.org/package=tictoc},
}

@InProceedings{Liskov1974,
  author = {Barbara Liskov and Stephen Zilles},
  title = {Programming with Abstract Data Types},
  booktitle = {ACM Sigplan Notices},
  year = {1974},
  volume = {9},
  number = {4},
  pages = {50--59},
  organization = {ACM},
}

@Manual{Loo2015,
  title = {hashr: Hash R Objects to Integers Fast},
  author = {Mark {van der Loo}},
  year = {2015},
  note = {R package version 0.1.0},
  url = {http://CRAN.R-project.org/package=hashr},
}

@Manual{Mersmann2015,
  title = {microbenchmark: Accurate Timing Functions},
  author = {Olaf Mersmann},
  year = {2015},
  note = {R package version 1.4-2.1},
  url = {http://CRAN.R-project.org/package=microbenchmark},
}

@Article{Meyer2009,
  author = {David Meyer and Kurt Hornik},
  title = {Generalized and Customizable Sets in {R}},
  journal = {Journal of Statistical Software},
  year = {2009},
  volume = {31},
  number = {2},
  pages = {1--27},
}

@InProceedings{Morandat2012,
  author = {Floréal Morandat and Brandon Hill and Leo Osvald and Jan Vitek},
  title = {Evaluating the Design of the {R} Language},
  booktitle = {European Conference on Object-Oriented Programming},
  year = {2012},
  pages = {104--131},
  organization = {Springer},
}

@Misc{Muenchen2012,
  author = {Robert A Muenchen},
  title = {The Popularity of Data Analysis Software},
  year = {2012},
  publisher = {Citeseer},
  url = {http://r4stats.com/popularity},
}

@Manual{Oehlschlagel2014,
  title = {bit: A Class for Vectors of 1-Bit Booleans},
  author = {Jens Oehlschlägel},
  year = {2014},
  note = {R package version 1.1-12},
  url = {http://CRAN.R-project.org/package=bit},
}

@Manual{Oehlschlagel2017,
  title = {bit64: A S3 Class for Vectors of 64bit Integers},
  author = {Jens Oehlschlägel},
  year = {2017},
  note = {R package version 0.9-7},
  url = {http://CRAN.R-project.org/package=bit64},
}

@Article{ONeil2015,
  author = {Shawn T O'Neil},
  title = {Implementing Persistent {O}(1) Stacks and Queues in {R}.},
  journal = {R Journal},
  year = {2015},
  volume = {7},
  number = {1},
}

@Article{Peng2006,
  title = {Interacting with Data Using the Filehash Package},
  author = {Roger D. Peng},
  journal = {R News},
  year = {2006},
  volume = {6},
  number = {4},
  pages = {19--24},
  url = {https://cran.r-project.org/doc/Rnews/},
}

@Manual{Peng2012,
  title = {filehashSQLite: Simple Key-Value Database Using SQLite},
  author = {Roger D. Peng},
  year = {2012},
  note = {R package version 0.2-4},
  url = {http://CRAN.R-project.org/package=filehashSQLite},
}

@Manual{Poncet2017,
  title = {flifo: Don't Get Stuck with Stacks in R},
  author = {Paul Poncet},
  year = {2017},
  note = {R package version 0.1.4},
  url = {http://CRAN.R-project.org/package=flifo},
}

@Manual{Rougier2013,
  title = {Oarray: Arrays with Arbitrary Offsets},
  author = {Jonathan Rougier},
  year = {2013},
  note = {R package version 1.4-5},
  url = {http://CRAN.R-project.org/package=Oarray},
}

@Article{Rubio2015,
  author = {Angel Rubio and Fernando {de Villar}},
  title = {Code Profiling in {R}: A Review of Existing Methods and an Introduction to Package {G}{U}{I}{P}rofiler.},
  journal = {R Journal},
  year = {2015},
  volume = {7},
  number = {2},
}

@Manual{Russell2017,
  title = {hashmap: The Faster Hash Map},
  author = {Nathan Russell},
  year = {2017},
  note = {R package version 0.2.0},
  url = {http://CRAN.R-project.org/package=hashmap},
}

@Book{Schildt2014,
  title = {Java: The Complete Reference},
  publisher = {McGraw-Hill Education Group},
  year = {2014},
  author = {Herbert Schildt},
}

@Manual{Schmidt2016,
  author = {Drew Schmidt},
  title = {{dequer}: Stacks, Queues, and Deques for {R}},
  year = {2016},
  note = {{R} package version 2.0-0},
  url = {https://CRAN.R-project.org/package=dequer},
}

@Manual{Pages2017,
  title = {S4Vectors: S4 Implementation of Vector-like and List-like Objects},
  author = {H. Pagés and M. Lawrence and P. Aboyoun},
  year = {2017},
  note = {{R} package version 0.16.0},
}

@Book{Stroustrup2013,
  title = {The C++ Programming Language},
  publisher = {Pearson Education},
  year = {2013},
  author = {Bjarne Stroustrup},
}

@Book{VanRossum2011,
  title = {The Python Language Reference Manual},
  publisher = {Network Theory Ltd.},
  year = {2011},
  author = {Guido {van Rossum} and Fred L. Drake},
}

@Book{Wickham2014,
  title = {Advanced R},
  publisher = {CRC Press},
  year = {2014},
  author = {Hadley Wickham},
}

@Manual{Zhan2013,
  title = {hashFunction: A Collection of Non-Cryptographic Hash Functions},
  author = {Xiaowei Zhan},
  year = {2013},
  note = {R package version 1.0},
  url = {http://CRAN.R-project.org/package=hashFunction},
}
