@book{Bagnall2016,
author = {A.~{Bagnall, A.~Bostrom, J.~Large, and J.~Lines}},
title = {{The great time series classification bake off: An experimental evaluation of recently proposed algorithms. Extended version}},
publisher = {ArXiv e-prints Feb},
year = {2016}
}
@book{Brandmaier2015,
author = {A.~M. {Brandmaier}},
title = {{pdc: An "R" package for complexity-based clustering of time series}},
publisher = {Journal of Statistical Software 67 (1):  ISSN 1548-7660 doi10.18637/jss.v067.i05},
pages = {1--23},
year = {2015},
url = {https://www.jstatsoft.org/index.php/jss/article/view/v067i05}
}
@book{Cuturi2011,
author = {M.~{Cuturi}},
title = {{Fast Global Alignment Kernels}},
publisher = {In Proceedings of the 28th International Conference on MachineLearning pages},
pages = {929--936},
year = {2011}
}
@book{Esling2012,
author = {P.~{Esling and C.~Agon}},
title = {{Time-series data mining}},
publisher = {ACM Computing Surveys 45 (1):  Nov.},
pages = {1--34},
year = {2012}
}
@book{Fu2011,
author = {T.-C. {Fu}},
title = {{A Review on Time Series Data Mining}},
publisher = {Engineering Applications of Artificial Intelligence,24 (1):  Feb},
pages = {164--181},
year = {2011}
}
@book{Gaidon2011,
author = {A.~{Gaidon, Z.~Harchaoui, and C.~Schmid}},
title = {{A time series kernel for action recognition}},
publisher = {In BMVC  - British Machine Vision Conference pages63..11},
pages = {1--63},
year = {2011}
}
@book{Genolini2014,
author = {C.~{Genolini}},
title = {{longitudinalData: Longitudinal Data, }},
publisher = {R package version 2.2},
year = {2014},
url = {http://CRAN.R-project.org/package=longitudinalData}
}
@book{Geurts2002,
author = {P.~{Geurts}},
title = {{Contributions to decision tree induction: bias/variance tradeoff and time series classification}},
publisher = {PhD thesis University of Liege Belgium.},
year = {2002}
}
@book{ToniGiorgino2009,
author = {T.~{Giorgino}},
title = {{Computing and visualizing dynamic time warping alignments in R: the dtw package}},
publisher = {Journal of Statistical Software 31 (7)},
year = {2009}
}
@book{UCR,
author = {E.~{Keogh, Q.~Zhu, B.~Hu, Y.~Hao, X.~Xi, L.~Wei, and C.~Ratanamahatana}},
title = {{The UCR Time Series Classification/Clustering Homepage}},
publisher = {URL www.cs.ucr.edu/~eamonn/time_series_data/}
}
@book{WarrenLiao2005,
author = {T.~W. {Liao}},
title = {{Clustering of time series data: a survey}},
publisher = {Pattern Recognition 38 (11): ,Nov},
pages = {1857--1874},
year = {2005}
}
@book{Marteau2015,
author = {P.-F. {Marteau and S.~Gibet}},
title = {{On recursive edit distance kernels with applications to time series classification}},
publisher = {IEEE Transactions on Neural Networks and Learning Systems,PP (6):},
pages = {1--13},
year = {2014}
}
@book{Meyer2015,
author = {D.~{Meyer and C.~Buchta}},
title = {{proxy: Distance and Similarity Measures, }},
publisher = {R package version 0.4-14},
year = {2015},
url = {http://CRAN.R-project.org/package=proxy}
}
@book{Montero2014,
author = {P.~{Montero and J.~A. Vilar}},
title = {{TSclust: An R package for time series clustering}},
publisher = {Journal of Statistical Software 62 (1):},
pages = {1--43},
year = {2014}
}
@book{Mori2016,
author = {U.~{Mori, A.~Mendiburu, and J.~A. Lozano}},
title = {{TSdist: Distance Measures for Time Series data., }},
year = {2015},
url = {http://CRAN.R-project.org/package=TSdist}
}
@book{Mori2015,
author = {U.~{Mori, A.~Mendiburu, and J.~Lozano}},
title = {{Similarity measure selection for clustering time series databases}},
publisher = {Knowledge and Data Engineering IEEE Transactions on,28 (1):  Jan  ISSN 1041-4347},
pages = {181--195},
year = {2016}
}
@book{Pree2014,
author = {H.~{Pree, B.~Herwig, T.~Gruber, B.~Sick, K.~David, and P.~Lukowicz}},
title = {{On general purpose time series similarity measures and their use as kernel functions in support vector machines}},
publisher = {Information Sciences 281:  Oct},
pages = {478--495},
year = {2014}
}
@book{Team2014,
author = {{R {Core Team}}},
title = {{R: A Language and Environment for Statistical Computing, }},
year = {2014},
url = {http://www.r-project.org/}
}
@book{Ryan2013,
author = {J.~A. {Ryan and J.~M. Ulrich}},
title = {{xts: eXtensible Time Series, }},
year = {2013},
url = {http://cran.r-project.org/package=xts}
}
@book{ww-ccao-07,
author = {S.~{Wagner and D.~Wagner}},
title = {{Comparing Clusterings - An Overview}},
publisher = {Technical Report -04 Universit"at Karlsruhe (TH) 2007},
year = {2006},
url = {http://digbib.ubka.uni-karlsruhe.de/volltexte/1000011477}
}
@book{Wang2012,
author = {X.~{Wang, A.~Mueen, H.~Ding, G.~Trajcevski, P.~Scheuermann, and E.~Keogh}},
title = {{Experimental comparison of representation methods and distance measures for time series data}},
publisher = {Data Mining and Knowledge Discovery 26 (2):},
pages = {275--309},
year = {2012}
}
@book{Zeileis2005,
author = {A.~{Zeileis and G.~Grothendieck}},
title = {{zoo: S3 Infrastructure for Regular and Irregular Time Series}},
publisher = {Journal of Statistical Software 14 (6):},
pages = {1--27},
year = {2005}
}

