@article{becker1987brushing,
  title={Brushing scatterplots},
  author={Becker, Richard A and Cleveland, William S},
  journal={Technometrics},
  volume={29},
  number={2},
  pages={127--142},
  year={1987},
  publisher={Taylor \& Francis}
}

@incollection{cook2008grand,
  title={Grand tours, projection pursuit guided tours, and manual controls},
  author={Cook, Dianne and Buja, Andreas and Lee, Eun-Kyung and Wickham, Hadley},
  booktitle={Handbook of data visualization},
  pages={295--314},
  year={2008},
  publisher={Springer}
}

@article{laa2021burning,
  title={Burning sage: Reversing the curse of dimensionality in the visualization of high-dimensional data},
  author={Laa, Ursula and Cook, Dianne and Lee, Stuart},
  journal={Journal of Computational and Graphical Statistics},
  pages={1--10},
  year={2021},
  publisher={Taylor \& Francis}
}

@article{laa2020slice,
  title={A slice tour for finding hollowness in high-dimensional data},
  author={Laa, Ursula and Cook, Dianne and Valencia, German},
  journal={Journal of Computational and Graphical Statistics},
  volume={29},
  number={3},
  pages={681--687},
  year={2020},
  publisher={Taylor \& Francis}
}

@article{laa2020hole,
  author = {Ursula Laa and Dianne Cook and Andreas Buja and German Valencia},
  title = {Hole or Grain? A Section Pursuit Index for Finding Hidden Structure in Multiple Dimensions},
  journal = {Journal of Computational and Graphical Statistics},
  volume = {0},
  number = {0},
  pages = {1-14},
  year  = {2022},
  publisher = {Taylor \& Francis},
  URL = {https://doi.org/10.1080/10618600.2022.2035230}
}

@Manual{R,
  title = {R: A Language and Environment for Statistical Computing},
  author = {{R Core Team}},
  organization = {R Foundation for Statistical Computing},
  address = {Vienna, Austria},
  year = {2021},
  url = {{https://www.R-project.org/}},
}

@inproceedings{abadi2016tensorflow,
  title={TensorFlow: A System for Large-Scale Machine Learning},
  author={Abadi, Martín and Barham, Paul and Chen, Jianmin and Chen, Zhifeng and Davis, Andy and Dean, Jeffrey and Devin, Matthieu and Ghemawat, Sanjay and Irving, Geoffrey and Isard, Michael and others},
  booktitle={12th USENIX symposium on operating systems design and implementation (OSDI 16)},
  pages={265--283},
  year={2016}
}

@inproceedings{schroff2015facenet,
  title={Facenet: A unified embedding for face recognition and clustering},
  author={Schroff, Florian and Kalenichenko, Dmitry and Philbin, James},
  booktitle={Proceedings of the IEEE conference on computer vision and pattern recognition},
  pages={815--823},
  year={2015}
}

@article{lecun1998mnist,
  title={The MNIST database of handwritten digits},
  author={LeCun, Yann},
  journal={http://yann. lecun. com/exdb/mnist/},
  year={1998}
}

@article{buja2005computational,
  title={Computational methods for high-dimensional rotations in data visualization},
  author={Buja, Andreas and Cook, Dianne and Asimov, Daniel and Hurley, Catherine},
  journal={Handbook of statistics},
  volume={24},
  pages={391--413},
  year={2005},
  publisher={Elsevier}
}

@article{asimov1985grand,
  title={The grand tour: a tool for viewing multidimensional data},
  author={Asimov, Daniel},
  journal={SIAM journal on scientific and statistical computing},
  volume={6},
  number={1},
  pages={128--143},
  year={1985},
  publisher={SIAM}
}

@article{wickham2011tourr,
  title={tourr: An R package for exploring multivariate data with projections},
  author={Wickham, Hadley and Cook, Dianne and Hofmann, Heike and Buja, Andreas},
  journal={Journal of Statistical Software},
  volume={40},
  pages={1--18},
  year={2011}
}

@Manual{htmlwidgets,
  title = {htmlwidgets: HTML Widgets for R},
  author = {Ramnath Vaidyanathan and Yihui Xie and JJ Allaire and Joe Cheng and Carson Sievert and Kenton Russell},
  year = {2021},
  note = {R package version 1.5.4},
  url = {{https://CRAN.R-project.org/package=htmlwidgets}},
}

@Manual{crosstalk,
  title = {crosstalk: Inter-Widget Interactivity for HTML Widgets},
  author = {Joe Cheng and Carson Sievert},
  year = {2022},
  note = {R package version 1.2.0.9000},
  url = {{https://rstudio.github.io/crosstalk/}},
}

@Manual{shiny,
  title = {shiny: Web Application Framework for R},
  author = {Winston Chang and Joe Cheng and JJ Allaire and Carson Sievert and Barret Schloerke and Yihui Xie and Jeff Allen and Jonathan McPherson and Alan Dipert and Barbara Borges},
  year = {2021},
  note = {R package version 1.7.1},
  url = {{https://CRAN.R-project.org/package=shiny}},
}

@Manual{tidyselect,
  title = {tidyselect: Select from a Set of Strings},
  author = {Lionel Henry and Hadley Wickham},
  year = {2022},
  note = {R package version 1.1.2},
  url = {{https://CRAN.R-project.org/package=tidyselect}},
}

@Manual{magrittr,
  title = {magrittr: A Forward-Pipe Operator for R},
  author = {Stefan Milton Bache and Hadley Wickham},
  year = {2022},
  note = {R package version 2.0.3},
  url = {{https://CRAN.R-project.org/package=magrittr}},
}

@Manual{lee2021liminal,
  title = {liminal: Multivariate Data Visualization with Tours and Embeddings},
  author = {Stuart Lee},
  year = {2021},
  note = {R package version 0.1.2},
  url = {{https://CRAN.R-project.org/package=liminal}},
}

@Manual{harrison2022langevitour,
  title = {langevitour: Langevin Tour},
  author = {Paul Harrison},
  year = {2022},
  note = {R package version 0.2},
  url = {{https://CRAN.R-project.org/package=langevitour}},
}

@article{wang2018mapping,
  title={Mapping the sensitivity of hadronic experiments to nucleon structure},
  author={Wang, Bo-Ting and Hobbs, TJ and Doyle, Sean and Gao, Jun and Hou, Tie-Jiun and Nadolsky, Pavel M and Olness, Fredrick I},
  journal={Physical Review D},
  volume={98},
  number={9},
  pages={094030},
  year={2018},
  publisher={APS}
}

@article{kipp2019connecting,
  title={Connecting R with D3 for dynamic graphics, to explore multivariate data with tours.},
  author={Kipp, Michael and Laa, Ursula and Cook, Dianne},
  journal={The R Journal},
  volume={11},
  number={1},
  pages={245},
  year={2019}
}

@Manual{langevitour,
  title = {langevitour: Langevin Tour},
  author = {Paul Harrison},
  year = {2022},
  note = {R package version 0.2.999},
  url = {https://logarithmic.net/langevitour/},
}

@misc{smilkov2016embedding,
  doi = {10.48550/ARXIV.1611.05469},  
  url = {https://arxiv.org/abs/1611.05469},
  author = {Smilkov, Daniel and Thorat, Nikhil and Nicholson, Charles and Reif, Emily and Viégas, Fernanda B. and Wattenberg, Martin},
  keywords = {Machine Learning (stat.ML), Human-Computer Interaction (cs.HC), FOS: Computer and information sciences, FOS: Computer and information sciences},
  title = {Embedding Projector: Interactive Visualization and Interpretation of Embeddings},
  publisher = {arXiv},
  year = {2016},
  copyright = {arXiv.org perpetual, non-exclusive license}
}


@Book{plotly,
author = {Carson Sievert},
title = {Interactive Web-Based Data Visualization with R, plotly, and shiny},
publisher = {Chapman and Hall/CRC},
year = {2020},
isbn = {9781138331457},
url = {{https://plotly-r.com}},
}

@article{bostock2011d3,
  title={D$^3$ data-driven documents},
  author={Bostock, Michael and Ogievetsky, Vadim and Heer, Jeffrey},
  journal={IEEE transactions on visualization and computer graphics},
  volume={17},
  number={12},
  pages={2301--2309},
  year={2011},
  publisher={IEEE}
}

@book{hastie2009elements,
  title={The elements of statistical learning: data mining, inference, and prediction},
  author={Hastie, Trevor and Tibshirani, Robert and Friedman, Jerome H and Friedman, Jerome H},
  year={2001},
  publisher={Springer}
}

@book{cook2007interactive,
  title={Interactive and dynamic graphics for data analysis: with R and GGobi},
  author={Cook, Dianne and Swayne, Deborah F and Buja, Andreas},
  year={2007},
  publisher={Springer Science \& Business Media}
}

@incollection{huber1990data,
  title={Data analysis and projection pursuit},
  author={Huber, PJ},
  booktitle={Technical report PJH-90-1},
  year={1990},
  publisher={Dept. of Mathematics, Massachusetts Institute of Technology Cambridge, MA}
}

@article{andrews1972plots,
  title={Plots of high-dimensional data},
  author={Andrews, David F},
  journal={Biometrics},
  pages={125--136},
  year={1972},
  publisher={JSTOR}
}

@article{diaconis1984asymptotics,
  title={Asymptotics of graphical projection pursuit},
  author={Diaconis, Persi and Freedman, David},
  journal={The annals of statistics},
  pages={793--815},
  year={1984},
  publisher={JSTOR}
}

@Manual{gifski,
title = {gifski: Highest Quality GIF Encoder},
author = {Jeroen Ooms},
year = {2021},
note = {R package version 1.4.3-1},
url = {{https://CRAN.R-project.org/package=gifski}},
}

@article{van2008tsne,
  title={Visualizing data using t-SNE.},
  author={Van der Maaten, Laurens and Hinton, Geoffrey},
  journal={Journal of machine learning research},
  volume={9},
  number={11},
  year={2008}
}

@Manual{van2015rtsne,
  title = {{Rtsne}: T-Distributed Stochastic Neighbor Embedding using Barnes-Hut
  Implementation},
  author = {Jesse H. Krijthe},
  year = {2015},
  note = {R package version 0.16},
  url = {https://github.com/jkrijthe/Rtsne},
}

@misc{mcinnes2018umap,
  doi = {10.48550/ARXIV.1802.03426},
  url = {https://arxiv.org/abs/1802.03426},
  author = {McInnes, Leland and Healy, John and Melville, James},
  keywords = {Machine Learning (stat.ML), Computational Geometry (cs.CG), Machine Learning (cs.LG), FOS: Computer and information sciences, FOS: Computer and information sciences},
  title = {UMAP: Uniform Manifold Approximation and Projection for Dimension Reduction},
  publisher = {arXiv},
  year = {2018},
  copyright = {arXiv.org perpetual, non-exclusive license}
}

@article{swayne2003ggobi,
  title={GGobi: evolving from XGobi into an extensible framework for interactive data visualization},
  author={Swayne, Deborah F and Lang, Duncan Temple and Buja, Andreas and Cook, Dianne},
  journal={Computational Statistics \& Data Analysis},
  volume={43},
  number={4},
  pages={423--444},
  year={2003},
  publisher={Elsevier}
}

@Manual{gganimate,
title = {gganimate: A Grammar of Animated Graphics},
author = {Thomas Lin Pedersen and David Robinson},
year = {2020},
note = {R package version 1.0.7},
url = {{https://CRAN.R-project.org/package=gganimate}},
}

@Manual{rmarkdown,
title = {rmarkdown: Dynamic Documents for R},
author = {JJ Allaire and Yihui Xie and Jonathan McPherson and Javier Luraschi and Kevin Ushey and Aron Atkins and Hadley Wickham and Joe Cheng and Winston Chang and Richard Iannone},
year = {2022},
note = {R package version 2.13},
url = {https://github.com/rstudio/rmarkdown},
}

@article{spinifex,
  author = {Nicholas Spyrison and Dianne Cook},
  title = {{spinifex: An R Package for Creating a Manual Tour of Low-
          dimensional Projections of Multivariate Data}},
  year = {2020},
  journal = {{The R Journal}},
  doi = {10.32614/RJ-2020-027},
  url = {{https://doi.org/10.32614/RJ-2020-027}},
  pages = {243--257},
  volume = {12},
  number = {1}
}

@article{tidydata,
  author = {Hadley Wickham},
  issue = {10},
  journal = {The Journal of Statistical Software},
  selected = {TRUE},
  title = {Tidy data},
  url = {http://www.jstatsoft.org/v59/i10/},
  volume = {59},
  year = {2014},
  bdsk-url-1 = {http://www.jstatsoft.org/v59/i10/},
}

@incollection{wilkinson2012grammar,
  title={The grammar of graphics},
  author={Wilkinson, Leland},
  booktitle={Handbook of computational statistics},
  pages={375--414},
  year={2012},
  publisher={Springer}
}

@article{wickham2010layered,
  title={A layered grammar of graphics},
  author={Wickham, Hadley},
  journal={Journal of Computational and Graphical Statistics},
  volume={19},
  number={1},
  pages={3--28},
  year={2010},
  publisher={Taylor \& Francis}
}

@book{wickham2016ggplot2,
  title={ggplot2: elegant graphics for data analysis},
  author={Wickham, Hadley},
  year={2016},
  publisher={springer}
}

@misc{threejs,
  author = {Ricardo Cabello},
  title = {Three.js},
  year = {2010},
  journal = {GitHub repository},
  url = {https://github.com/mrdoob/three.js},
}

@Manual{dt,
  title = {DT: A Wrapper of the JavaScript Library 'DataTables'},
  author = {Yihui Xie and Joe Cheng and Xianying Tan},
  year = {2022},
  note = {R package version 0.22},
  url = {{https://CRAN.R-project.org/package=DT}},
}

@Manual{leaflet,
  title = {leaflet: Create Interactive Web Maps with the JavaScript 'Leaflet'
  Library},
  author = {Joe Cheng and Bhaskar Karambelkar and Yihui Xie},
  year = {2022},
  note = {R package version 2.1.1},
  url = {{https://CRAN.R-project.org/package=leaflet}},
}