
@article{Pocock_1976, title={The combination of randomized and historical controls in clinical trials.}, volume={29}, DOI={10.1016/0021-9681(76)90044-8}, number={3}, journal={Journal of chronic diseases}, author={Pocock, S J}, year={1976}, month={Mar}, pages={175–188}}

@article{Neuenschwander_2010, title={Summarizing historical information on controls in clinical trials.}, volume={7}, DOI={10.1177/1740774509356002}, number={1}, journal={Clinical Trials}, author={Neuenschwander, Beat and Capkun-Niggli, Gorana and Branson, Michael and Spiegelhalter, David J}, year={2010}, month={Feb}, pages={5–18}}

@article{Carvalho_Ibrahim_2021, title={On the normalized power prior}, DOI={10.1002/sim.9124}, journal={Statistics in Medicine}, author={Carvalho, Luiz Max and Ibrahim, Joseph G.}, year={2021}, month={Jul},volume={40},number={24},pages={5251-5275}}


@article{Viele_2014, title={Use of historical control data for assessing treatment effects in clinical trials.}, volume={13}, DOI={10.1002/pst.1589}, number={1}, journal={Pharmaceutical Statistics}, author={Viele, Kert and Berry, Scott and Neuenschwander, Beat and Amzal, Billy and Chen, Fang and Enas, Nathan and Hobbs, Brian and Ibrahim, Joseph G and Kinnersley, Nelson and Lindborg, Stacy and et al.}, year={2014}, month={Feb}, pages={41–54}}

@article{Hobbs_2011, title={Hierarchical commensurate and power prior models for adaptive incorporation of historical information in clinical trials.}, volume={67}, DOI={10.1111/j.1541-0420.2011.01564.x}, number={3}, journal={Biometrics}, author={Hobbs, Brian P and Carlin, Bradley P and Mandrekar, Sumithra J and Sargent, Daniel J}, year={2011}, month={Sep}, pages={1047–1056}}

@article{Schmidli_2014, title={Robust meta-analytic-predictive priors in clinical trials with historical control information.}, volume={70}, DOI={10.1111/biom.12242}, number={4}, journal={Biometrics}, author={Schmidli, Heinz and Gsteiger, Sandro and Roychoudhury, Satrajit and O’Hagan, Anthony and Spiegelhalter, David and Neuenschwander, Beat}, year={2014}, month={Dec}, pages={1023–1032}}

@article{Rahme_1998,
	author = {Elham Rahme and Lawrence Joseph},
	journal = {Journal of Statistical Planning and Inference},
	pages = {83–93},
	title = {Exact sample size determination for binomial experiments},
	volume = {66},
	year = {1998}}
	
@article{Simon_1999, title={Bayesian design and analysis of active control clinical trials.}, volume={55}, DOI={10.1111/j.0006-341x.1999.00484.x}, number={2}, journal={Biometrics}, author={Simon, R}, year={1999}, month={Jun}, pages={484–487}}
	
@article{Gelfand_2002, title={A simulation-based approach to Bayesian sample size determination for performance under a given model and for separating models}, volume={17}, DOI={10.1214/ss/1030550861}, number={2}, journal={Statistical Science}, author={Wang, Fei and Gelfand, Alan E.}, year={2002}, month={May}, pages={193–208}}

@article{DeSantis_2007, title={Using historical data for Bayesian sample size determination}, volume={170}, DOI={10.1111/j.1467-985X.2006.00438.x}, number={1}, journal={Journal of the Royal Statistical Society: Series A (Statistics in Society)}, author={De Santis, Fulvio}, year={2007}, month={Jan}, pages={95–113}}

@article{MLan_2008, title={Bayesian sample size determination for binomial proportions}, volume={3}, DOI={10.1214/08-BA310}, number={2}, journal={Bayesian Analysis}, author={Joseph, Lawrence and M’Lan, Cyr E. and Wolfson, David B.}, year={2008}, month={Jun}}

@article{MLan_2006, title={Bayesian Sample Size Determination for Case-Control Studies}, volume={101}, DOI={10.1198/016214505000001023}, number={474}, journal={Journal of the American Statistical Association}, author={M’Lan, Cyr Emile and Joseph, Lawrence and Wolfson, David B}, year={2006}, month={Jun}, pages={760–772}}

@article{Psioda_Ibrahim_2019, title={Bayesian clinical trial design using historical data that inform the treatment effect.}, volume={20}, DOI={10.1093/biostatistics/kxy009}, number={3}, journal={Biostatistics}, author={Psioda, Matthew A and Ibrahim, Joseph G}, year={2019}, month={Jul}, pages={400–415}}

   
  
@Manual{BayesPPD,
    title = {BayesPPD: Bayesian Power Prior Design},
    author = {Yueqi Shen and Matthew A. Psioda and Joseph G. Ibrahim},
    year = {2022},
    note = {R package version 1.1.0},
    url = {https://CRAN.R-project.org/package=BayesPPD},
}

  
@Article{BDP2,
    title = {Monitoring futility and efficacy in phase II trials with Bayesian
posterior distributions - a calibration approach},
    journal = {Biometrical Journal},
    volume = {to appear},
    year = {2018},
    author = {Annette Kopp-Schneider and Manuel Wiesenfarth and Witt Ruth and Dominic Edelmann and Olaf Witt and Ulrich Abel},
  }
  
@Manual{ph2bayes,
    title = {ph2bayes: Bayesian Single-Arm Phase II Designs},
    author = {Kengo Nagashima},
    year = {2018},
    note = {R package version 0.0.2},
    url = {https://CRAN.R-project.org/package=ph2bayes},
  }

@Article{gsbDesign,
    title = {{gsbDesign}: An {R} Package for Evaluating the Operating
      Characteristics of a Group Sequential {B}ayesian Design},
    author = {Florian Gerber and Thomas Gsponer},
    journal = {Journal of Statistical Software},
    year = {2016},
    volume = {69},
    number = {11},
    pages = {1--23},
    doi = {10.18637/jss.v069.i11},
  }
    
@Manual{RBesT,
    title = {RBesT: R Bayesian Evidence Synthesis Tools},
    author = {Sebastian Weber},
    year = {2021},
    note = {R package version 1.6-2},
    url = {https://CRAN.R-project.org/package=RBesT},
  }
  
@Manual{FACTS,
     title = {FACTS: Fixed and Adaptive Clinical Trial Simulator},
     author = {{LLC Consultants}},
     address = {Austin, TC},
     year = {2014},
     url = {http://www.berryconsultants.com/software/},
   }
   
@Manual{East,
     title = {East. Software for Design Simulation and Interim Monitoring of Flexible Clinical Trials},
     author = {{Cytel Software Corporation}},
     address = {Cambridge, MA},
     year = {2014},
     url = {http://www.cytel.com/ software-solutions/east/},
   }
   
@Manual{ADDPLAN,
     title = {ADDPLAN: Adaptive Designs – Plans and Analyses},
     author = {G Wassmer and R Eisebitt},
     address = {Reston, VA},
     year = {2005},
     url = {http://www.addplan.com/},
   }
 
@Manual{BayesCTDesign,
    title = {BayesCTDesign: Two Arm Bayesian Clinical Trial Design with and Without
Historical Control Data},
    author = {Barry Eggleston and Doug Wilson and Becky McNeil and Joseph Ibrahim and Diane Catellier},
    year = {2019},
    note = {R package version 0.6.0},
    url = {https://CRAN.R-project.org/package=BayesCTDesign},
  }
  
@Manual{NPP,
    title = {NPP: Normalized Power Prior Bayesian Analysis},
    author = {Zifei Han and Tianyu Bai and Keying Ye},
    year = {2021},
    note = {R package version 0.4.0},
    url = {https://CRAN.R-project.org/package=NPP},
  }
  
@Manual{bayesDP,
    title = {bayesDP: Tools for the Bayesian Discount Prior Function},
    author = {Shawn Balcome and Donnie Musgrove and Tarek Haddad and Graeme L. Hickey},
    year = {2021},
    note = {R package version 1.3.4},
    url = {https://CRAN.R-project.org/package=bayesDP},
  }
  
@Manual{bayesCT,
    title = {bayesCT: Simulation and Analysis of Adaptive Bayesian Clinical Trials},
    author = {Thevaa Chandereng and Donald Musgrove and Tarek Haddad and Graeme Hickey and Timothy Hanson and Theodore Lystig},
    year = {2020},
    note = {R package version 0.99.3},
    url = {https://CRAN.R-project.org/package=bayesCT},
  }
  
@article{Rcpp,
	author = {Dirk Eddelbuettel and Romain Francois},
	journal = {Journal of Statistical Software},
	number = {8},
	pages = {1-18},
	title = {Rcpp: Seamless {R} and {C}++ Integration},
	volume = {40},
	year = {2011}}
	
@Misc{RStan,
    title = {{RStan}: the {R} interface to {Stan}},
    author = {{Stan Development Team}},
    note = {R package version 2.21.2},
    year = {2020},
    url = {http://mc-stan.org/},
  }	

  
@article{slice,
	author = {Radford M. Neal},
	date-added = {2021-08-29 11:19:56 -0400},
	date-modified = {2021-08-29 11:21:52 -0400},
	journal = {Annals of Statistics},
	number = {3},
	pages = {705-767},
	title = {Slice sampling},
	volume = {31},
	year = {2003}}

@article{pwk_2018,
	author = {Yu-Bo Wang and Ming-Hui Chen and Lynn Kuo and Paul O. Lewis},
	date-added = {2021-08-18 23:06:14 -0400},
	date-modified = {2021-08-18 23:07:25 -0400},
	journal = {Bayesian Analysis},
	number = {2},
	pages = {311-333},
	title = {A New Monte Carlo Method for Estimating Marginal Likelihoods},
	volume = {13},
	year = {2018}}
	
@article{hm_1994,
	author = {M. A. Newton and A. E. Raftery},
	journal = {Journal of the Royal Statistical Society, Series B},
	pages = {3-48},
	title = {Approximate Bayesian Inference by the Weighted Likelihood Bootstrap},
	volume = {56},
	year = {1994}}	
	
@article{idr_2003,
	author = {G. Petris and L. Tardella},
	journal = {The Canadian Journal of Statistics},
	number = {4},
	pages = {469–482},
	title = {A Geometric Approach to Transdimensional Markov Chain Monte Carlo},
	volume = {31},
	year = {2003}}	

@article{neuens_2009,
	author = {Beat Neuenschwander and Michael Branson and David J. Spiegelhalter},
	date-added = {2021-08-18 17:49:23 -0400},
	date-modified = {2021-08-18 17:55:35 -0400},
	journal = {Statistics in Medicine},
	pages = {3562-3566},
	title = {A note on the power prior},
	volume = {28},
	year = {2009}}

@article{chen_2000,
	author = {Chen, Ming-Hui and Ibrahim, Joseph G.},
	doi = {10.1214/ss/1009212673},
	journal = {Statistical Science},
	month = {feb},
	number = {1},
	pages = {46-60},
	title = {Power Prior Distributions for Regression Models},
	volume = {15},
	year = {2000},
	Bdsk-Url-1 = {https://doi.org/10.1214/ss/1009212673}}

@article{ibrahim_2015,
	author = {Ibrahim, Joseph G and Chen, Ming-Hui and Gwon, Yeongjin and Chen, Fang},
	day = {10},
	doi = {10.1002/sim.6728},
	journal = {Statistics in Medicine},
	month = {dec},
	number = {28},
	pages = {3724-3749},
	title = {The Power Prior: theory and Applications.},
	volume = {34},
	year = {2015},
	Bdsk-Url-1 = {https://doi.org/10.1002/sim.6728}}

@article{ibrahim_2003,
	author = {Ibrahim, Joseph G and Chen, Ming-Hui and Sinha, Debajyoti},
	doi = {10.1198/016214503388619229},
	journal = {Journal of the American Statistical Association},
	month = {mar},
	number = {461},
	pages = {204-213},
	title = {On optimality properties of the power prior},
	volume = {98},
	year = {2003},
	Bdsk-Url-1 = {https://doi.org/10.1198/016214503388619229}}

@article{duan_2006,
	author = {Duan, Yuyan and Ye, Keying and Smith, Eric P.},
	doi = {10.1002/env.752},
	journal = {Environmetrics (London, Ont.)},
	month = {feb},
	number = {1},
	pages = {95-106},
	title = {Evaluating water quality using power priors to incorporate historical information},
	volume = {17},
	year = {2006},
	Bdsk-Url-1 = {https://doi.org/10.1002/env.752}}

@article{Chen_2011,
	author = {Chen, Ming-Hui and Ibrahim, Joseph G and Lam, Peter and Yu, Alan and Zhang, Yuanye},
	doi = {10.1111/j.1541-0420.2011.01561.x},
	journal = {Biometrics},
	month = {Sep},
	number = {3},
	pages = {1163--1170},
	title = {Bayesian design of noninferiority trials for medical devices using historical data.},
	volume = {67},
	year = {2011},
	Bdsk-Url-1 = {https://doi.org/10.1111/j.1541-0420.2011.01561.x}}

@manual{rcppnum,
	author = {Yixuan Qiu and Sreekumar Balan and Matt Beall and Mark Sauder and Naoaki Okazaki and Thomas Hahn},
	note = {R package version 0.4-0},
	title = {RcppNumerical: 'Rcpp' Integration for Numerical Computing Libraries},
	url = {https://CRAN.R-project.org/package=RcppNumerical},
	year = {2019},
	Bdsk-Url-1 = {https://CRAN.R-project.org/package=RcppNumerical}}


@article{psioda_2018, title={Bayesian design of a survival trial with a cured fraction using historical data.}, volume={37}, DOI={10.1002/sim.7846}, number={26}, journal={Statistics in Medicine}, author={Psioda, Matthew A and Ibrahim, Joseph G}, year={2018}, month={Nov}, pages={3814–3831}}