% Encoding: UTF-8

@Manual{R2,
  title        = {R: {A} Language and Environment for Statistical Computing},
  address      = {Vienna, Austria},
  author       = {{R Core Team}},
  organization = {R Foundation for Statistical Computing},
  year         = {2023},
  url          = {https://www.R-project.org},
}

@Article{abdalhamid2020assessment,
  author    = {Abdalhamid, Baha and Bilder, Christopher and McCutchen, Emily and Hinrichs, Steven and Koepsell, Scott and Iwen, Peter},
  journal   = {American Journal of Clinical Pathology},
  title     = {Assessment of specimen pooling to conserve {SARS CoV-2} testing resources},
  year      = {2020},
  pages     = {715--718},
  volume    = {153},
  publisher = {Oxford University Press US},
  url       = {https://doi.org/10.1093/ajcp/aqaa064},
}

@Article{lohse2020pooling,
  author    = {Lohse, Stefan and Pfuhl, Thorsten and Berk{\'o}-G{\"o}ttel, Barbara and Rissland, J{\"u}rgen and Gei{\ss}ler, Tobias and G{\"a}rtner, Barbara and Becker, S{\"o}ren and Schneitler, Sophie and Smola, Sigrun},
  title     = {Pooling of samples for testing for {SARS-CoV-2} in asymptomatic people},
  journal   = {The Lancet Infectious Diseases},
  year      = {2020},
  volume    = {20},
  pages     = {1231--1232},
  publisher = {Elsevier},
  url       = {https://doi.org/10.1016/S1473-3099(20)30362-5},
}

@Article{Graff1972,
  author  = {Graff, Lois and Roeloffs, Robert},
  journal = {Technometrics},
  title   = {Group testing in the presence of test error; an extension of the {D}orfman procedure},
  year    = {1972},
  pages   = {113--122},
  volume  = {14},
  url     = {https://doi.org/10.1080/00401706.1972.10488888},
}

@Article{ABCnews,
  author  = {Abdelmalek, M},
  journal = {ABC News},
  title   = {With all eyes on coronavirus testing, some researchers say {'group testing'} could make up the shortage},
  year    = {2020},
  note    = {May 13; Retrieved November 11, 2023.},
  url     = {https://abcnews.go.com/Health/eyes-coronavirus-testing-researchers-group-testing-make-shortage/story?id=70658896},
}

@Article{dorfman1943detection,
  author    = {Dorfman, R},
  journal   = {Annals of Mathematical Statistics},
  title     = {The detection of defective members of large populations},
  year      = {1943},
  pages     = {436--440},
  volume    = {14},
  publisher = {JSTOR},
  url       = {https://doi.org/10.1214/aoms/1177731363},
}

@Article{Bilder2010b,
  author  = {Bilder, Christopher and Zhang, Boan and Schaarschmidt, Frank and Tebbs, Joshua},
  journal = {The R Journal},
  title   = {bin{G}roup: {A} package for group testing},
  year    = {2010},
  pages   = {56--60},
  volume  = {2},
  url     = {https://journal.r-project.org/archive/2010-2},
}

@Article{hitt2019objective,
  author    = {Hitt, Brianna and Bilder, Christopher and Tebbs, Joshua and McMahan, Christopher},
  journal   = {Statistics in Medicine},
  title     = {The objective function controversy for group testing: Much ado about nothing?},
  year      = {2019},
  pages     = {4912--4923},
  volume    = {38},
  publisher = {Wiley Online Library},
  url       = {https://doi.org/10.1002/sim.8341},
}

@Article{Hogan2020,
  author  = {Hogan, Catherine and Sahoo, Malaya and Pinsky, Benjamin},
  journal = {Journal of the American Medical Association},
  title   = {{Sample pooling as a strategy to detect community transmission of SARS-CoV-2}},
  year    = {2020},
  month   = {05},
  pages   = {1967-1969},
  volume  = {323},
  groups  = {cbild:6},
  url     = {https://doi.org/10.1001/jama.2020.5445},
}

@Article{salzer2016screening,
  author    = {Salzer, Elsa and Nixon, Elizabeth and Drewes, Gerard and Reinhard, Friedrich and Bergamini, Giovanna and Rau, Christina},
  journal   = {Journal of Laboratory Automation},
  title     = {Screening pools of compounds against multiple endogenously expressed targets in a chemoproteomics binding assay},
  year      = {2016},
  pages     = {133--142},
  volume    = {21},
  publisher = {SAGE Publications Sage CA: Los Angeles, CA},
  url       = {https://journals.sagepub.com/doi/full/10.1177/2211068215595355},
}

@Article{thai2020analysis,
  author    = {Thai, Phong and Banks, Andrew and Toms, Leisa and Choi, Phil and Wang, Xianyu and Hobson, Peter and Mueller, Jochen},
  title     = {Analysis of urinary metabolites of polycyclic aromatic hydrocarbons and cotinine in pooled urine samples to determine the exposure to {PAHs} in an {A}ustralian population},
  journal   = {Environmental Research},
  year      = {2020},
  volume    = {182},
  pages     = {109048},
  publisher = {Elsevier},
  url       = {https://doi.org/10.1016/j.envres.2019.109048},
}

@Article{zhao2020thrips,
  author    = {Zhao, Kaixi and Rosa, Cristina},
  journal   = {Plants},
  title     = {Thrips as the transmission bottleneck for mixed infection of two orthotospoviruses},
  year      = {2020},
  pages     = {509},
  volume    = {9},
  publisher = {Multidisciplinary Digital Publishing Institute},
  url       = {https://doi.org/10.3390/plants9040509},
}

@Book{thai2011group,
  author    = {Thai, My},
  publisher = {Springer},
  title     = {Group Testing Theory in Network Security: An Advanced Solution},
  year      = {2011},
  url       = {https://doi.org/10.1007/978-1-4614-0128-5},
}

@Misc{NVDC,
  author = {{Nebraska Veterinary Diagnostic Center}},
  note   = {Retrieved November 11, 2023.},
  title  = {Diagnostic Tests \& Fees},
  year   = {2023},
  url    = {https://vbms.unl.edu/nvdc-tests-fees},
}

@Article{Kim2007,
  author  = {Kim, Hae and Hudgens, Michael and Dreyfuss, Jonathan and Westreich, Daniel and Pilcher, Christopher},
  journal = {Biometrics},
  title   = {Comparison of group testing algorithms for case identification in the presence of test error},
  year    = {2007},
  pages   = {1152--1163},
  volume  = {63},
  url     = {https://doi.org/10.1111/j.1541-0420.2007.00817.x},
}

@Article{Bilder2010a,
  author  = {Bilder, Christopher and Tebbs, Joshua and Chen, Peng},
  journal = {Journal of the American Statistical Association},
  title   = {Informative retesting},
  year    = {2010},
  pages   = {942--955},
  volume  = {105},
  url     = {https://doi.org/10.1198/jasa.2010.ap09231},
}

@Article{lewis2012cost,
  author    = {Lewis, Joanna and Lockary, Vivian and Kobic, Sadika},
  journal   = {Sexually Transmitted Diseases},
  title     = {Cost savings and increased efficiency using a stratified specimen pooling strategy for \emph{{C}hlamydia trachomatis} and \emph{{N}eisseria gonorrhoeae}},
  year      = {2012},
  pages     = {46--48},
  volume    = {39},
  owner     = {Bilder},
  publisher = {LWW},
  timestamp = {2017.04.07},
  url       = {https://doi.org/10.1097/OLQ.0b013e318231cd4a},
}

@Article{mcmahan2012informative,
  author    = {McMahan, Christopher and Tebbs, Joshua and Bilder, Christopher},
  journal   = {Biometrics},
  title     = {Informative {D}orfman screening},
  year      = {2012},
  pages     = {287--296},
  volume    = {68},
  owner     = {Bilder},
  publisher = {Wiley Online Library},
  timestamp = {2017.04.07},
  url       = {https://doi.org/10.1111/j.1541-0420.2011.01644.x},
}

@Article{mcmahan2012two,
  author    = {McMahan, Christopher and Tebbs, Joshua and Bilder, Christopher},
  journal   = {Biometrics},
  title     = {Two-dimensional informative array testing},
  year      = {2012},
  pages     = {793--804},
  volume    = {68},
  owner     = {Bilder},
  publisher = {Wiley Online Library},
  timestamp = {2017.06.21},
  url       = {https://doi.org/10.1111/j.1541-0420.2011.01726.x},
}

@Article{bilder2019informative,
  author    = {Bilder, Christopher and Tebbs, Joshua and McMahan, Christopher},
  journal   = {Biometrics},
  title     = {Informative group testing for multiplex assays},
  year      = {2019},
  pages     = {278--288},
  volume    = {75},
  publisher = {Wiley Online Library},
  url       = {https://doi.org/10.1111/biom.12988},
}

@Article{hou2016hierarchical,
  author    = {Hou, Peijie and Tebbs, Joshua and Bilder, Christopher and McMahan, Christopher},
  journal   = {Biometrics},
  title     = {Hierarchical group testing for multiple infections},
  year      = {2017},
  pages     = {656-665},
  volume    = {73},
  publisher = {Wiley Online Library},
  url       = {https://doi.org/10.1111/biom.12589},
}

@Article{houarray1,
  author  = {Hou, Peijie and Tebbs, Joshua and Wang, Dewei and McMahan, Christopher and Bilder, Christopher},
  journal = {Biostatistics},
  title   = {Array testing for multiplex assays},
  year    = {2020},
  pages   = {417--431},
  volume  = {21},
  url     = {https://doi.org/10.1093/biostatistics/kxy058},
}

@Article{van2012pooling,
  author    = {Van, Tam and Miller, Joseph and Warshauer, David and Reisdorf, Erik and Jernigan, Daniel and Humes, Rosemary and Shult, Peter},
  journal   = {Journal of Clinical Microbiology},
  title     = {Pooling nasopharyngeal/throat swab specimens to increase testing capacity for influenza viruses by {PCR}},
  year      = {2012},
  pages     = {891--896},
  volume    = {50},
  publisher = {Am Soc Microbiol},
  url       = {https://doi.org/10.1128/JCM.05631-11},
}

@Article{ARC,
  author = {{American Red Cross}},
  title  = {Infectious disease testing},
  year   = {2023},
  note   = {Retrieved November 11, 2023.},
  url    = {https://www.redcrossblood.org/biomedical-services/blood-diagnostic-testing/blood-testing.html},
}

@Article{kim2014pooled,
  author    = {Kim, Sun and Kim, Hye and Kim, Hyon and Ann, Hea and Kim, Jae and Choi, Heun and Kim, Min and Song, Je and Ahn, Jin and Ku, Nam and Oh, Dong and Kim, Yong and Jeong, Su and Han, Sang and Kim, June and Smith, Davey and Choi, Jun},
  journal   = {Scandinavian Journal of Infectious Diseases},
  title     = {Pooled nucleic acid testing to identify antiretroviral treatment failure during {HIV} infection in {S}eoul, {S}outh {K}orea},
  year      = {2014},
  pages     = {136--140},
  volume    = {46},
  publisher = {Taylor \& Francis},
  url       = {https://doi.org/10.3109/00365548.2013.851415},
}

@Article{ando2020modified,
  author    = {Ando, Naokatsu and Mizushima, Daisuke and Watanabe, Koji and Takano, Misao and Shiojiri, Daisuke and Uemura, Haruka and Takahiro, AOKI and Yanagawa, Yasuaki and Kikuchi, Yoshimi and Oka, Shinichi and Gatanaga, Hiroyuki},
  journal   = {Sexually Transmitted Infections},
  title     = {Modified self-obtained pooled sampling to screen for \emph{{C}hlamydia trachomatis} and \emph{{N}eisseria gonorrhoeae} infections in men who have sex with men},
  year      = {2021},
  pages     = {324--328},
  volume    = {97},
  publisher = {BMJ Publishing Group Ltd},
  url       = {http://dx.doi.org/10.1136/sextrans-2020-054666},
}

@Article{Verily,
  author = {{Verily Life Sciences}},
  title  = {{Emergency Use Authorization summary: Verily COVID-19 RT-PCR test for use with the Verily COVID-19 Nasal Swab Kit}},
  year   = {2022},
  note   = {Retrieved November 11, 2023.},
  url    = {https://www.fda.gov/media/141951/download},
}

@Article{Roche,
  author = {Roche},
  title  = {Roche receives {FDA Emergency Use Authorization} for the cobas {SARS-CoV-2} \& {I}nfluenza {A/B} {T}est for use on the cobas 6800/8800 {S}ystems},
  year   = {2020},
  note   = {Retrieved November 11, 2023.},
  url    = {https://www.roche.com/media/releases/med-cor-2020-09-04.htm},
}

@Book{johnson1991inspection,
  author    = {Johnson, Norman and Kotz, Samuel and Wu, Xi},
  publisher = {CRC Press},
  title     = {Inspection Errors for Attributes in Quality Control},
  year      = {1991},
  url       = {https://doi.org/10.1201/9781003059868},
}

@PhdThesis{hitt2020group1,
  author = {Hitt, Brianna},
  school = {University of Nebraska-Lincoln},
  title  = {Group Testing Identification: Objective Functions, Implementation, and Multiplex Assays},
  year   = {2020},
  url    = {https://digitalcommons.unl.edu/dissertations/AAI27956346},
}

@Article{RealStar,
  author = {{Altona Diagnostics}},
  title  = {RealStar},
  year   = {2023},
  note   = {Retrieved November 11, 2023.},
  url    = {https://www.altona-diagnostics.com/en/products/reagents-140/reagents/realstar-real-time-pcr-reagents/realstar-sars-cov-2-rt-pcr-kit-ruo.html},
}

@Article{NYTimesMandavilli,
  author  = {Apoorva Mandavilli},
  journal = {The New York Times},
  title   = {Federal officials turn to a new testing strategy as infections surge},
  year    = {2020},
  note    = {July 1; retrieved November 11, 2023.},
  owner   = {Bilder},
  url     = {https://www.nytimes.com/2020/07/01/health/coronavirus-pooled-testing.html},
}

@Article{hepworth2017bias,
  author    = {Hepworth, Graham and Biggerstaff, Brad},
  journal   = {Journal of Agricultural, Biological and Environmental Statistics},
  title     = {Bias correction in estimating proportions by pooled testing},
  year      = {2017},
  pages     = {602--614},
  volume    = {22},
  publisher = {Springer},
  url       = {https://doi.org/10.1007/s13253-017-0297-2},
}

@Article{swallow1985group,
  author  = {Swallow, William},
  journal = {Phytopathology},
  title   = {Group testing for estimating infection rates and probabilities of disease transmission},
  year    = {1985},
  pages   = {882-889},
  volume  = {75},
  url     = {https://www.apsnet.org/publications/phytopathology/backissues/Documents/1985Abstracts/Phyto75_882.htm},
}

@Manual{IowaComm,
  title  = {Iowa Community-Based Screening Services Procedures Manual},
  author = {{ICBSS}},
  note   = {Retrieved November 11, 2023.},
  year   = {2014},
  url    = {http://www.shl.uiowa.edu/dcd/iippmanual.pdf},
}

@Article{black2012group,
  author    = {Black, Michael and Bilder, Christopher and Tebbs, Joshua},
  journal   = {Journal of the Royal Statistical Society: Series C (Applied Statistics)},
  title     = {Group testing in heterogeneous populations by using halving algorithms},
  year      = {2012},
  pages     = {277--290},
  volume    = {61},
  publisher = {Wiley Online Library},
  url       = {https://doi.org/10.1111/j.1467-9876.2011.01008.x},
}

@Article{litvak1994screening,
  author    = {Litvak, Eugene and Tu, Xin and Pagano, Marcello},
  journal   = {Journal of the American Statistical Association},
  title     = {Screening for the presence of a disease by pooling sera samples},
  year      = {1994},
  pages     = {424--434},
  volume    = {89},
  publisher = {Taylor \& Francis Group},
  url       = {https://doi.org/10.1080/01621459.1994.10476764},
}

@Article{sterrett1957detection,
  author    = {Sterrett, Andrew},
  journal   = {The Annals of Mathematical Statistics},
  title     = {On the detection of defective members of large populations},
  year      = {1957},
  pages     = {1033--1036},
  volume    = {28},
  publisher = {JSTOR},
  url       = {https://doi.org/10.1214/aoms/1177706807},
}

@Article{black2015optimal,
  author  = {Black, Michael and Bilder, Christopher and Tebbs, Joshua},
  journal = {Journal of the Royal Statistical Society: Series C (Applied Statistics)},
  title   = {Optimal retesting configurations for hierarchical group testing},
  year    = {2015},
  pages   = {693--710},
  volume  = {64},
  url     = {https://doi.org/10.1111/rssc.12097},
}

@Manual{mMPA,
  title  = {mMPA: Implementation of Marker-Assisted Mini-Pooling with Algorithm},
  author = {Tao Liu and Yizhen Xu},
  note   = {Retrieved November 11, 2023.},
  year   = {2018},
  url    = {https://CRAN.R-project.org/package=mMPA},
}

@Manual{gtcorr,
  title  = {gtcorr: {C}alculate Efficiencies of Group Testing Algorithms with Correlated Responses},
  author = {Sam Lendle},
  note   = {Retrieved November 11, 2023.},
  year   = {2011},
  url    = {https://CRAN.R-project.org/package=gtcorr},
}

@Article{tao2017improved,
  author    = {Liu, Tao and Hogan, Joseph and Daniels, Michael and Coetzer, Mia and Yizhen, Xu and Gerald, Bove and DeLong, Allison and Ledingham, Lauren and Orido, Millicent and Diero, Lameck and Kantor, Rami},
  journal   = {Journal of Acquired Immune Deficiency Syndromes},
  title     = {Improved {HIV}-1 viral load monitoring capacity using pooled testing with marker-assisted deconvolution},
  year      = {2017},
  pages     = {580},
  volume    = {75},
  publisher = {NIH Public Access},
  url       = {https://doi.org/10.1097/QAI.0000000000001424},
}

@Article{lendle2012group,
  author    = {Lendle, Samuel and Hudgens, Michael and Qaqish, Bahjat},
  journal   = {Biometrics},
  title     = {Group Testing for Case Identification with Correlated Responses},
  year      = {2012},
  pages     = {532--540},
  volume    = {68},
  publisher = {Wiley Online Library},
  url       = {https://doi.org/10.1111/j.1541-0420.2011.01674.x},
}

@Manual{rBeta2009,
  title  = {rBeta2009: {T}he Beta Random Number and Dirichlet Random Vector Generating Functions},
  author = {Ching Cheng and Ying Hung and Narayanaswamy Balakrishnan},
  year   = {2012},
  url    = {https://CRAN.R-project.org/package=rBeta2009},
}

@Article{altman1994statistics,
  author    = {Altman, Douglas and Bland, J},
  journal   = {BMJ},
  title     = {Diagnostic tests 2: Predictive values},
  year      = {1994},
  pages     = {102},
  volume    = {309},
  publisher = {British Medical Journal Publishing Group},
  url       = {https://doi.org/10.1136/bmj.309.6947.102},
}

@Article{NYTimesBui,
  author  = {Quoctrung Bui and Sarah Kliff and Margot Sanger-Katz},
  journal = {The New York Times},
  title   = {How to test more people for coronavirus without actually needing more tests},
  year    = {2020},
  note    = {July 27; retrieved November 11, 2023.},
  owner   = {Bilder},
  url     = {https://www.nytimes.com/interactive/2020/07/27/upshot/coronavirus-pooled-testing.html},
}

@Article{Aptima,
  author = {Hologic},
  title  = {Aptima {STI}s},
  year   = {2023},
  note   = {Retrieved November 11, 2023.},
  url    = {https://www.hologic.com/hologic-products/diagnostic-solutions/ aptima-stis},
}

@Article{BD,
  author = {BD},
  title  = {{BD Max CT/NG/TV}},
  year   = {2023},
  note   = {Retrieved November 11, 2023.},
  url    = {https://moleculardiagnostics.bd.com/syndromic-solutions/womens-health-stis/CT-GC-TV},
}

@Manual{R,
  title        = {\proglang{R}: {A} Language and Environment for Statistical Computing},
  address      = {Vienna, Austria},
  author       = {{\proglang{R} Core Team}},
  organization = {\proglang{R} Foundation for Statistical Computing},
  year         = {2022},
  url          = {https://www.R-project.org},
}

@Article{LabCorp,
  author = {{LabCorp}},
  title  = {Emergency {U}se {A}uthorization summary: {COVID-19 RT-PCR} test},
  year   = {2022},
  note   = {Retrieved November 11, 2023.},
  url    = {https://www.fda.gov/media/136151/download},
}

@Article{Yale,
  author = {{Yale University}},
  title  = {{Emergency Use Authorization summary: SalivaDirect for use with DTC Kits assay}},
  year   = {2022},
  note   = {Retrieved November 11, 2023.},
  url    = {https://www.fda.gov/media/151841/download},
}

@Article{NYTimesAnthes,
  author  = {Emily Anthes},
  journal = {The New York Times},
  title   = {A {CDC} airport surveillance program found the earliest known {US} cases of {O}micron subvariants},
  year    = {2022},
  note    = {March 24; retrieved November 11, 2023.},
  owner   = {Bilder},
  url     = {https://www.nytimes.com/2022/03/24/health/cdc-us-ba2.html},
}

@Article{barathidasan2022pooled,
  author    = {Barathidasan, Rajamani and Sharmila, Ferdina and Raj, Ratchagadasse and Dhanalakshmi, Gounassegarane and Anitha, Gunalan and Dhodapkar, Rahul},
  journal   = {Journal of Virological Methods},
  title     = {Pooled sample testing for {COVID-19} diagnosis: Evaluation of bi-directional matrix pooling strategies},
  year      = {2022},
  pages     = {114524},
  publisher = {Elsevier},
  url       = {https://doi.org/10.1016/j.jviromet.2022.114524},
}

@Article{bilder2019id,
  author    = {Bilder, C.},
  journal   = {Wiley StatsRef: Statistics Reference Online},
  title     = {Group testing for identification},
  year      = {2019},
  publisher = {Wiley Online Library},
  url       = {https://doi.org/10.1002/9781118445112.stat08227},
}

@Article{bilder2021pool,
  author    = {Bilder, Christopher and Iwen, Peter and Abdalhamid, Baha},
  journal   = {Clinical Infectious Diseases},
  title     = {Pool size selection when testing for severe acute respiratory syndrome coronavirus 2},
  year      = {2021},
  pages     = {1104--1105},
  volume    = {72},
  publisher = {Oxford University Press US},
  url       = {https://doi.org/10.1093/cid/ciaa774},
}

@Article{tan2020considerations,
  author    = {Tan, Jun and Omar, Aznan and Lee, Wendy and Wong, Moh},
  journal   = {The Clinical Biochemist Reviews},
  title     = {Considerations for group testing: a practical approach for the clinical laboratory},
  year      = {2020},
  note      = {doi:10.33176/AACB-20-00007},
  pages     = {79--92},
  volume    = {41},
  publisher = {Australasian Association for Clinical Biochemistry and Laboratory Medicine},
  url       = {https://www.ncbi.nlm.nih.gov/pmc/articles/PMC7731934},
}

@Article{bilder2021discussion,
  author    = {Bilder, Christopher and Tebbs, Joshua and McMahan, Christopher},
  journal   = {Statistics in Medicine},
  title     = {Discussion on "{I}s group testing ready for prime-time in disease identification"},
  year      = {2021},
  pages     = {3881--3886},
  volume    = {40},
  publisher = {Wiley-Blackwell},
  url       = {https://doi.org/10.1002/sim.8988},
}

@Article{sanghani2021concentrating,
  author    = {Sanghani, Harshmeena and Nawrot, Dorota and Marmolejo-Coss{\'\i}o, Francisco and Taylor, John and Craft, Judith and Kalimeris, Elizabeth and Andersson, Monique and Vasudevan, Sridhar},
  journal   = {Clinical Chemistry},
  title     = {Concentrating Pooled {COVID}-19 patient lysates to improve reverse transcription quantitative {PCR} sensitivity and efficiency},
  year      = {2021},
  pages     = {797--798},
  volume    = {67},
  publisher = {Oxford University Press},
  url       = {https://doi.org/10.1093/clinchem/hvab035},
}

@Comment{jabref-meta: databaseType:bibtex;}
