@Manual{R,
  title = {{R}: A Language and Environment for Statistical Computing},
  author = {{R Core Team}},
  organization = {{R} Foundation for Statistical Computing},
  address = {Vienna, Austria},
  year = {2016},
  note = {{ISBN} 3-900051-07-0},
  url = {http://www.R-project.org/}}
 
@Manual{mclust,
    title = {mclust: Gaussian Mixture Modelling for Model-Based Clustering,
Classification, and Density Estimation},
    author = {Chris Fraley and Adrian E. Raftery and Luca Scrucca},
    year = {2016},
    note = {R package version 5.2},
    url = {https://CRAN.R-project.org/package=mclust}}
  
@article{Fraley:Raftery:2006b,
  Author = {Fraley, Chris and Raftery, Adrian E.},
  Journal = {R News},
  url = {http://CRAN.R-project.org/doc/Rnews/Rnews_2006-3.pdf},
  Number = {3},
  Pages = {17--23},
  Title = {Some Applications of Model-Based Clustering in Chemistry},
  Volume = {6},
  Year = {2006}}

@article{Fraley:Raftery:2007b,
  Author =	 {Fraley, Chris and Raftery, Adrian E.},
  Journal =	 {Journal of Statistical Software},
  Number =	 {6},
  Pages =	 {1--13},
  Title =	 {Model-based methods of classification: Using the
                  mclust software in chemometrics},
  Volume =	 {18},
  Year =	 {2007},
  url =		 {http://www.jstatsoft.org/v018/i06/}
}

@article{Fraley:Raftery:2006c,
  Author =	 {Fraley, Chris and Raftery, Adrian E.},
  Journal =	 {R News},
  Number =	 {5},
  Pages =	 {60--63},
  Title =	 {Model-based microarray image analysis},
  Volume =	 {6},
  url =
                  {http://CRAN.R-project.org/doc/Rnews/Rnews_2006-5.pdf},
  Year =	 {2006}
}

@article{Yeung:etal:2001,
  Author = {Yeung, K. Y. and Fraley, Chris and Murua, A. and Raftery, Raftery, Adrian E. and Ruzzo, W. L.},
  Journal = {Bioinformatics},
  Number = {10},
  Pages = {977--987},
  Title = {Model-based clustering and data transformations for gene expression data.},
  Volume = {17},
  Year = {2001}}
  
@article{Fraley:Raftery:1999,
  Author = {Fraley, Chris and Raftery, Adrian E.},
  Journal = {Journal of Classification},
  Number = {2},
  Pages = {297--306},
  Publisher = {Springer},
  Title = {{MCLUST}: Software for model-based cluster analysis},
  Volume = {16},
  Year = {1999}}

@article{Fraley:Raftery:2003,
  Author = {Fraley, Chris and Raftery, Adrian E.},
  Journal = {Journal of Classification},
  Number = {2},
  Pages = {263--286},
  Publisher = {Springer},
  Title = {Enhanced model-based clustering, density estimation, and discriminant analysis software: MCLUST},
  Volume = {20},
  Year = {2003}}

@article{Campbell:etal:1999,
  Author = {Campbell, Jonathan G and Fraley, Chris and Stanford, D and Murtagh, Fionn and Raftery, Adrian E.},
  Journal = {International Journal of Imaging Systems and Technology},
  Number = {4},
  Pages = {339--346},
  Publisher = {New York: John Wiley \& Sons},
  Title = {Model-based methods for textile fault detection},
  Volume = {10},
  Year = {1999}}
  
@techreport{Fraley:Raftery:Murphy:Scrucca:2012,
  Author = {Chris Fraley and Adrian E. Raftery and Thomas Brendan Murphy and Luca Scrucca},
  Institution = {Department of Statistics, University of Washington},
  Number = {597},
  Title = {{MCLUST} Version 4 for {R}: Normal Mixture Modeling for Model-Based Clustering, Classification, and Density Estimation},
  Type = {Technical Report},
  Year = {2012}}

@article{Fraley:Raftery:2002,
  Author = {Fraley, Chris and Raftery, Adrian E.},
  Journal = {Journal of the American Statistical Association},
  Number = {458},
  Pages = {611--631},
  Title = {Model-based Clustering, Discriminant Analysis, and Density Estimation},
  Volume = {97},
  Year = {2002}}
  
@article{Fraley:Raftery:1998,
  Author = {Fraley, Chris and Raftery, Adrian E.},
  Journal = {The Computer Journal},
  Pages = {578--588},
  Title = {How many clusters? {W}hich clustering method? {A}nswers via model-based cluster analysis},
  Volume = {41},
  Year = {1998}}

@article{Bensmail:Celeux:Raftery:Robert:1997,
  Author = {Bensmail, H. and Celeux, G. and Raftery, Adrian E. and Robert, C. P.},
  Title = {Inference in Model-based Cluster Analysis},
  Journal = {Statistics and Computing},
  Pages = {1--10},
  Volume = {7},
  Year = {1997}
}

@book{McLachlan:Peel:2000,
  Address = {New York},
  Author = {McLachlan, G.J. and Peel, D.},
  Publisher = {Wiley},
  Title = {Finite Mixture Models},
  Year = {2000}
}

@article{Basford:Greenway:McLachlan:Peel:1997,
  title={Standard errors of fitted component means of normal mixtures},
  author={Basford, K E and Greenway, D R and McLachlan, G J and Peel, D},
  journal={Computational Statistics},
  volume={12},
  number={1},
  pages={1--18},
  year={1997},
  publisher={Citeseer}
}

@article{McLachlan:Rathnayake:2014,
  Author = {McLachlan, Geoffrey J and Rathnayake, Suren},
  Title = {On The Number Of Components In A {G}aussian Mixture Model},
  Journal = {Wiley Interdisciplinary Reviews: Data Mining and Knowledge Discovery},
  Number = {5},
  Pages = {341--355},
  Volume = {4},
  Year = {2014}}
  
@article{Efron:1979,
  Author = {Efron, Bradley},
  Journal = {The Annals of Statistics},
  Pages = {1--26},
  Title = {Bootstrap Methods: Another Look at the Jackknife},
  Volume = {7},
  Year = {1979}
}

@article{Scrucca:2010,
  Author = {Scrucca, Luca},
  Journal = {Statistics and Computing},
  Number = {4},
  Pages = {471--484},
  Title = {Dimension reduction for model-based clustering},
  Volume = {20},
  Year = {2010}}
  
@article{Scrucca:2014,
  Author = {Scrucca, Luca},
  Title = {Graphical tools for model-based mixture discriminant analysis},
  Journal = {Advances in Data Analysis and Classification},
  Number = {2},
  Pages = {147--165},
  Publisher = {Springer Berlin Heidelberg},
  Volume = {8},
  Year = {2014}
}

@Manual{cranlogs,
  title = {cranlogs: Download Logs from the {RStudio} {CRAN} Mirror},
  author = {Gabor Csardi},
  note = {{R} package version 2.0.0},
  year = {2015},
  url = {https://github.com/metacran/cranlogs}}
  
@inproceedings{Habbema:Hermans:vandenBroek:1974,
  title={A Stepwise Discriminant Analysis Program Using Density Estimation},
  author={Habbema, J D F and Hermans, J. and van den Broek, K},
  booktitle={Proceedings in Computational Statistics},
  pages={101--110},
  year={1974},
  organization={COMPSTAT},
  address={Vienna: Physica-Verlag}}

@article{Newton:Raftery:1994,
  title={Approximate {B}ayesian inference with the weighted likelihood bootstrap (with discussion)},
  author={Newton, Michael A. and Raftery, Adrian E.},
  journal={Journal of the Royal Statistical Society: Series B (Statistical Methodology)},
  volume={56},
  pages={3--48},
  year={1994}}

@article{Schwartz:1978,
  Author = {Schwartz, G.},
  Title = {Estimating the dimension of a model},
  Journal = {The Annals of Statistics},
  Pages = {31--38},
  Volume = {6},
  Year = {1978}}

@article{Hubert:Arabie:1985,
	Author = {Hubert, L. and Arabie, P.},
	Journal = {Journal of Classification},
	Pages = {193--218},
	Title = {Comparing partitions},
	Volume = {2},
	Year = {1985}}

@article{Biernacki:Celeux:Govaert:2000,
  Author = {Biernacki, C. and Celeux, G. and Govaert, G.},
  Title = {Assessing a mixture model for clustering with the integrated completed likelihood},
  Journal = {{IEEE} Transactions on Pattern Analysis and Machine Intelligence},
  Number = {7},
  Pages = {719--725},
  Volume = {22},
  Year = {2000}}

@article{McLachlan:1987,
	Author = {McLachlan, Geoffrey J},
	Title = {On bootstrapping the likelihood ratio test statistic for the number of components in a normal mixture},
	Journal = {Applied Statistics},
	Pages = {318--324},
	Volume = {36},
	Year = {1987}}

@article{Scrucca:Raftery:2015,
	Author = {Scrucca, L. and Raftery, A.~E.},
	Journal = {Advances in Data Analysis and Classification},
	Number = {9},
	Pages = {447--460},
	Publisher = {Springer},
	Title = {Improved initialisation of model-based clustering using {G}aussian hierarchical partitions},
	Volume = {4},
	Year = {2015}}

@article{Wu:1983,
	Author = {Wu, CF Jeff},
	Journal = {The Annals of Statistics},
	Number = {1},
	Pages = {95--103},
	Title = {On the convergence properties of the {EM} algorithm},
	Volume = {11},
	Year = {1983}}

@article{Banfield:Raftery:1993,
	Author = {Banfield, J. and Raftery, Adrian E.},
	Journal = {Biometrics},
	Pages = {803--821},
	Title = {Model-based {G}aussian and non-{G}aussian clustering},
	Volume = {49},
	Year = {1993}}
	
@article{Fraley:1998,
	Author = {Fraley, Chris},
	Journal = {{SIAM} Journal on Scientific Computing},
	Number = {1},
	Pages = {270--281},
	Title = {Algorithms for model-based {G}aussian hierarchical clustering},
	Volume = {20},
	Year = {1998}}

@article{Celeux:Govaert:1995,
	Author = {Celeux, G. and Govaert, G.},
	Journal = {Pattern Recognition},
	Pages = {781--793},
	Title = {{G}aussian Parsimonious Clustering Models},
	Volume = {28},
	Year = {1995}}

@article{Browne:McNicholas:2014,
	Author = {Browne, Ryan P and McNicholas, Paul D},
	Title = {Estimating common principal components in high dimensions},
	Journal = {Advances in Data Analysis and Classification},
	Year = {2014},
	Number = {2},
	Volume = {8},
	Pages = {217--226}}

@inproceedings{Brin:Page:1998,
  Author={Brin, Sergey and Page, Lawrence},
  Title={The anatomy of a large-scale hypertextual {W}eb search engine},
  booktitle={Proceedings of the Seventh {I}nternational {C}onference on {W}orld {W}ide {W}eb},
  Year={1998},
  Pages={107--117}}

@article{Dempster:Laird:Rubin:1977,
  author = {Dempster, A P and Laird, N M and Rubin, D B},
  title = {Maximum likelihood from incomplete data via the {EM} algorithm},
  journal = {Journal of the Royal Statistical Society: Series B (Statistical Methodology)},
  volume = {39},
  number = {1},
  pages = {1--38},
  year = {1977}
}

@article{Konigsberg:etal:2009,
  Author = {Konigsberg, Lyle W and Algee-Hewitt, Bridget F B and Steadman, Dawnie W},
  Title = {Estimation and evidence in forensic anthropology: Sex and race},
  Journal = {American Journal of Physical Anthropology},
  Year = {2009},
  Volume = {139},
  Pages={77--90}
}

@article{Ahlquist:Breunig:2012,
  author = {Ahlquist, John S and Breunig, Christian}, 
  title = {Model-based clustering and typologies in the social sciences},
  journal = {Political Analysis},
  volume = {20}, 
  number = {1}, 
  pages = {92--112}, 
  year = {2012}
}

@article{Jang:Hitchcock:2012,
  author = {Jang, Jaewon and Hitchcock, David B}, 
  title = {Model-Based cluster analysis of democracies},
  journal = {Journal of Data Science},
  volume = {10}, 
  number = {2}, 
  pages = {297--319}, 
  year = {2012} 
}

@article{Suveg:etal:2014,
  author = {Cynthia Suveg and Marni L. Jacob and Monica Whitehead and Anna Jones and Julie Newman Kingery},
  title = {A model-based cluster analysis of social experiences in clinically anxious youth: links to emotional functioning},
  journal = {Anxiety, Stress, \& Coping},
  volume = {27},
  number = {5},
  pages = {494--508},
  year = {2014}
}

@article{Fraley:Raftery:2007,
  author = {Fraley, Chris and Raftery, Adrian E},
  journal = {Journal of Classification},
  volume = {24},
  number = {2},
  title = {Bayesian regularization for normal mixture estimation and model-based clustering},
  pages = {155--181},
  year = {2007}
}

@book{Izenman:2008,
	Author = {Izenman, A. J.},
	Title = {Modern Multivariate Statistical Techniques: Regression, Classification, and Manifold Learning},
	Address = {New York},
	Publisher = {Springer-Verlag},
	Year = {2008}
}

@article{Izenman:Sommer:1988,
	Author = {Izenman, Alan J and Sommer, Charles J},
	Title = {Philatelic mixtures and multimodal densities},
	Journal = {Journal of the American Statistical Association},
	Number = {404},
	Volume = {83},
	Pages = {941--953},
	Publisher = {Taylor \& Francis Group},
	Year = {1988}
}

@article{Hastie:Tibshirani:1996,
	Author = {Hastie, T. and Tibshirani, R.},
	Title = {Discriminant analysis by {G}aussian mixtures},
	Journal = {Journal of the Royal Statistical Society: Series B (Statistical Methodology)},
	Volume = {58},
	Number = {1},
	Pages = {155--176},
	Year = {1996}
}

@article{Bensmail:Celeux:1996,
	Author = {Bensmail, H. and Celeux, G.},
	Title = {Regularized {G}aussian Discriminant Analysis through Eigenvalue Decomposition},
	Journal = {Journal of the American Statistical Association},
	Volume = {91},
	Pages = {1743--1748},
	Year = {1996}
}

@article{Mangasarian:etal:1995,
	Author = {Mangasarian, Olvi L and Street, W Nick and Wolberg, William H},
	Title = {Breast cancer diagnosis and prognosis via linear programming},
	Journal = {Operations Research},
	Volume = {43},
	Number = {4},
	Pages = {570--577},
	Year = {1995}
}

@article {Kozak:Scaman:2008,
  author = {Kozak, Marcin and Scaman, Christine H},
  title = {Unsupervised classification methods in food sciences: Discussion and outlook},
  journal = {Journal of the Science of Food and Agriculture},
  volume = {88},
  number = {7},
  pages = {1115--1127},
  year = {2008}
}

@article{OHagan:Murphy:Gormley:2015,
   author = {O'Hagan, A. and Brendan Murphy, T. and Gormley, I.~C.},
    title = {On Estimation of Parameter Uncertainty in Model-Based Clustering},
  journal = {ArXiv e-prints},
archivePrefix = "arXiv",
   eprint = {1510.00551},
 primaryClass = "stat.CO",
 keywords = {Statistics - Computation, Statistics - Methodology},
     year = {2015},
    month = {oct},
      url = {http://arxiv.org/abs/1510.00551}
}

@article{Li:etal:2005,
  author = {Q. Li and C. Fraley and R. E. Bumgarner and A. E. Raftery},
  year = {2005},
  title = {Donuts, Scratches and Blanks: Robust Model-Based Segmentation of Microarray Images},
  journal = {Bioinformatics},
  volume = {21},
  pages = {2875--2882}
}

@article{Flynt:Daepp:2015,
  author = {A. Flynt and M. I. G. Daepp},
  year = {2015},
  title = {Diet-related chronic disease in the northeastern {U}nited {S}tates: A model-based clustering approach},
  journal = {International Journal of Health Geographics},
  volume={14},
  number={1},
  pages={1--14},
}

@article{Kazor:Hering:2015,
  author = {K. Kazor and A. S. Hering},
  year = {2015},
  title = {Assessing the Performance of Model-Based Clustering Methods in 
  Multivariate Time Series with Application to Identifying Regional Wind Regimes},
  journal = {Journal of Agricultural, Biological and Environmental Statistics},
  volume = {20},
  pages = {192--217}
}

@article{Verbist:etal:2015,
  author = {B. Verbist and L. Clement and J. Reumers and K. Thys and A. Vapirev and W. Talloen and Y. Wetzels and J. Meys and J. Aerssens and L. Bijnens and O. Thas},
  year = {2015},
  title = {{ViVaMBC}: Estimating viral sequence variation in complex populations from illumina deep-sequencing data using model-based clustering},
  journal = {BMC Bioinformatics},
  volume = {16},
  number = {1},
  pages = {1--11},
}

@article{Templ:Filzmoser:Reimann:2008,
  author = {M. Templ and P. Filzmoser and C. Reimann},
  year = {2008},
  title = {Cluster analysis applied to regional geochemical data -- Problems and possibilities},
  journal = {Applied Geochemistry},
  volume = {23},
  pages = {2198--2213}
}

@article{Ellefsen:Smith:Horton:2014,
  author = {K. J. Ellefsen and D. B. Smith and J. D. Horton},
  year = {2014},
  title = {A modified procedure for mixture-model clustering of regional geochemical data},
  journal = {Applied Geochemistry},
  volume = {51},
  pages = {315--326}
}

@article{Kim:etal:2014,
  author = {K. H. Kim and S. T. Yun and S. S. Park and Y. Joo and T. S. Kim},
  year = {2014},
  title = {Model-based clustering of hydrochemical data to demarcate natural versus human impacts on bedrock groundwater quality in rural areas, {S}outh {K}orea},
  journal = {Journal of Hydrology},
  volume = {519},
  pages = {626--636}
}

@Article{rmixmod,
    title = {{Rmixmod}: The {R} Package of the Model-Based Unsupervised, Supervised, and Semi-Supervised Classification {Mixmod} Library},
    author = {R\'emi Lebret and Serge Iovleff and Florent Langrognet and Christophe Biernacki and Gilles Celeux and G\'erard Govaert},
    journal = {Journal of Statistical Software},
    year = {2015},
    volume = {67},
    number = {6},
    pages = {1--29},
    url = {http://www.jstatsoft.org/v067/i06/}
}
  
@Manual{mixture,
    title = {mixture: Mixture Models for Clustering and
      Classification},
    author = {Ryan P. Browne and Aisha ElSherbiny and Paul D. McNicholas},
    year = {2015},
    note = {R package version 1.4},
    url = {https://CRAN.R-project.org/package=mixture},
}

@Manual{EMcluster,
    title = {{EMCluster}: {EM} Algorithm for Model-Based Clustering of
      Finite Mixture Gaussian Distribution},
    author = {Wei-Chen Chen and Ranjan Maitra},
    year = {2015},
    note = {{R} package version 0.2-5},
    url = {https://CRAN.R-project.org/package=EMCluster},
 }
 
@Article{mixtools,
    title = {{mixtools}: An {R} Package for Analyzing Finite Mixture Models},
    author = {Tatiana Benaglia and Didier Chauveau and David R. Hunter and Derek Young},
    journal = {Journal of Statistical Software},
    year = {2009},
    volume = {32},
    number = {6},
    pages = {1--29},
    url = {http://www.jstatsoft.org/v32/i06/},
}

@Article{bgmm,
    title = {The {R} Package {bgmm}: Mixture Modeling with Uncertain Knowledge},
    author = {Przemys{\l}aw Biecek and Ewa Szczurek and Martin Vingron and Jerzy Tiuryn},
    journal = {Journal of Statistical Software},
    year = {2012},
    volume = {47},
    number = {3},
    pages = {1--32},
    url = {http://www.jstatsoft.org/v47/i03/}
}

@Article{flexmix1,
    title = {{FlexMix}: A General Framework for Finite Mixture Models and Latent Class Regression in {R}},
    author = {Friedrich Leisch},
    journal = {Journal of Statistical Software},
    year = {2004},
    volume = {11},
    number = {8},
    pages = {1--18},
    url = {http://www.jstatsoft.org/v11/i08/},
  }

@Article{flexmix2,
    title = {Fitting Finite Mixtures of Generalized Linear Regressions in {R}},
    author = {Bettina Gr\"un and Friedrich Leisch},
    journal = {Computational Statistics \& Data Analysis},
    volume = {51},
    number = {11},
    pages = {5247--5252},
    year = {2007}
  }

@Article{flexmix3,
    title = {{FlexMix} Version 2: Finite Mixtures with Concomitant Variables and Varying and Constant Parameters},
    author = {Bettina Gr\"un and Friedrich Leisch},
    journal = {Journal of Statistical Software},
    year = {2008},
    volume = {28},
    number = {4},
    pages = {1--35},
    url = {http://www.jstatsoft.org/v28/i04/},
  }
  
@Article{igraph,
    title = {The igraph software package for complex network research},
    author = {Gabor Csardi and Tamas Nepusz},
    journal = {InterJournal},
    volume = {Complex Systems},
    pages = {1695},
    year = {2006},
    url = {http://igraph.org},
  }
  
@Manual{gclus,
    title = {gclus: Clustering Graphics},
    author = {Catherine Hurley},
    year = {2012},
    note = {R package version 1.3.1},
    url = {https://CRAN.R-project.org/package=gclus},
  }

@Article{rrcov,
    title = {An Object-Oriented Framework for Robust Multivariate
      Analysis},
    author = {Valentin Todorov and Peter Filzmoser},
    journal = {Journal of Statistical Software},
    year = {2009},
    volume = {32},
    number = {3},
    pages = {1--47},
    url = {http://www.jstatsoft.org/v32/i03/},
  }
  
@Article{tourr,
    title = {{tourr}: An {R} Package for Exploring Multivariate Data
      with Projections},
    author = {Hadley Wickham and Dianne Cook and Heike Hofmann and
      Andreas Buja},
    journal = {Journal of Statistical Software},
    year = {2011},
    volume = {40},
    number = {2},
    pages = {1--18},
    url = {http://www.jstatsoft.org/v40/i02/},
}

@Manual{bsda,
    title = {BSDA: Basic Statistics and Data Analysis},
    author = {Alan T. Arnholt},
    year = {2012},
    note = {R package version 1.01},
    url = {https://CRAN.R-project.org/package=BSDA},
}

@article{Aitkin:Rubin:1985,
 author = {Aitkin, Murray and Rubin, Donald B.},
 journal = {Journal of the Royal Statistical Society: Series B (Statistical Methodology)},
 number = {1},
 pages = {67--75},
 publisher = {[Royal Statistical Society, Wiley]},
 title = {Estimation and Hypothesis Testing in Finite Mixture Models},
 volume = {47},
 year = {1985}
}

@article{Roeder:Wasserman:1997,
 author = {Roeder, Kathryn and Wasserman, Larry},
 journal = {Journal of the American Statistical Association},
 number = {439},
 pages = {894--902},
 publisher = {American Statistical Association, Taylor \& Francis, Ltd.},
 title = {Practical Bayesian Density Estimation Using Mixtures of Normals},
 volume = {92},
 year = {1997}
}

@article{Keribin:2000,
 author = {C. Keribin},
 journal = {Sankhy\=a: The Indian Journal of Statistics, Series A (1961--2002)},
 number = {1},
 pages = {49--66},
 publisher = {Springer},
 title = {Consistent Estimation of the Order of Mixture Models},
 volume = {62},
 year = {2000}
}

@article{Hennig:2004,
 author = {Hennig, Christian},
 journal = {Journal of Computational and Graphical Statistics},
 number = {4},
 pages = {930--945},
 publisher = {[American Statistical Association, Taylor & Francis, Ltd., Institute of Mathematical Statistics, Interface Foundation of America]},
 title = {Asymmetric Linear Dimension Reduction for Classification},
 volume = {13},
 year = {2004}
}

@Manual{fpc,
    title = {fpc: Flexible Procedures for Clustering},
    author = {Christian Hennig},
    year = {2015},
    note = {R package version 2.1-10},
    url = {https://CRAN.R-project.org/package=fpc},
}

@article{Konishi:Kitagawa:1996,
	Author = {Konishi, Sadanori and Kitagawa, Genshiro},
	Title = {Generalised information criteria in model selection},
	Journal = {Biometrika},
	Number = {4},
	Pages = {875--890},
	Volume = {83},
	Year = {1996}}

