@book{anderson1952-2018-143,
author = {T.~W. {Anderson and D.~A. Darling}},
title = {{Asymptotic theory of certain goodness of fit criteria based on stochastic processes}},
publisher = {Ann Math Statist. 23 (2):},
pages = {193--212},
year = {1952},
url = {https://doi.org/10.1214/aoms/1177729437}
}
@book{AnscombeQuartet-2018-143,
author = {F.~J. {Anscombe}},
title = {{Graphs in statistical analysis}},
publisher = {The American Statistician 27 (1):},
pages = {17--21},
year = {1973},
url = {https://doi.org/10.1080/00031305.1973.10478966}
}
@book{atkinson2012robust-2018-143,
author = {A.~{Atkinson and M.~Riani}},
title = {{Robust Diagnostic Regression Analysis}},
publisher = {Springer Series in Statistics Springer-Verlag},
year = {2012},
url = {https://books.google.pl/books?id=sZ3SBwAAQBAJ},
isbn = {9781461211600}
}
@book{atkinson1985plots-2018-143,
author = {A.~C. {Atkinson}},
title = {{Plots, Transformations, and Regression: An Introduction to Graphical Methods of Diagnostic Regression Analysis}},
publisher = {Oxford statistical science series Clarendon Press},
year = {1985},
url = {https://books.google.pl/books?id=oFjgnQEACAAJ}
}
@book{Bi2003RegressionEC-2018-143,
author = {J.~{Bi and K.~P. Bennett}},
title = {{Regression error characteristic curves}},
publisher = {In ICML},
year = {2003}
}
@book{2018arXiv180608915B-2018-143,
author = {P.~{Biecek}},
title = {{DALEX: Explainers for Complex Predictive Models}},
publisher = {ArXiv e-prints},
year = {2018}
}
@book{Box64ananalysis-2018-143,
author = {G.~E.~P. {Box and D.~R. Cox}},
title = {{An analysis of transformations}},
publisher = {Journal of the Royal Statistical Society B pages},
pages = {211--252},
year = {1964}
}
@book{breiman2001-2018-143,
author = {L.~{Breiman}},
title = {{Statistical modeling: The two cultures (with comments and a rejoinder by the author)}},
publisher = {Statist Sci. 16 (3):},
pages = {199--231},
year = {2001},
url = {https://doi.org/10.1214/ss/1009213726}
}
@book{10.2307/1911963-2018-143,
author = {T.~S. {Breusch and A.~R. Pagan}},
title = {{A simple test for heteroscedasticity and random coefficient variation}},
publisher = {Econometrica 47 (5):   ISSN 00129682 14680262},
pages = {1287--1294},
year = {1979},
url = {http://www.jstor.org/stable/1911963}
}
@book{DBLP:journals/corr/ChenG16-2018-143,
author = {T.~{Chen and C.~Guestrin}},
title = {{Xgboost: A scalable tree boosting system}},
publisher = {CoRR abs/1603.02754},
year = {2016},
url = {http://arxiv.org/abs/1603.02754}
}
@book{cramer1928composition-2018-143,
author = {H.~{Cramer}},
title = {{On the composition of elementary errors: Second paper: Statistical applications}},
publisher = {Scandinavian Actuarial Journal  (1):},
pages = {141--180},
year = {1928}
}
@book{validatetools-2018-143,
author = {E.~{de {Jonge} and M.~{van der Loo}}},
title = {{Validatetools: Checking and Simplifying Validation Rule Sets, }},
publisher = {R package version 0.4.3},
year = {2018},
url = {https://CRAN.R-project.org/package=validatetools}
}
@book{faraway2002practical-2018-143,
author = {J.~J. {Faraway}},
title = {{Practical Regression and Anova Using R}},
publisher = {University of Bath},
year = {2002},
url = {https://books.google.pl/books?id=UjhBnwEACAAJ}
}
@book{faraway2004linear-2018-143,
author = {J.~J. {Faraway}},
title = {{Linear Models with R}},
publisher = {Chapman & Hall/CRC Texts in Statistical Science Taylor & Francis},
year = {2004},
url = {https://books.google.pl/books?id=fvenzpofkagC},
isbn = {9780203507278}
}
@book{car-2018-143,
author = {J.~{Fox and S.~Weisberg}},
title = {{An R Companion to Applied Regression}},
publisher = {Sage Thousand Oaks CA 2nd edition},
year = {2011},
url = {http://socserv.socsci.mcmaster.ca/jfox/Books/Companion}
}
@book{friendly:2002:EDCM-2018-143,
author = {M.~{Friendly}},
title = {{Corrgrams: Exploratory displays for correlation matrices}},
publisher = {The American Statistician 56 (4):},
pages = {316--324},
year = {2002}
}
@book{PearsonTest-2018-143,
author = {K.~P. F.R.S},
title = {{X. On the Criterion That a Given System of Deviations from the Probable in the Case of a Correlated System of Variables Is Such That It Can Be Reasonably Supposed to Have Arisen from Random Sampling, volume~50}},
publisher = {Taylor & Francis},
year = {1900},
url = {https://doi.org/10.1080/14786440009463897}
}
@book{galecki2013linear-2018-143,
author = {A.~{Gałecki and T.~Burzykowski}},
title = {{Linear Mixed-Effects Models Using R: A Step-by-Step Approach}},
publisher = {Springer Texts in Statistics Springer-Verlag},
year = {2013},
url = {https://books.google.pl/books?id=rbk_AAAAQBAJ},
isbn = {9781461439004}
}
@book{doi:10.1080/01621459.1965.10480811-2018-143,
author = {S.~M. {Goldfeld and R.~E. Quandt}},
title = {{Some tests for homoscedasticity}},
publisher = {Journal of the American Statistical Association 60(310):},
pages = {539--547},
year = {1965},
url = {https://doi.org/10.1080/01621459.1965.10480811}
}
@book{2018arXiv180907763G-2018-143,
author = {A.~{Gosiewska and P.~Biecek}},
title = {{auditor: An R Package for Model-Agnostic Visual Validation and Diagnostic}},
publisher = {ArXiv e-prints},
year = {2018}
}
@book{nortest-2018-143,
author = {J.~{Gross and U.~Ligges}},
title = {{Nortest: Tests for Normality, }},
publisher = {R package version 1.0-4},
year = {2015},
url = {https://CRAN.R-project.org/package=nortest}
}
@book{Harrell:2006:RMS:1196963-2018-143,
author = {F.~E. {{Harrell Jr.}}},
title = {{Regression Modeling Strategies}},
publisher = {Springer-Verlag Berlin Heidelberg},
year = {2006},
isbn = {0387952322}
}
@book{rms-2018-143,
author = {F.~E. {{Harrell Jr}}},
title = {{Rms: Regression Modeling Strategies, }},
publisher = {R package version 5.1-2},
year = {2018},
url = {https://CRAN.R-project.org/package=rms}
}
@book{10.2307/2286361-2018-143,
author = {M.~J. {Harrison and B.~P.~M. McCabe}},
title = {{A test for heteroscedasticity based on ordinary least squares residuals}},
publisher = {Journal of the American Statistical Association 74(366):   ISSN 01621459},
pages = {494--499},
year = {1979},
url = {http://www.jstor.org/stable/2286361}
}
@book{HARVEY1977103-2018-143,
author = {A.~C. {Harvey and P.~Collier}},
title = {{Testing for functional misspecification in regression analysis}},
publisher = {Journal of Econometrics 6 (1): 103 -- 119 ISSN 0304-4076},
year = {1977},
url = {https://doi.org/10.1016/0304-4076(77)90057-4}
}
@book{hastie01statisticallearning-2018-143,
author = {T.~{Hastie, R.~Tibshirani, and J.~Friedman}},
title = {{The Elements of Statistical Learning}},
publisher = {Springer Series in Statistics Springer-Verlag New York NY USA},
year = {2001}
}
@book{Ho:1995:RDF:844379.844681-2018-143,
author = {T.~K. {Ho}},
title = {{Random decision forests}},
publisher = {In Proceedings of the Third International Conference onDocument Analysis and Recognition (Volume 1) - Volume 1 ICDAR '95 pages278-- Washington DC USA  IEEE Computer Society},
year = {1995},
url = {http://dl.acm.org/citation.cfm?id=844379.844681},
isbn = {0-8186-7128-9}
}
@book{randomForest-2018-143,
author = {A.~{Liaw and M.~Wiener}},
title = {{Classification and regression by randomforest}},
publisher = {R News 2 (3):},
pages = {18--22},
year = {2002},
url = {https://CRAN.R-project.org/doc/Rnews/}
}
@book{littell2007sas-2018-143,
author = {R.~C. {Littell, G.~A. Milliken, W.~W. Stroup, R.~D. Wolfinger, and O.~Schabenberger}},
title = {{SAS for Mixed Models, Second Edition}},
publisher = {SAS Institute},
year = {2007},
url = {https://books.google.pl/books?id=z9qv32OyEu4C},
isbn = {9781599940786}
}
@book{LIU201748-2018-143,
author = {S.~{Liu, X.~Wang, M.~Liu, and J.~Zhu}},
title = {{Towards better analysis of machine learning models: A visual analytics perspective}},
publisher = {Visual Informatics 1 (1): 48 -- 56  ISSN 2468-502X},
year = {2017},
url = {https://doi.org/10.1016/j.visinf.2017.01.006}
}
@book{iml-2018-143,
author = {C.~{Molnar, B.~Bischl, and G.~Casalicchio}},
title = {{Iml: An r package for interpretable machine learning}},
publisher = {JOSS 3 (26): 786},
year = {2018},
url = {https://doi.org/10.21105/joss.00786}
}
@book{JSSv081i10-2018-143,
author = {R.~{Moral, J.~Hinde, and C.~Demétrio}},
title = {{Half-normal plots and overdispersed models in r: The hnp package}},
publisher = {Journal of Statistical Software Articles 81(10):   ISSN 1548-7660},
pages = {1--23},
year = {2017},
url = {https://doi.org/10.18637/jss.v081.i10}
}
@book{O'Neil:2016:WMD:3002861-2018-143,
author = {C.~O'{Neil}},
title = {{Weapons of Math Destruction: How Big Data Increases Inequality and Threatens Democracy}},
publisher = {Crown Publishing Group New York NY USA    9780553418811},
year = {2016},
isbn = {0553418815}
}
@book{dataMaid-2018-143,
author = {A.~H. {Petersen and C.~T. Ekstrom}},
title = {{dataMaid: A Suite of Checks for Identification of Potential Errors in a Data Frame as Part of the Data Screening Process, }},
publisher = {R package version 1.1.2},
year = {2018},
url = {https://CRAN.R-project.org/package=dataMaid}
}
@book{gvlma-2018-143,
author = {E.~A. {Peña and E.~H. Slate}},
title = {{Global validation of linear model assumptions}},
publisher = {Journal of the American Statistical Association 101(473):     PMID: 20157621},
pages = {341--354},
year = {2006},
url = {https://doi.org/10.1198/016214505000000637}
}
@book{10.2307/2984219-2018-143,
author = {J.~B. {Ramsey}},
title = {{Tests for specification errors in classical linear least-squares regression analysis}},
publisher = {Journal of the Royal Statistical Society B 31(2):   ISSN 00359246},
pages = {350--371},
year = {1969},
url = {http://www.jstor.org/stable/2984219}
}
@book{broom-2018-143,
author = {D.~{Robinson}},
title = {{Broom: Convert Statistical Analysis Objects into Tidy Data Frames, }},
publisher = {R package version 0.4.4},
year = {2018},
url = {https://CRAN.R-project.org/package=broom}
}
@book{ShapiroFrancia-2018-143,
author = {S.~{{Sanford Shapiro} and R.~{S. Francia}}},
title = {{An approximate analysis of variance test for normality}},
publisher = {Journal of the American Statistical Association 67:},
pages = {215--216},
year = {1972}
}
@book{sheather2009modern-2018-143,
author = {S.~{Sheather}},
title = {{A Modern Approach to Regression with R}},
publisher = {Springer Texts in Statistics Springer-Verlag},
year = {2009},
url = {https://books.google.pl/books?id=zS3Jiyxqr98C},
isbn = {9780387096070}
}
@book{plotly-2018-143,
author = {C.~{Sievert, C.~Parmer, T.~Hocking, S.~Chamberlain, K.~Ram, M.~Corvellec, and P.~Despouy}},
title = {{Plotly: Create Interactive Web Graphics via 'plotly.js', }},
publisher = {R package version 4.7.1},
year = {2017},
url = {https://CRAN.R-project.org/package=plotly}
}
@book{10.2307/2286009-2018-143,
author = {M.~A. {Stephens}},
title = {{Edf statistics for goodness of fit and some comparisons}},
publisher = {Journal of the American Statistical Association 69(347):   ISSN 01621459},
pages = {730--737},
year = {1974},
url = {http://www.jstor.org/stable/2286009}
}
@book{Swets1285-2018-143,
author = {J.~{Swets}},
title = {{Measuring the accuracy of diagnostic systems}},
publisher = {Science 240 (4857):   ISSN 0036-8075},
pages = {1285--1293},
year = {1988},
url = {https://doi.org/10.1126/science.3287615}
}
@book{2018arXiv180308424T-2018-143,
author = {Y.~{Tang}},
title = {{Autoplotly - Automatic Generation of Interactive Visualizations for Popular Statistical Results}},
publisher = {ArXiv e-prints},
year = {2018}
}
@book{RJ-2016-060-2018-143,
author = {Y.~{Tang, M.~Horikoshi, and W.~Li}},
title = {{ggfortify: Unified Interface to Visualize Statistical Results of Popular R Packages}},
publisher = {The R Journal 8 (2):},
pages = {474--485},
year = {2016},
url = {https://journal.r-project.org/archive/2016/RJ-2016-060/index.html}
}
@book{tukey1977exploratory-2018-143,
author = {J.~W. {Tukey}},
title = {{Exploratory Data Analysis}},
publisher = {Addison-Wesley series in behavioral science Addison-WesleyPublishing Company},
year = {1977},
url = {https://books.google.pl/books?id=UT9dAAAAIAAJ},
isbn = {9780201076165}
}
@book{Rainbow-2018-143,
author = {J.~M. {Utts}},
title = {{The rainbow test for lack of fit in regression}},
publisher = {Communications in Statistics - Theory and Methods 11(24):},
pages = {2801--2815},
year = {1982},
url = {https://doi.org/10.1080/03610928208828423}
}
@book{lumberjack-2018-143,
author = {M.~{van der {Loo}}},
title = {{Lumberjack: Track Changes in Data, }},
publisher = {R package version 0.2.0},
year = {2017},
url = {https://CRAN.R-project.org/package=lumberjack}
}
@book{van2000asymptotic-2018-143,
author = {A.~W. {van der {Vaart}}},
title = {{Asymptotic Statistics}},
publisher = {Asymptotic Statistics Cambridge University Press},
year = {2000},
url = {https://books.google.pl/books?id=UEuQEM5RjWgC},
isbn = {9780521784504}
}
@book{MASS-2018-143,
author = {W.~N. {Venables and B.~D. Ripley}},
title = {{Modern Applied Statistics with S}},
publisher = {Springer-Verlag New York 4th edition},
year = {2002},
url = {http://www.stats.ox.ac.uk/pub/MASS4},
isbn = {0-387-95457-0}
}
@book{von1928wahrscheinlichkeit-2018-143,
author = {R.~{{Von Mises}}},
title = {{Wahrscheinlichkeit, Statistik Und Wahrheit}},
publisher = {Number t 3 in Schriften zur wissenschaftlichen Weltauffassung.Springer-Verlag},
year = {1928},
url = {https://books.google.pl/books?id=W1IaAAAAIAAJ}
}
@book{ggplot2-2018-143,
author = {H.~{Wickham}},
title = {{Ggplot2: Elegant Graphics for Data Analysis}},
publisher = {Springer-Verlag},
year = {2009},
url = {http://ggplot2.org},
isbn = {978-0-387-98140-6}
}
@book{tidy-data-2018-143,
author = {H.~{Wickham}},
title = {{Tidy data}},
publisher = {The Journal of Statistical Software 59},
year = {2014},
url = {http://www.jstatsoft.org/v59/i10/}
}
@book{doi:10.1029/JC090iC05p08995-2018-143,
author = {C.~J. {Willmott, S.~G. Ackleson, R.~E. Davis, J.~J. Feddema, K.~M. Klink, D.~R. Legates, J.~O'Donnell, and C.~M. Rowe}},
title = {{Statistics for the evaluation and comparison of models}},
publisher = {Journal of Geophysical Research 90 (C5):8995},
year = {1985},
url = {https://doi.org/10.1029/jc090ic05p08995}
}
@book{corrgram-2018-143,
author = {K.~{Wright}},
title = {{Corrgram: Plot a Correlogram, }},
publisher = {R package version 1.13},
year = {2018},
url = {https://CRAN.R-project.org/package=corrgram}
}
@book{ranger-2018-143,
author = {M.~N. {Wright and A.~Ziegler}},
title = {{ranger: A fast implementation of random forests for high dimensional data in C++ and R}},
publisher = {Journal of Statistical Software 77 (1):},
pages = {1--17},
year = {2017},
url = {https://doi.org/10.18637/jss.v077.i01}
}
@book{lmtest-2018-143,
author = {A.~{Zeileis and T.~Hothorn}},
title = {{Diagnostic checking in regression relationships}},
publisher = {R News 2 (3):},
pages = {7--10},
year = {2002},
url = {https://CRAN.R-project.org/doc/Rnews/}
}
@book{JSSv007i02-2018-143,
author = {A.~{Zeileis, F.~Leisch, K.~Hornik, and C.~Kleiber}},
title = {{Strucchange: An r package for testing for structural change in linear regression models}},
publisher = {Journal of Statistical Software Articles 7(2):   ISSN 1548-7660},
pages = {1--38},
year = {2002},
url = {https://doi.org/10.18637/jss.v007.i02}
}

