@Article{survsim,
    title = {The R Package survsim for the Simulation of Simple and Complex Survival Data},
    author = {David Mori{\~n}a and Albert Navarro},
    journal = {Journal of Statistical Software},
    year = {2014},
    volume = {59},
    number = {2},
    pages = {1--20},
    doi = {10.18637/jss.v059.i02},
  }
  
  @Manual{genSurv,
  title = {genSurv: Generating Multi-State Survival Data},
  author = {Artur Ara\'{u}jo and Lu\'{i}s Meira-Machado and Susana Faria},
  year = {2015},
  note = {R package version 1.0.3},
  url = {http://CRAN.R-project.org/package=genSurv},
}

@Article{genSurvpaper,
  title = {A Simulation Study Comparing Modeling Approaches in an Illness-Death Multi-State Model},
  author = {Lu\'{i}s Meira-Machado and Susana Faria},
  journal = {Communications in Statistics - Simulation and Computation},
  issn = {1532-4141},
  year = {2014},
  volume = {43},
  number = {5},
  pages = {929--946},
  doi = {10.1080/03610918.2012.718841},
}

@Manual{PermAlgo,
    title = {PermAlgo: Permutational Algorithm to Generate Event Times Conditional on a Covariate Matrix Including Time-Dependent Covariates},
    author = {Marie-Pierre Sylvestre and Thad Evans and Todd MacKenzie and Michal Abrahamowicz},
    year = {2010},
    note = {R package version 1.1},
    URL = {https://cran.r-project.org/package=PermAlgo}
  }
  
  @Manual{prodlim,
    title = {prodlim: Product-Limit Estimation for Censored Event History Analysis},
    author = {Thomas A. Gerds},
    year = {2018},
    note = {R package version 2018.04.18},
    url = {https://CRAN.R-project.org/package=prodlim},
  }
  
  @Manual{discSurv,
    title = {discSurv: Discrete Time Survival Analysis},
    author = {Thomas Welchowski and Matthias Schmid},
    year = {2019},
    note = {R package version 1.4.0},
    url = {https://CRAN.R-project.org/package=discSurv},
  }

@Article{gems,
    title = {gems: An R Package for Simulating from Disease Progression Models},
    author = {Nello Blaser and Luisa {Salazar Vizcaya} and Janne Estill and Cindy Zahnd and Bindu Kalesan and Matthias Egger and Olivia Keiser and Thomas Gsponer},
    journal = {Journal of Statistical Software},
    year = {2015},
    volume = {64},
    number = {10},
    pages = {1--22},
    doi = {10.18637/jss.v064.i10},
  }
  
  @Manual{simMSM,
    title = {simMSM: Simulation of Event Histories for Multi-State Models},
    author = {Holger Reulen},
    year = {2015},
    note = {R package version 1.1.41},
    url = {https://CRAN.R-project.org/package=simMSM},
  }
  
  @Article{simPH,
    title = {simPH: An R Package for Illustrating Estimates from Cox Proportional Hazard Models Including for Interactive and Nonlinear Effects},
    author = {Christopher Gandrud},
    journal = {Journal of Statistical Software},
    year = {2015},
    volume = {65},
    number = {3},
    pages = {1--20},
    doi = {10.18637/jss.v065.i03},
  }
  
  @Manual{MicSim,
    title = {MicSim: Performing Continuous-Time Microsimulation},
    author = {Sabine Zinn},
    year = {2018},
    note = {R package version 1.0.13},
    url = {https://CRAN.R-project.org/package=MicSim},
  }
  
  @Manual{ipred,
    title = {ipred: Improved Predictors},
    author = {Andrea Peters and Torsten Hothorn},
    year = {2019},
    note = {R package version 0.9-9},
    url = {https://CRAN.R-project.org/package=ipred},
  }


@Manual{CPsurv,
    title = {CPsurv: Nonparametric Change Point Estimation for Survival Data},
    author = {Stefanie Krügel and Alessandra R. Brazzale and Helmut Kuechenhoff},
    year = {2017},
    note = {R package version 1.0.0},
    url = {https://CRAN.R-project.org/package=CPsurv},
  }
  
  @Manual{simsurv,
    title = {simsurv: Simulate Survival Data},
    author = {Sam Brilleman},
    year = {2019},
    note = {R package version 0.2.3},
    url = {https://CRAN.R-project.org/package=simsurv},
  }
  
  @Manual{SimSCRPiecewise,
    title = {SimSCRPiecewise: Simulates Univariate and Semi-Competing Risks Data Given
Covariates and Piecewise Exponential Baseline Hazards'},
    author = {Andrew G Chapple},
    year = {2016},
    note = {R package version 0.1.1},
    url = {https://CRAN.R-project.org/package=SimSCRPiecewise},
  }
  
  @Manual{coxed,
    title = {coxed: Duration-Based Quantities of Interest for the Cox Proportional
Hazards Model},
    author = {Kropko, Jonathan and Harden, Jeffrey J.},
    year = {2019},
    note = {R package version 0.2.4},
    url = {https://CRAN.R-project.org/package=coxed},
  }
  
  @article{Zhou,
author = {Mai Zhou},
title = {Understanding the Cox Regression Models With Time-Change Covariates},
journal = {The American Statistician},
volume = {55},
number = {2},
pages = {153-155},
year  = {2001},
publisher = {Taylor & Francis},
doi = {10.1198/000313001750358491}
}

  @techreport{Walke,
   author = {Walke, Rainer},
   title = {Example for a Piecewise Constant Hazard Data Simulation in R},
   institution = {Max Planck Institute for Demographic Research},
   year = {2010},
   type = {Report},
   URL = {https://www.demogr.mpg.de/papers/technicalreports/tr-2010-003.pdf}
}

@article{Hendry,
author = {Hendry, David J.},
title = {Data Generation for the Cox Proportional Hazards Model with Time-Dependent Covariates: A Method for Medical Researchers},
journal = {Statistics in Medicine},
volume = {33},
number = {3},
pages = {436-454},
doi = {10.1002/sim.5945},
year = {2014}
}


@article{MontezGuidelines,
  title={Guidelines for Generating Right-Censored Outcomes from a Cox Model Extended to Accommodate Time-Varying Covariates},
  author={Montez-Rath, Maria E and Kapphahn, Kristopher and Mathur, Maya B and Mitani, Aya A and Hendry, David J and Desai, Manisha},
  journal={Journal of Modern Applied Statistical Methods},
  volume={16},
  number={1},
  pages={6},
  year={2017},
  doi = {10.22237/jmasm/1493597100}
}

@article{MontezSimulating,
  title={Simulating Realistically Complex Comparative Effectiveness Studies with Time-Varying Covariates and Right-Censored Outcomes},
  author={Montez-Rath, Maria E and Kapphahn, Kristopher and Mathur, Maya B and Purington, Natasha and Joyce, Vilija R and Desai, Manisha},
  journal={arXiv},
  doi = {https://arxiv.org/abs/1709.10074},
  month = {09},
  year={2017}
}


@article{Wong,
author = {George Y. C. Wong and Qinggang Diao and Qiqing Yu},
title = {Piecewise Proportional Hazards Models with Interval-Censored Data},
journal = {Journal of Statistical Computation and Simulation},
volume = {88},
number = {1},
pages = {140-155},
year  = {2018},
publisher = {Taylor & Francis},
doi = {10.1080/00949655.2017.1380645},
}

 @Manual{metacran,
  title = {Task View: Survival Analysis},
  author = {Arthur Allignol and Aurelien Latouche},
  year = {2020},
  note = {METACRAN},
  url = {https://www.r-pkg.org/ctv/Survival},
}

@article{Yao,
   author = {Yao, Y. C.},
   title = {Maximum-Likelihood-Estimation in Hazard Rate Models with a Change-Point},
   journal = {Communications in Statistics - Theory and Methods},
   volume = {15},
   number = {8},
   pages = {2455-2466},
   ISSN = {0361-0926},
   DOI = {10.1080/03610928608829261},
   year = {1986},
   type = {Journal Article}
}

@article{Gijbels,
   author = {Gijbels, I. and Gurler, U.},
   title = {Estimation of a Change Point in a Hazard Function Based on Censored Data},
   journal = {Lifetime Data Analysis},
   volume = {9},
   number = {4},
   pages = {395-411},
   ISSN = {1380-7870},
   DOI = {10.1023/B:LIDA.0000012424.71723.9d},
   year = {2003},
   type = {Journal Article}
}

@article{Wu,
   author = {Wu, C. Q. and Zhao, L. C. and Wu, Y. H.},
   title = {Estimation in Change-Point Hazard Function Models},
   journal = {Statistics \& Probability Letters},
   volume = {63},
   number = {1},
   pages = {41-48},
   ISSN = {0167-7152},
   DOI = {10.1016/S0167-7152(03)00047-6},
   year = {2003},
   type = {Journal Article}
}

@article{Rojas,
   author = {Rojas, O.P.  and Bulmaro, F.S. and Hernández, J.},
   title = {Modelo de Riesgo con un Punto de Cambio y Covariables Dependientes del Tiempo},
   journal = {Revista Investigaci\'{o}n Operacional},
   volume = {32},
   pages = {114-122},
   year = {2011},
   type = {Journal Article}
}

@article{Dupuy,
   author = {Dupuy, Jean-François},
   title = {Estimation in a Change-Point Hazard Regression Model},
   journal = {Statistics \& Probability letters},
   volume = {76},
   number = {2},
   pages = {182-190},
   ISSN = {0167-7152},
   year = {2006},
   type = {Journal Article},
   doi = {10.1016/j.spl.2005.07.013}
}


@article{Goodman,
   author = {Goodman, M. S. and Li, Y. and Tiwari, R. C.},
   title = {Detecting Multiple Change Points in Piecewise Constant Hazard Functions},
   journal = {Journal of Applied Statistics},
   volume = {38},
   number = {11},
   pages = {2523-2532},
   ISSN = {0266-4763},
   DOI = {10.1080/02664763.2011.559209},
   year = {2011},
   type = {Journal Article}
}

@article{Liu,
   author = {Liu, M. and Lu, W. and Shao, Y.},
   title = {A Monte Carlo Approach for Change-Point Detection in the Cox Proportional Hazards Model},
   journal = {Statistics in medicine},
   volume = {27},
   number = {19},
   pages = {3894-3909},
   ISSN = {1097-0258},
   year = {2008},
   type = {Journal Article},
   doi = {10.1002/sim.3214}
}

@inbook{Qian,
   author = {Qian, L.  and Zhang, W.},
   title = {Multiple Change-Point Detection in Piecewise Exponential Hazard Regression Models with Long-Term Survivors and Right Censoring},
   booktitle = {Contemporary Developments in Statistical Theory},
   publisher = {Springer International Publishing},
   address = {Switzerland},
   chapter = {18},
   DOI = {10.1007/978-3-319-02651-0_18},
   year = {2014},
   type = {Book Section}
}

@article{Cai,
title = {Modified Information Approach for Detecting Change Points in Piecewise Linear Failure Rate Function},
journal = {Statistics \& Probability Letters},
volume = {125},
pages = {130-140},
year = {2017},
issn = {0167-7152},
doi = {10.1016/j.spl.2017.02.005},
author = {Xia Cai and Yubin Tian and Wei Ning}

}

@article{He,
author = {He, Pei and Fang, Liang and Su, Zheng},
title = {A Sequential Testing Approach to Detecting Multiple Change Points in the Proportional Hazards Model},
journal = {Statistics in Medicine},
volume = {32},
number = {7},
pages = {1239-1245},
doi = {10.1002/sim.5605},
year = {2013}
}

@article{Han,
author = {Han, Gang and Schell, Michael J. and Kim, Jongphil},
title = {Improved Survival Modeling in Cancer Research Using a Reduced Piecewise Exponential Approach},
journal = {Statistics in Medicine},
volume = {33},
number = {1},
pages = {59-73},
doi = {10.1002/sim.5915},
year = {2014}
}

  
  @article{Williams,
   author = {Williams, M. R. and Kim, D. Y.},
   title = {A Test for an Abrupt Change in Weibull Hazard Functions with Staggered Entry and Type I Censoring},
   journal = {Communications in Statistics - Theory and Methods},
   volume = {42},
   number = {11},
   pages = {1922-1933},
   ISSN = {0361-0926},
   DOI = {10.1080/03610926.2011.600505},
   year = {2013},
   type = {Journal Article}
}

@book{StatComp,
  author    = {Maria L. Rizzo}, 
  title     = {Statistical Computing with R},
  publisher = {CRC Press},
  year      = 2007,
  isbn      = {9781498786591}
}

@Manual{Hochheimer,
    author = {Camille Hochheimer},
    title = {cpsurvsim: Simulating Survival Data from Change-Point Hazard Distributions},
    year = {2021},
    version = {1.2.1},
    url = {http://github.com/camillejo/cpsurvsim},
  }
  
@article{Hochheimer2,
    author = {Hochheimer, Camille J and Sabo, Roy T},
    title = {Testing for Phases of Dropout Attrition Using Change-Point Hazard Models},
    journal = {Journal of Survey Statistics and Methodology},
    year = {2021},
    month = {09},
    issn = {2325-0984},
    doi = {10.1093/jssam/smab030},
    url = {https://doi.org/10.1093/jssam/smab030}
}