@article{Akdemir:2015,
  Author = {Akdemir,D. and  Sanchez,J.I. and Jannink, J.-L.},
	Journal = {Genetics Selection Evolution},
	Number = {1},
	Pages = {38},
	Title = {Optimization of genomic selection training populations with a genetic algorithm},
	url = {https://doi.org/10.1186/s12711-015-0116-6},
	Volume = {47},
	Year = {2015}
}

@Manual{Carey,
  title = {MLInterfaces: Uniform interfaces to R machine learning procedures for data in Bioconductor containers},
  author = {Carey, V. and Gentleman, R. and Mar, J. and Vertrees, J. and Gatto, L.},
  year = {2016},
  note = {R package version 1.52.0},
  url = {http://bioconductor.org/packages/MLInterfaces/},
}

@Manual{Carlson:2016,
  title = {hgu95av2.db: Affymetrix Human Genome U95 Set annotation data (chip hgu95av2)},
  author = {Marc Carlson},
  year = {2016},
  note = {R package version 3.2.3},
  url = {http://bioconductor.org/packages/hgu95av2.db/},
}

@book{Holland,
  title = {Adaptation in natural and artificial systems: An introductory analysis with applications to biology, control, and artificial intelligence},
  author = {Holland, J.H.},
  publisher = {University of Michigan Press},
  year = {1975},
  isbn = {0472084607},
  note = {Extended new Edition, MIT Press, Cambridge (1992)},
}

@book{Mitchell,
 author = {Mitchell, M.},
 title = {An  Introduction to Genetic Algorithms},
 year = {1998},
 isbn = {0262631857},
 publisher = {MIT Press},
 address = {Cambridge, MA, USA},
}

@book{Goldberg,
 author = {Goldberg, D. E.},
 title = {Genetic Algorithms in Search, Optimization and Machine Learning},
 year = {1989},
 isbn = {0201157675},
 edition = {1st},
 publisher = {Addison-Wesley Longman Publishing Co., Inc.},
 address = {Boston, MA, USA},
}

@article{Berard:2003,
  Author = {Berard, J. and  Bienvenue, A.},
	Journal = {The Annals of Applied Probability},
	Number = {4},
	Pages = {1534-1568},
	Title = {Sharp Asymptotic Results for Simplified Mutation-Selection Algorithms},
	url = {https://doi.org/10.1214/aoap/1069786510},
	Volume = {13},
	Year = {2003}
}

@article{Rudolph:1994,
  Author = {Rudolph, G.},
	Journal = {IEEE Trans. Neural Net.},
	Number = 1,
	Pages = {96-101},
	Title = {Convergence analysis of canonical Genetic Algorithms},
	url = {https://doi.org/10.1109/72.265964},
	Volume = {5},
	Year = {1994}
}

@article{Doerr:2015,
  Author = {Doerr, B. and Doerr, C.},
	 Journal =  {Proceedings of the 2015 Annual Conference on Genetic and Evolutionary Computation},
	 Pages = {1423-1430},
	 Title = {A Tight Runtime Analysis of the (1 + ($\lambda$,$\lambda$)) Genetic Algorithm on OneMax},
	 year = {2015},
	 url = {http://doi.acm.org/10.1145/2739480.2754683},
 }

@article{Droste:2002,
  Author = {Droste, S. and Jansen, T. and Wegener, I.},
	Journal = {Theoretical Computer Science},
 	title = {On the Analysis of the (1+ 1) Evolutionary Algorithm},
 	volume = {276},
	 number = {1-2},
 	month = apr,
	 year = {2002},
	 issn = {0304-3975},
	 pages = {51--81},
 	url = {https://doi.org/10.1016/S0304-3975(01)00182-7},
 	publisher = {Elsevier Science Publishers Ltd.},
 	address = {Essex, UK},
}

@Manual{Gentleman:2016,
  title = {genefilter: genefilter: methods for filtering genes from high-throughput experiments},
  url = {https://bioconductor.org/packages/genefilter/},
  author = {Gentleman, R. and Carey, V. and Huber, W. and Hahne, F},
  year = {2016},
  note = {R package version 1.56.0},
}

@article{Huber:2015,
  Author = {Huber, W. and  Carey, V. and  Gentleman, R. and ... and Morgan, M.},
	Journal = {Nature Methods},
	Number = {2},
	Volume = {12},
	Pages = {115-121},
	Title = {Orchestrating high-throughput genomic analysis with Bioconductor},
	url = {https://doi.org/10.1038/nmeth.3252},
	issn = {1548-7091},
	Year = {2015}
}

@Manual{Kepplinger,
  title = {gaselect: Genetic Algorithm (GA) for Variable Selection from High-Dimensional Data},
  author = {Kepplinger, D.},
  year = {2015},
  note = {R package version 1.0.5},
  url = {https://cloud.r-project.org/web/packages/gaselect/index.html},
}

@Manual{Li,
  title = {ALL: A data package},
  author = {Li, X.},
  year = {2009},
  note = {R package version 1.14.0},
  url = {http://bioconductor.org/packages/release/data/experiment/html/ALL.html},
}

@article{Melita:2016,
  Author = {Melita, N.T. and Holban, S.},
	Journal = {2016 IEEE 12th International Conference on Intelligent Computer Communication and Processing (ICCP)},
	Title = {An Incomplete Dominance Genetic Algorithm Approach to Microarray Data Analysis},
	url = {https://doi.org/10.1109/ICCP.2016.7737137},
	Year = {2016}
}

@article{Holban:2016,
  Author = {Melita, N.T. and Holban, S.},
	Journal = {in publishing},
	Title = {The Random Assortment for Selecting Features with Genetic Algorithms in Microarray Data Analysis},
	Year = {2016}
}

@article{Melita:2008,
  Author = {Melita, N.T. and  Popescu, I. and Holban, S.},
	Journal = {Advances in Electrical and Computer Engineering},
	Number = 2,
	Pages = {43-48},
	Title = {A Genetic Algorithm Approach to DNA Microarrays Analysis of Pancreatic Cancer},
	url = {https://doi.org/10.4316/AECE.2008.02008},
	Volume = 8,
	issn = {1582-7445},
	Year = {2008}
}

@Manual{Pajala,
  title = {mogavs: Multiobjective Genetic Algorithm for Variable Selection in Regression},
  author = {Pajala, T.},
  year = {2016},
  note = {R package version 1.0.1},
  url = {https://cloud.r-project.org/web/packages/mogavs/index.html},
}

@article{Scrucca:2016,
  Author = {Scrucca, L.},
	Journal = {Submitted to R Journal},
	Title = {On some extensions to GA package: hybrid optimisation, parallelisation and islands evolution},
	url = {http://arxiv.org/abs/1605.01931},
	Year = {2016}
}

@Manual{Tenorio,
  title = {gaoptim: Genetic Algorithm optimization for real-based and permutation-based problems},
  author = {Tenorio, F.},
  year = {2013},
  note = {R package version 1.1},
  url = {https://cloud.r-project.org/web/packages/gaoptim/index.htmll},
}

@Manual{Tsou,
  title = {nsga2R: Elitist Non-dominated Sorting Genetic Algorithm based on R},
  author = {Tsou, C.-S.},
  year = {2015},
  note = {R package version 1.0},
  url = {https://cloud.r-project.org/web/packages/nsga2R/index.html},
}

@Manual{Wickham:2016,
  title = {scales: Scale Functions for Visualization},
  author = {Hadley Wickham},
  year = {2016},
  note = {R package version 0.4.1},
  url = {https://CRAN.R-project.org/package=scales},
}

@Manual{Willighagen,
  title = {genalg: R Based Genetic Algorithm},
  author = {Willighagen, E. and Ballings, M.I.},
  year = {2015},
  note = {R package version 0.2.0},
  url = {https://cloud.r-project.org/web/packages/genalg/index.html},
}

@article{Wolters:2015,
  Author = {Wolters, M.A.},
	Journal = {Journal of Statistical Software},
	Number = {1},
	Pages = {1-18},
	Title = {A Genetic Algorithm for Selection of Fixed-Size Subsets with Application to Design Problems},
	url = {https://doi.org/10.18637/jss.v068.c01},
	Volume = {68},
	Year = {2015}
}

@article{Xue:2016,
  Author = {Xue, B. and Zhang, M. and Browne, W.N. and Yao, X.},
	Journal = {IEEE Transactions on Evolutionary Computation},
	Number = 4,
	Title = {Survey on Evolutionary Computation Approaches to Feature Selection},
	url = {https://doi.org/10.1109/TEVC.2015.2504420},
	Volume = {20},
	Year = {2016}
}