
@Manual{auguie2017,
    title = {{gridExtra}: Miscellaneous Functions for "Grid" Graphics},
    author = {Baptiste Auguie},
    year = {2017},
    note = {R package version 2.3},
    url = {https://CRAN.R-project.org/package=gridExtra}
  }

% PRISM paper (personal article)
@article{Bean2017,
  title={Predicting {Utah} Ground Snow Loads with {PRISM}},
  author={Bean, Brennan and Maguire, Marc and Sun, Yan},
  journal={Journal of Structural Engineering},
  volume={143},
  number={9},
  pages={04017126},
  year={2017},
  url = {https://doi.org/10.1061/(ASCE)ST.1943-541X.0001870},
  publisher={American Society of Civil Engineers}
}

@article{Bean2019,
  title={Comparing Design Ground Snow Load Prediction in {Utah} and {Idaho}},
  author={Bean, Brennan and Maguire, Marc and Sun, Yan},
  journal={Journal of Cold Regions Engineering},
  volume={33},
  number={3},
  pages={04019010},
  year={2019},
  publisher={American Society of Civil Engineers},
  url = {https://doi.org/10.1061/(ASCE)CR.1943-5495.0000190}
}

@techreport{bean2021-report,
  title={The 2020 National Snow Load Study},
  author={Bean, Brennan and Maguire, Marc and Sun, Yan and Wagstaff, Jadon and Al-Rubaye, Salam Adil and Wheeler, Jesse and Jarman, Scout and Rogers, Miranda},
  year= {2021},
  month = {Feb},
  institution={Utah State University Department of Mathematics and Statistics},
  address = {Logan, UT}, 
  number = {276},
  url = {https://doi.org/10.26077/200k-pr86},
}



@Manual{becker2018,
    title = {{maps}: Draw Geographical Maps},
    author = {Richard A. Becker and Allan R. Wilks and Ray Brownrigg and Thomas P Minka and Alex Deckmyn},
    year = {2021},
    note = {R package version 3.4.1},
    url = {https://CRAN.R-project.org/package=maps},
}

@Manual{rgeos2020,
    title = {{rgeos}: Interface to Geometry Engine - Open Source ('{GEOS}')},
    author = {Roger Bivand and Colin Rundel},
    year = {2021},
    note = {R package version 0.5-9},
    url = {https://CRAN.R-project.org/package=rgeos},
  }


% Overview of EPA eco regions
@techreport{cec1997,
  title={Ecological Regions of {North America}: Toward a Common Perspective},
  author={{Commission for Environmental Cooperation}},
  year={1997},
  institution={Commission for Environmental Cooperation},
  url = {http://www3.cec.org/islandora/en/item/1701-ecological-regions-north-america-toward-common-perspective},
  note = {Accessed: 2020-04-09}
}




@Manual{dorman2020,
    title = {{nngeo}: k-Nearest Neighbor Join for Spatial Data},
    author = {Michael Dorman},
    year = {2022},
    note = {R package version 0.4.6},
    url = {https://CRAN.R-project.org/package=nngeo},
}


@article{fuentes_high_2001,
	title = {A High Frequency Kriging Approach for Non-Stationary Environmental Processes},
	volume = {12},
	url = {https://doi.org/10.1002/env.473},
	number = {5},
	journal = {Environmetrics},
	author = {Fuentes, Montserrat},
	year = {2001},
	pages = {469-83}
}

@techreport{fuentes_new_2001,
	title = {A New Class of Nonstationary Spatial Models},
	institution = {North Carolina State University},
	author = {Fuentes, Montserrat and Smith, Richard L.},
	url = {https://repository.lib.ncsu.edu/bitstream/handle/1840.4/213/nonstat.pdf?sequence=1},
	year = {2001}
}

@misc{google2020,
    title = {{S2}},
    author = {Google},
    year = {2022},
    note = {Source code},
    url = {https://s2geometry.io/}
}


@article{gosoniu_bayesian_2006,
	title = {{Bayesian} Modelling of Geostatistical Malaria Risk Data},
	volume = {1},
	url = {https://doi.org/10.4081/gh.2006.287},
	journal = {Geospatial Health},
	author = {Gosoniu, Laura and Vounatsou, Penelope and Sogoba, Nafomon and Smith, Thomas},
	year = {2006},
	pages = {127-39}
}


@article{gosoniu_mapping_2009,
	title = {Mapping Malaria Risk in {West Africa} Using a {Bayesian} Nonparametric Non-Stationary Model},
	volume = {53},
	url = {https://doi.org/10.1016/j.csda.2009.02.022},
	number = {9},
	journal = {Computational Statistics \& Data Analysis},
	author = {Gosoniu, L. and Vounatsou, P. and Sogoba, N. and Maire, N. and Smith, T.},
	year = {2009},
	pages = {3358-71}
}

@Article{graler2016,
    title = {Spatio-Temporal Interpolation using {gstat}},
    author = {Benedikt Gräler and Edzer Pebesma and Gerard Heuvelink},
    year = {2016},
    journal = {The R Journal},
    volume = {8},
    issue = {1},
    pages = {204-218},
    url = {https://doi.org/10.32614/RJ-2016-014}
  }


@article{green1978,
    author = {Green, P. J. and Sibson, R.},
    title = {Computing {Dirichlet} Tessellations in the Plane},
    journal = {The Computer Journal},
    volume = {21},
    number = {2},
    pages = {168-73},
    year = {1978},
    url = {https://doi.org/10.1093/comjnl/21.2.168}
}


@article{haas_kriging_1990,
	title = {Kriging and Automated Variogram Modeling Within a Moving Window},
	volume = {24},
	url = {https://doi.org/10.1016/0960-1686(90)90508-K},
	language = {en},
	number = {7},
	journal = {Atmospheric Environment. Part A. General Topics},
	author = {Haas, Timothy C.},
	year = {1990},
	pages = {1759-69}
}

@article{haas_lognormal_1990,
	title = {Lognormal and Moving Window Methods of Estimating Acid Deposition},
	volume = {85},
	url = {https://doi.org/10.1080/01621459.1990.10474966},
	number = {412},
	journal = {Journal of the American Statistical Association},
	author = {Haas, Timothy C.},
	year = {1990},
	pages = {950-63}
}


@article{heaton_nonstationary_2017,
	title = {Nonstationary {Gaussian} Process Models Using Spatial Hierarchical Clustering from Finite Differences},
	volume = {59},
	url = {https://doi.org/10.1080/00401706.2015.1102763},
	number = {1},
	journal = {Technometrics},
	author = {Heaton, Matthew J. and Christensen, William F. and Terres, Maria A.},
	year = {2017},
	pages = {93-101}
}


% automap package
@Article{hiemstra2009,
    title = {Real-Time Automatic Interpolation of Ambient Gamma Dose Rates from the {Dutch} Radioactivity Monitoring Network},
    author = {P.H. Hiemstra and E.J. Pebesma and C.J.W. Twenh\"{o}fel and G.B.M. Heuvelink},
    journal = {Computers \& Geosciences},
    volume = {35},
    number = {8},
    pages = {1711-21},
    year = {2009},
    url = {https://doi.org/10.1016/j.cageo.2008.10.011}
}


@Manual{hijmans2020,
    title = {{raster}: Geographic Data Analysis and Modeling},
    author = {Robert J. Hijmans},
    year = {2022},
    note = {R package version 3.6-3},
    url = {https://CRAN.R-project.org/package=raster},
  }


@article{kim_analyzing_2005,
	title = {Analyzing Nonstationary Spatial Data Using Piecewise {Gaussian} Processes},
	volume = {100},
	url = {https://doi.org/10.1198/016214504000002014},
	number = {470},
	journal = {Journal of the American Statistical Association},
	author = {Kim, Hyoung-Moon and Mallick, Bani K. and Holmes, C. C.},
	month = jun,
	year = {2005},
	pages = {653-68}
}


@article{hoeting1999bayesian,
  title={Bayesian model averaging: a tutorial (with comments by {M. Clyde, David Draper and EI George}, and a rejoinder by the authors)},
  author={Hoeting, Jennifer A and Madigan, David and Raftery, Adrian E and Volinsky, Chris T},
  journal={Statistical science},
  volume={14},
  number={4},
  pages={382--417},
  year={1999},
  publisher={Institute of Mathematical Statistics},
  url = {https://doi.org/10.1214/ss/1009212519}
}

@article{konomi_adaptive_2014,
	title = {Adaptive {Bayesian} Nonstationary Modeling for Large Spatial Datasets Using Covariance Approximations},
	volume = {23},
	url = {https://doi.org/10.1080/10618600.2013.812872},
	number = {3},
	journal = {Journal of Computational and Graphical Statistics},
	author = {Konomi, Bledar A. and Sang, Huiyan and Mallick, Bani K.},
	year = {2014},
	pages = {802-29}
}


@article{Liel2017,
  title={Reliability-Based Design Snow Loads. {II}: Reliability Assessment and Mapping Procedures},
  author={Liel, Abbie B and DeBock, D Jared and Harris, James R and Ellingwood, Bruce R and Torrents, Jeannette M},
  journal={Journal of Structural Engineering},
  volume={143},
  number={7},
  pages={04017047},
  year={2017},
  publisher={American Society of Civil Engineers},
  url = {https://doi.org/10.1061/(ASCE)ST.1943-541X.0001732}
}


% Snow data source
@misc{menne2012,
  author = {Menne, M.J. and Durre, I. and Korzeniewski, B. and Vose, R.S. and Gleason, B.E. and Houston, T.G.},
  year = {2012},
  title = {Global Historical Climatology Network - Daily, Version 3.26},
  publisher = {NOAA National Climatic Data Center},
  url = {https://doi.org/10.7289/V5D21VHZ},
  note = {Accessed: 2020-06-04}
}

@misc{NRCS2017, 
  title={Snow Course Stations}, 
  url={https://wcc.sc.egov.usda.gov/reportGenerator}, 
  author={{Natural Resources Conservation Service}}, 
  year={2017}, 
  note = {Accessed: 2020-04-03}
}


@article{osborne_should_2002,
	title = {Should Data be Partitioned Spatially Before Building Large-Scale Distribution Models?},
	volume = {157},
	url = {https://doi.org/10.1016/S0304-3800(02)00198-9},
	number = {2},
	journal = {Ecological Modelling},
	author = {Osborne, Patrick E and Suárez-Seoane, Susana},
	year = {2002},
	pages = {249-59}
}

@Article{pebesma2004,
    title = {Multivariable geostatistics in {S}: the {gstat} package},
    author = {Edzer J. Pebesma},
    journal = {Computers \& Geosciences},
    year = {2004},
    volume = {30},
    pages = {683-691},
    url = {https://doi.org/10.1016/j.cageo.2004.03.012}
  }

% sf package
@Article{pebesma2018,
    author = {Edzer Pebesma},
    title = {Simple Features for {R}: Standardized Support for Spatial Vector Data},
    year = {2018},
    journal = {{The R Journal}},
    url = {https://doi.org/10.32614/RJ-2018-009},
    pages = {439-46},
    volume = {10},
    number = {1}
}

@misc{prism2020, 
    author = {{PRISM Climate Group}},
    year = {2020},
    title = {30-Year Normals},
    organization = {Northwest Alliance for Computational Science and Engineering}, 
    url = {https://prism.oregonstate.edu/normals/}
}

@article{thevenaz_user-friendly_2007,
	title = {User-Friendly Semiautomated Assembly of Accurate Image Mosaics in Microscopy},
	volume = {70},
	url = {https://doi.org/10.1002/jemt.20393},
	number = {2},
	journal = {Microscopy Research and Technique},
	author = {Thévenaz, Philippe and Unser, Michael},
	year = {2007},
	pages = {135-46}
}


@techreport{Tobiasson2002,
  title={Ground Snow Loads for {New Hampshire}},
  author={Tobiasson, Wayne and Buska, James and Greatorex, Alan and Tirey, Jeff and Fisher, Joel},
  year={2002},
  institution={Cold Regions Research and Engineering Laboratory},
  location = {Hanover, New Hampshire},
  url = {https://www.senh.org/wp-content/uploads/2010/12/tr02-6.pdf}
}


% elevation data
@misc{USGS2020,
  title={The National Map},
  author={{United States Geological Survey}},
  year={2020},
  url = {https://www.usgs.gov/core-science-systems/national-geospatial-program/national-map},
  note = {Accessed: 2020-04-01},
  publisher={U.S. Geological Survey}
}


% watershed data
@misc{USGS2020_2,
  title={National Hydrography Dataset},
  author={{United States Geological Survey}},
  year={2020},
  url = {https://www.usgs.gov/core-science-systems/ngp/national-hydrography/access-national-hydrography-products},
  note = {Accessed: 2020-10-16},
  publisher={U.S. Geological Survey}
}

@mastersthesis{jwthesis,
    author = {Jadon Wagstaff},
    title = {Regionalized Models with Spatially Continuous Predictions at the Borders},
    school = {Utah State University},
    year = {2021},
    publisher = {All Graduate Theses and Dissertations},
    note = {Document No. 8065.},
    url = {https://doi.org/10.26076/f25f-3104}
}

@Manual{remap,
    title = {{remap}: Regional Spatial Modeling with Continuous Borders},
    year = {2022},
    author = {Jadon Wagstaff},
    note = {R package version 0.3.0},
    url = {https://CRAN.R-project.org/package=remap},
  }

@article{wager2014confidence,
  title={Confidence intervals for random forests: The jackknife and the infinitesimal jackknife},
  author={Wager, Stefan and Hastie, Trevor and Efron, Bradley},
  journal={The Journal of Machine Learning Research},
  volume={15},
  number={1},
  pages={1625--1651},
  year={2014},
  url = {http://jmlr.org/papers/v15/wager14a.html}
}

@Article{wickham2019,
    title = {Welcome to the {tidyverse}},
    author = {Hadley Wickham and Mara Averick and Jennifer Bryan and Winston Chang and Lucy D'Agostino McGowan and Romain François and Garrett Grolemund and Alex Hayes and Lionel Henry and Jim Hester and Max Kuhn and Thomas Lin Pedersen and Evan Miller and Stephan Milton Bache and Kirill Müller and Jeroen Ooms and David Robinson and Dana Paige Seidel and Vitalie Spinu and Kohske Takahashi and Davis Vaughan and Claus Wilke and Kara Woo and Hiroaki Yutani},
    year = {2019},
    journal = {Journal of Open Source Software},
    volume = {4},
    number = {43},
    pages = {1686},
    url = {https://doi.org/10.21105/joss.01686}
}


@Manual{wilke2020,
    title = {{cowplot}: Streamlined Plot Theme and Plot Annotations for {ggplot2}},
    author = {Claus O. Wilke},
    year = {2020},
    note = {R package version 1.1.1},
    url = {https://CRAN.R-project.org/package=cowplot},
}


% splines on sphere
@article{Wood2003,
  title={Thin Plate Regression Splines},
  author={Wood, Simon N},
  journal={Journal of the Royal Statistical Society: Series B (Statistical Methodology)},
  volume={65},
  number={1},
  pages={95-114},
  year={2003},
  url = {https://doi.org/10.1111/1467-9868.00374}
}


% mgcv package
@Article{wood2011,
    title = {Fast Stable Restricted Maximum Likelihood and Marginal 
Likelihood Estimation of Semiparametric Generalized Linear Models},
    journal = {Journal of the Royal Statistical Society (B)},
    url = {https://doi.org/10.1111/j.1467-9868.2010.00749.x},
    volume = {73},
    number = {1},
    pages = {3-36},
    year = {2011},
    author = {S. N. Wood},
}

