@Book{Nolan+TempleLang:2014,
 title = {{XML and Web Technologies for Data Sciences with R}},
 publisher = {Springer},
 year = {2014},
 author = {D. Nolan and D. {Temple Lang}},
 address = {New York}
}

@Manual{R:2013,
       title        = {R: A Language and Environment for Statistical Computing},
       author       = {{R Development Core Team}},
       organization = {R Foundation for Statistical Computing},
       address      = {Vienna, Austria},
       year         = {2013},
       note         = {{ISBN} 3-900051-07-0},
       url          = {http://www.R-project.org}
}
     

@TechReport{Gentleman+TempleLang:2004,
 author = {R. Gentleman and D. {Temple Lang}},
 title = {Statistical analyses and reproducible research},
 institution = {Bioconductor Project Working Papers},
 year = {2004},
 number = {2},
 url = {http://biostats.bepress.com/bioconductor/paper2/}
}


@article{Koenker+Zeileis:2009,
  title={On reproducible econometric research},
  author={R. Koenker and A. Zeileis},
  journal={Journal of Applied Econometrics},
  volume={24},
  number={5},
  pages={833--847},
  year={2009}
}

@article{Pebesma:2012,
  title={The {R} software environment in reproducible geoscientific research},
  author={E. Pebesma and D. N{\"u}st, Daniel and R. Bivand},
  journal={Eos Transactions American Geophysical Union},
  volume={93},
  number={16},
  pages={163--163},
  year={2012}
}


@article{Peng:2009,
  title={Reproducible research and {Biostatistics}},
  author={R. D. Peng},
  journal={Biostatistics},
  volume={10},
  number={3},
  pages={405--408},
  year={2009}
}


