@book{jolliffe2002principal,
  author =        {Jolliffe, I.T.},
  edition =       {2nd},
  publisher =     {Springer},
  series =        {Springer Series in Statistics},
  title =         {Principal Component Analysis},
  year =          {2002},
  doi =           {10.1007/b98835},
}

@book{montgomery2010applied,
  author =        {Montgomery, Douglas C and Runger, George C},
  edition =       {6th},
  publisher =     {John Wiley \& Sons},
  title =         {Applied Statistics and Probability for Engineers},
  year =          {2014},
}

@book{gibbons2011nonparametric,
  address =       {Boca Raton, FL, USA},
  author =        {Gibbons, Jean Dickinson and Chakraborti, Subhabrata},
  edition =       {5th},
  month =         jul,
  publisher =     {Chapman and Hall/CRC},
  series =        {Statistics: Textbooks \& Monographs},
  title =         {Nonparametric Statistical Inference},
  year =          {2010},
}

@article{massey1951kolmogorov,
  author =        {Massey Jr, Frank J},
  journal =       {Journal of the American Statistical Association},
  number =        {253},
  pages =         {68--78},
  publisher =     {Taylor \& Francis Group},
  title =         {The {Kolmogorov-Smirnov} test for goodness of fit},
  volume =        {46},
  year =          {1951},
}

@article{kruskal1952use,
  author =        {Kruskal, William H and Wallis, W Allen},
  journal =       {Journal of the American Statistical Association},
  number =        {260},
  pages =         {583--621},
  publisher =     {Taylor \& Francis},
  title =         {Use of Ranks in One-Criterion Variance Analysis},
  volume =        {47},
  year =          {1952},
  doi =           {10.1080/01621459.1952.10483441},
}

@book{krzanowski1998,
  address =       {New York, USA},
  author =        {Krzanowski, W. J.},
  publisher =     {Oxford University Press},
  title =         {Principles of Multivariate Analysis: A User's
                   Perspective},
  year =          {1988},
}

@book{tabachnick2013using,
  author =        {Tabachnick, Barbara G and Fidell, Linda S},
  edition =       {6th},
  month =         jul,
  publisher =     {Pearson},
  title =         {Using Multivariate Statistics},
  year =          {2013},
}

@article{mielke1976multi,
  author =        {Mielke Jr, Paul W and Berry, Kenneth J and
                   Johnson, Earl S},
  journal =       {Communications in Statistics -- Theory and Methods},
  month =         jan,
  number =        {14},
  pages =         {1409--1424},
  publisher =     {Taylor \& Francis},
  title =         {Multi-response permutation procedures for a priori
                   classifications},
  volume =        {5},
  year =          {1976},
  doi =           {10.1080/03610927608827451},
}

@article{clarke1993nonparametric,
  author =        {Clarke, K. R.},
  journal =       {Australian Journal of Ecology},
  month =         mar,
  number =        {1},
  pages =         {117--143},
  publisher =     {Wiley-Blackwell},
  title =         {Non-parametric multivariate analyses of changes in
                   community structure},
  volume =        {18},
  year =          {1993},
  doi =           {10.1111/j.1442-9993.1993.tb00438.x},
}

@article{anderson2001new,
  author =        {Anderson, Marti J},
  journal =       {Austral Ecology},
  month =         feb,
  number =        {1},
  pages =         {32--46},
  publisher =     {Wiley Online Library},
  title =         {A new method for non-parametric multivariate analysis
                   of variance},
  volume =        {26},
  year =          {2001},
  doi =           {10.1111/j.1442-9993.2001.01070.pp.x},
}

@manual{vegan2016,
  author =        {Jari Oksanen and F. Guillaume Blanchet and
                   Michael Friendly and Roeland Kindt and
                   Pierre Legendre and Dan McGlinn and Peter R. Minchin and
                   R. B. O'Hara and Gavin L. Simpson and Peter Solymos and
                   M. Henry H. Stevens and Eduard Szoecs and
                   Helene Wagner},
  note =          {R package version 2.4-1},
  title =         {vegan: Community Ecology Package},
  year =          {2016},
  url =           {https://CRAN.R-project.org/package=vegan},
}

@manual{talbert2016blossom,
  author =        {Marian Talbert and Jon Richards and Paul Mielke and
                   Brian Cade},
  note =          {R package version 1.4},
  title =         {Blossom: Statistical Comparisons with
                   Distance-Function Based Permutation Tests},
  year =          {2016},
  url =           {https://CRAN.R-project.org/package=Blossom},
}

@article{szekely2004testing,
  author =        {Sz{\'e}kely, G{\'a}bor J and Rizzo, Maria L},
  journal =       {InterStat},
  month =         nov,
  pages =         {1--6},
  title =         {Testing for equal distributions in high dimension},
  volume =        {5},
  year =          {2004},
}

@manual{rizzo2016energy,
  author =        {Maria L. Rizzo and Gabor J. Szekely},
  note =          {R package version 1.7-0},
  title =         {energy: E-Statistics: Multivariate Inference via the
                   Energy of Data},
  year =          {2016},
  url =           {https://CRAN.R-project.org/package=energy},
}

@article{rosenbaum2005exact,
  author =        {Rosenbaum, Paul R},
  journal =       {Journal of the Royal Statistical Society: Series B
                   (Statistical Methodology)},
  month =         sep,
  number =        {4},
  pages =         {515--530},
  publisher =     {Wiley-Blackwell},
  title =         {An exact distribution-free test comparing two
                   multivariate distributions based on adjacency},
  volume =        {67},
  year =          {2005},
  doi =           {10.1111/j.1467-9868.2005.00513.x},
}

@manual{heller2012crossmatch,
  author =        {Ruth Heller and Dylan Small and Paul Rosenbaum},
  note =          {R package version 1.3-1},
  title =         {crossmatch: The Cross-Match Test},
  year =          {2012},
  url =           {https://CRAN.R-project.org/package=crossmatch},
}

@manual{franz2014cramer,
  author =        {Carsten Franz},
  note =          {R package version 0.9-1},
  title =         {cramer: Multivariate Nonparametric {C}ramer-Test for
                   the Two-Sample-Problem},
  year =          {2014},
  url =           {https://CRAN.R-project.org/package=cramer},
}

@article{baringhaus2004new,
  author =        {Baringhaus, L and Franz, C},
  journal =       {Journal of Multivariate Analysis},
  month =         jan,
  number =        {1},
  pages =         {190--206},
  title =         {On a new multivariate two-sample test},
  volume =        {88},
  year =          {2004},
  doi =           {10.1016/s0047-259x(03)00079-4},
}

@article{duong2012closed,
  author =        {Duong, Tarn and Goud, Bruno and Schauer, Kristine},
  journal =       {Proceedings of the National Academy of Sciences},
  month =         may,
  number =        {22},
  pages =         {8382--8387},
  title =         {Closed-form density-based framework for automatic
                   detection of cellular morphology changes},
  volume =        {109},
  year =          {2012},
  doi =           {10.1073/pnas.1117796109},
}

@manual{duong2016ks,
  author =        {Tarn Duong},
  note =          {R package version 1.10.4},
  title =         {ks: Kernel Smoothing},
  year =          {2016},
  url =           {https://CRAN.R-project.org/package=ks},
}

@article{shaffer1995multiple,
  author =        {Shaffer, Juliet Popper},
  journal =       {Annual Review of Psychology},
  month =         feb,
  pages =         {561--584},
  publisher =     {Annual Reviews 4139 El Camino Way, PO Box 10139, Palo
                   Alto, CA 94303-0139, USA},
  title =         {Multiple hypothesis testing},
  volume =        {46},
  year =          {1995},
  doi =           {10.1146/annurev.ps.46.020195.003021},
}

@article{rosenthal1983ensemble,
  author =        {Rosenthal, Robert and Rubin, Donald B},
  journal =       {Psychological Bulletin},
  number =        {3},
  pages =         {540--541},
  publisher =     {American Psychological Association},
  title =         {Ensemble-adjusted $p$ values},
  volume =        {94},
  year =          {1983},
  doi =           {10.1037/0033-2909.94.3.540},
}

@article{fachada2015model,
  author =	 {Fachada, Nuno and Lopes, Vitor V. and Martins, Rui
                  C. and Rosa, Agostinho C.},
  journal =	 {Simulation Modelling Practice and Theory},
  volume =	 72,
  month =	 mar,
  pages =	 {131--149},
  title =	 {Model-independent comparison of simulation output},
  year =	 {2017},
  doi =		 {10.1016/j.simpat.2016.12.013},
}

@article{berg2006centering,
  author =        {Berg, Robert A and Hoefsloot, Huub CJ and
                   Westerhuis, Johan A and Smilde, Age K and
                   Werf, Mari{\"e}t J},
  journal =       {BMC Genomics},
  number =        {1},
  pages =         {142},
  publisher =     {BioMed Central},
  title =         {Centering, scaling, and transformations: improving
                   the biological information content of metabolomics
                   data},
  volume =        {7},
  year =          {2006},
  doi =           {10.1186/1471-2164-7-142},
}

@article{fachada2015template,
  author =        {Fachada, Nuno and Lopes, Vitor V. and Martins, Rui C. and
                   Rosa, Agostinho C.},
  journal =       {PeerJ Computer Science},
  month =         nov,
  pages =         {e36},
  publisher =     {PeerJ Inc.},
  title =         {Towards a standard model for research in agent-based
                   modeling and simulation},
  volume =        {1},
  year =          {2015},
  doi =           {10.7717/peerj-cs.36},
}

@manual{silva2015biotools,
  author =        {Anderson Rodrigo da Silva},
  note =          {R package version 3.0},
  title =         {biotools: Tools for Biometry and Applied Statistics
                   in Agricultural Science},
  year =          {2016},
  url =           {https://CRAN.R-project.org/package=biotools},
}

@article{korkmaz2014mvn,
  author =        {Selcuk Korkmaz and Dincer Goksuluk and
                   Gokmen Zararsiz},
  journal =       {The R Journal},
  number =        {2},
  pages =         {151--162},
  title =         {{MVN}: An {R} Package for Assessing Multivariate
                   Normality},
  volume =        {6},
  year =          {2014},
  url =           {http://journal.R-project.org/archive/2014-2/korkmaz-goksuluk-zararsiz.pdf},
}

@article{wickham2011testthat,
  author =        {Hadley Wickham},
  journal =       {The R Journal},
  pages =         {5--10},
  title =         {testthat: Get Started with Testing},
  volume =        {3},
  year =          {2011},
  url =           {http://journal.R-project.org/archive/2011-1/RJournal_2011-1_Wickham.pdf},
}

@book{xie2015dynamic,
  author =        {Xie, Yihui},
  edition =       {2nd},
  publisher =     {CRC Press},
  title =         {Dynamic Documents with {R} and knitr},
  year =          {2015},
}

@manual{wickham2015roxygen2,
  author =        {Hadley Wickham and Peter Danenberg and
                   Manuel Eugster},
  note =          {R package version 5.0.1},
  title =         {roxygen2: In-Source Documentation for {R}},
  year =          {2015},
  url =           {https://CRAN.R-project.org/package=roxygen2},
}

@article{mcleod2013optimal,
  author =        {A. I. McLeod and Hyukjun Gweon},
  journal =       {Journal of Environmental Statistics},
  number =        {11},
  title =         {Optimal Deseasonalization for Monthly and Daily
                   Geophysical Time Series},
  volume =        {4},
  year =          {2013},
  url =           {http://www.jenvstat.org/v04/i11},
}

@article{edmonds2003replication,
  author =        {Edmonds, Bruce and Hales, David},
  journal =       {Journal of Artificial Societies and Social
                   Simulation},
  number =        {4},
  pages =         {11},
  title =         {Replication, Replication and Replication: Some Hard
                   Lessons from Model Alignment},
  volume =        {6},
  year =          {2003},
  url =           {http://jasss.soc.surrey.ac.uk/6/4/11.html},
}

@article{wilensky2007making,
  author =        {Wilensky, Uri and Rand, William},
  journal =       {Journal of Artificial Societies and Social
                   Simulation},
  number =        {4},
  pages =         {2},
  title =         {Making models match: Replicating an agent-based
                   model},
  volume =        {10},
  year =          {2007},
  url =           {http://jasss.soc.surrey.ac.uk/10/4/2.html},
}

@article{thiele2015replicating,
  author =        {Thiele, Jan C and Grimm, Volker},
  journal =       {Oikos},
  number =        {6},
  pages =         {691--696},
  publisher =     {Blackwell Publishing Ltd},
  title =         {Replicating and breaking models: Good for you and
                   good for ecology},
  volume =        {124},
  year =          {2015},
  doi =           {10.1111/oik.02170},
}

@incollection{david2013validating,
  author =        {David, Nuno},
  booktitle =     {Simulating Social Complexity},
  pages =         {135--171},
  publisher =     {Springer Berlin Heidelberg},
  series =        {Understanding Complex Systems},
  title =         {Validating simulations},
  year =          {2013},
  doi =           {10.1007/978-3-540-93813-2\_8},
}

@article{fachada2015parallelization,
  author =        {Fachada, Nuno and Lopes, Vitor V. and Martins, Rui C. and
                   Rosa, Agostinho C.},
  journal =       {International Journal of Parallel Programming},
  pages =         {1--33},
  title =         {Parallelization strategies for spatial agent-based
                   models},
  year =          {{in press}},
  doi =           {10.1007/s10766-015-0399-9},
}

@manual{wilensky1999compat,
  address =       {Evanston, IL, USA},
  author =        {Wilensky, U.},
  organization =  {Center for Connected Learning and Computer-Based
                   Modeling, Northwestern University},
  title =         {{NetLogo}},
  year =          {1999},
  url =           {http://ccl.northwestern.edu/netlogo/},
}

@manual{fear2005booktabsmanual,
  author =        {Simon Fear},
  month =         apr,
  title =         {Publication Quality Tables in {\LaTeX}},
  year =          {2005},
  url =           {https://www.ctan.org/pkg/booktabs},
}

@manual{sunspots,
  address =       {Brussels, Belgium},
  month =         apr,
  organization =  {WDC-SILSO, Solar Influences Data Analysis Center
                   (SIDC), Royal Observatory of Belgium},
  title =         {Sunspot Number},
  year =          {2016},
  url =           {http://www.sidc.be/silso/datafiles},
}

@book{hipel1994time,
  author =        {Hipel, Keith W and McLeod, A Ian},
  publisher =     {Elsevier},
  title =         {Time Series Modelling of Water Resources and
                   Environmental Systems},
  year =          {1994},
}

@inproceedings{mendonca2013ph2,
  author =        {Teresa Mendon{\c{c}}a and Pedro M. Ferreira and
                   Jorge Marques and Andr{\'e} R. S. Marcal and
                   Jorge Rozeira},
  booktitle =     {35th International Conference of the IEEE Engineering
                   in Medicine and Biology Society (EMBC)},
  month =         jul,
  organization =  {IEEE},
  pages =         {5437--5440},
  title =         {{PH}\textsuperscript{2} -- A dermoscopic image
                   database for research and benchmarking},
  year =          {2013},
  doi =           {10.1109/EMBC.2013.6610779},
}

@article{barata2014two,
  author =        {Barata, Catarina and Ruela, Margarida and
                   Francisco, Matthew and Mendon{\c{c}}a, Teresa and
                   Marques, Jorge S},
  journal =       {IEEE Systems Journal},
  month =         sep,
  number =        {3},
  pages =         {965--979},
  publisher =     {IEEE},
  title =         {Two systems for the detection of melanomas in
                   dermoscopy images using texture and color features},
  volume =        {8},
  year =          {2014},
  doi =           {10.1109/JSYST.2013.2271540},
}

@Manual{micompr,
  title =	 {micompr: Multivariate Independent Comparison of
                  Observations},
  author =	 {Nuno Fachada},
  year =	 {2016},
  note =	 {R package version 1.0.1},
  url =		 {https://CRAN.R-project.org/package=micompr},
}




