@article{StramLee1994,
    title = {Variance Components Testing in the Longitudinal Mixed Effects Model},
    author = {Daniel O. Stram and Jae Won Lee},
    journal = {Biometrics},
    year = {1994},
    pages = {1171--1177},
    volume = {50},
  }

@article{GelmanRubin1992,
    title = {Inference from iterative simulation using multiple sequences},
    author = {A Gelman and D B Rubin},
    journal = {Statistical Science},
    year = {1992},
    pages = {457--511},
    volume = {7},
  }

@article{BrookGelman1997,
    title = {General methods for monitoring convergence of iterative simulations},
    author = {S P Brooks and A Gelman},
    journal = {Journal of Computational and Graphical Statistics},
    year = {1997},
    pages = {434--455},
    volume = {7},
  }

@article{Lunn2009,
    title = {The {BUGS} project: Evolution, critique and future directions},
    author = {David Lunn and David Spiegelhalter and Andrew Thomas and Nicky Best},
    journal = {Statistics in Medicine},
    year = {2009},
    pages = {3049--3067},
    volume = {28},
    note = {with discussion},
  }

@BOOK{Gause1934,
    AUTHOR = {G F Gause},
    YEAR = "1934",
    TITLE = {The struggle for existence},
    PUBLISHER = {Wilkins},
    ADDRESS = "Baltimore, Maryland, USA"
    }

@article{Brooks1995,
    title = {Optimization using simulated annealing},
    author = {S P Brooks and B J T Morgan},
    journal = {Statistician},
    year = {1995},
    pages = {44},
    volume = {241--257},
  }

@article{Lele2010,
    title = {Estimability and likelihood inference for generalized linear mixed models using data cloning},
    author = {S R Lele and K Nadeem and B Schmuland},
    journal = {Journal of the American Statistical Association},
    year = {2010},
    pages = {},
    volume = {},
    note = {in press},
  }

@Manual{Solymos2010,
    title = {dclone: Data Cloning and {MCMC} Tools for Maximum Likelihood Methods},
    author = {Peter S{\'o}lymos},
    year = {2010},
    note = {R package version 1.2-0},
    url = {http://cran.r-project.org/packages=dclone},
  }

@article{Lele2007,
    title = {Data cloning: easy maximum likelihood estimation for complex ecological 
        models using {B}ayesian {M}arkov chain {M}onte {C}arlo  methods},
    author = {S R Lele and B Dennis and F Lutscher},
    journal = {Ecology Letters},
    year = {2007},
    pages = {551--563},
    volume = {10},
  }

@article{Ponciano2009,
    title = {Hierarchical models in ecology: confidence intervals, 
        hypothesis testing, and model selection using data cloning},
    author = {Jos{\'e} Miguel Ponciano and Mark L. Taper and Brian Dennis and Subhash R. Lele},
    journal = {Ecology},
    year = {2009},
    pages = {356--362},
    volume = {90},
  }

@article{Hobson2002,
    title = {Breeding bird communities in boreal forest of western {C}anada: 
        Consequences of ``unmixing'' the mixedwoods},
    author = {K A Hobson and E M Bayne},
    journal = {Condor},
    year = {2002},
    pages = {759--769},
    volume = {102},
  }

@Manual{Plummer2009rjags,
    title = {rjags: Bayesian graphical models using {MCMC}},
    author = {Martyn Plummer},
    year = {2010},
    note = {R package version 2.0.0-2},
    url = {http://mcmc-jags.sourceforge.net},
  }

@article{Sturtz2005,
    title = {{R2WinBUGS}: A Package for Running {WinBUGS} from {R}},
    author = {Sibylle Sturtz and Uwe Ligges and Andrew Gelman},
    journal = {Journal of Statistical Software},
    year = {2005},
    pages = {1--16},
    number = {3},
    volume = {12},
    url = {http://www.jstatsoft.org},
  }

@article{Thomas2006,
    title = {Making {BUGS} Open},
    author = {Andrew Thomas and Bob O'Hara and Uwe Ligges and Sibylle Sturtz},
    journal = {R News},
    year = {2006},
    pages = {12--17},
    number = {1},
    volume = {6},
    url = {http://cran.r-project.org/doc/Rnews/},
  }

@Manual{Rcore2009,
    title = {R: A Language and Environment for Statistical Computing},
    author = {{R Development Core Team}},
    organization = {R Foundation for Statistical Computing},
    address = {Vienna, Austria},
    year = {2009},
    note = {{ISBN} 3-900051-07-0},
    url = {http://www.R-project.org},
  }

@Manual{Plummer2008coda,
    title = {coda: Output analysis and diagnostics for {MCMC}},
    author = {Martyn Plummer and Nicky Best and Kate Cowles and Karen Vines},
    year = {2010},
    note = {R package version 0.13-5},
    url = {http://cran.r-project.org/web/packages/coda/index.html}
  }

@BOOKLET{Spiegelhalter2003WinBUGS,
    AUTHOR = {Spiegelhalter, D. J. and Thomas, A. and Best, N. G. and Lunn, D.},
    TITLE = {{WinBUGS} Version 1.4 Users Manual},
    YEAR = 2003,
    ADDRESS = {Cambridge},
    HOWPUBLISHED = {MRC Biostatistics Unit},
    URL = {http://www.mrc-bsu.cam.ac.uk/bugs/}
    }

@Manual{Plummer2009JAGS,
    AUTHOR = {Martyn Plummer},
    TITLE = {{JAGS} Version 2.0.0 manual (April 26, 2010)},
    YEAR = 2010,
    URL = {http://mcmc-jags.sourceforge.net}
    }

@Manual{Spiegelhalter2007OpenBUGS,
    AUTHOR = {David Spiegelhalter and Andrew Thomas and Nicky Best and Dave Lunn},
    TITLE = {{OpenBUGS} User Manual, Version 3.0.2, September 2007},
    YEAR = 2007,
    URL = {http://mathstat.helsinki.fi/openbugs/}
    }








@ARTICLE{Brooks;Gelman:1998,
    AUTHOR = {Brooks, Stephen B. and Gelman, Andrew},
    TITLE = {General Methods for Monitoring Convergence of Iterative Simulations},
    JOURNAL = {Journal of Computational and Graphical Statistics},
    VOLUME = 7,
    PAGES = {434--455},
    YEAR = 1998
    }

@ARTICLE{Casella;George:1992,
    AUTHOR = {Casella, G. and George, E.},
    YEAR = 1992,
    TITLE = {Explaining the {G}ibbs {S}ampler},
    JOURNAL = {American Statistician},
    VOLUME = 46,
    PAGES = {167--174}
    }

 @ARTICLE{Gelman:2004,
    AUTHOR = {Gelman, A.},
    YEAR = 2004,
    TITLE = {Exploratory Data Analysis for Complex Models (with Discussion)},
    JOURNAL = {Journal of Computational and Graphical Statistics},
    VOLUME = {13},
    NUMBER = {4},
    PAGES = {755--779}
    }

@ARTICLE{Gelman;Rubin:1992,
    AUTHOR = {Gelman, Andrew and Rubin, D.},
    YEAR = 1992,
    TITLE = {Inference from Iterative Simulation Using Multiple Sequences},
    JOURNAL = {Statistical Science},
    VOLUME = 7,
    PAGES = {457--511}
    }

@ARTICLE{Green:1995,
    AUTHOR = {Green, P. J.},
    TITLE = {Reversible Jump {M}arkov Chain {M}onte {C}arlo Computation and {B}ayesian Model Determination},
    JOURNAL = {Biometrika},
    VOLUME = {82},
    PAGES = {711--732},
    YEAR = 1995
    }

@ARTICLE{Metropolis;Rosenbluth;Rosenbluth;Teller;Teller:1953,
    AUTHOR ={Metropolis, N. and Rosenbluth, A.W. and Rosenbluth, M.N. and Teller, H. and Teller, E.},
    TITLE = {Equation of State Calculations by Fast Computing Machines},
    JOURNAL= {Journal of Chemical Physics},
    VOLUME = {21},
    PAGES = {1087--1092},
    YEAR = 1953
    }

@ARTICLE{Spiegelhalter;Best;Carlin;vdLinde:2002,
    AUTHOR = {Spiegelhalter, D. J. and Best, N. G. and Carlin, B. P. and van der Linde, A.},
    TITLE = {{Bayesian Measures of Complexity and Fit}},
    JOURNAL = {Journal of the Royal Statistical Society, SeriesB},
    VOLUME = {64},
    PAGES = {583--639},
    YEAR = 2002
    }

@BOOK{Gelman:2003,
    AUTHOR = {Gelman, A. and Carlin, J.B. and Stern, H.S. and Rubin, D.B.},
    YEAR = "2003",
    TITLE = {Bayesian Data Analysis},
    EDITION = "2",
    PUBLISHER = {{CRC Press}},
    ADDRESS = "Boca Raton"
    }

@BOOK{Gilks;Richardson;Spiegelhalter:1996,
    AUTHOR = {Gilks,W.R. and Richardson, S. and Spiegelhalter, D.J.},
    TITLE = {{M}arkov {C}hain {M}onte {C}arlo in {P}ractice},
    PUBLISHER = {Chapman \& Hall},
    ADDRESS = {London},
    YEAR = 1996
    }

@Manual{Smith:2004,
    title = {\pkg{boa}: {Bayesian Output Analysis Program (BOA) for MCMC}},
    author = {Brian J. Smith},
    year = {2004},
    note = {R package version 1.1.2-1},
    url = {http://www.public-health.uiowa.edu/boa},
}

