@InProceedings{amanatides1987fast,
  title = {A Fast Voxel Traversal Algorithm for Ray Tracing},
  author = {John Amanatides and Andrew Woo and {others}},
  booktitle = {Eurographics},
  volume = {87},
  number = {3},
  pages = {3--10},
  year = {1987},
}

@Book{asdar,
  author = {Roger S. Bivand and Edzer Pebesma and Virgilio Gomez-Rubio},
  title = {Applied Spatial Data Analysis with {R}, Second Edition},
  year = {2013},
  publisher = {Springer-Verlag},
  url = {http://www.asdar-book.org/},
}

@Article{sp,
  title = {Classes and Methods for Spatial Data: The Sp Package},
  author = {Edzer Pebesma and Roger S Bivand},
  journal = {R news},
  volume = {5},
  number = {2},
  pages = {9--13},
  year = {2005},
  url = {https://CRAN.R-project.org/doc/Rnews/},
}

@Book{beckers2013solar,
  title = {Solar Energy at Urban Scale},
  author = {Benoit Beckers},
  year = {2013},
  publisher = {John Wiley \& Sons},
}

@Article{biljecki2015applications,
  title = {Applications of {3D} City Models: State of the Art Review},
  author = {Filip Biljecki and Jantien Stoter and Hugo Ledoux and Sisi Zlatanova and Arzu Çöltekin},
  journal = {ISPRS International Journal of Geo-Information},
  volume = {4},
  number = {4},
  pages = {2842--2889},
  year = {2015},
  publisher = {Multidisciplinary Digital Publishing Institute},
  url = {https://doi.org/10.3390/ijgi4042842},
}

@Article{biljecki2016improved,
  title = {An Improved {LOD} Specification for {3D} Building Models},
  author = {Filip Biljecki and Hugo Ledoux and Jantien Stoter},
  journal = {Computers, Environment and Urban Systems},
  volume = {59},
  pages = {25--37},
  year = {2016},
  publisher = {Elsevier},
  url = {https://doi.org/10.1016/j.compenvurbsys.2016.04.005},
}

@Article{bourbia2010impact,
  title = {Impact of Street Design on Urban Microclimate for Semi  Arid Climate ({Constantine})},
  author = {F Bourbia and F Boucheriba},
  journal = {Renewable Energy},
  volume = {35},
  number = {2},
  pages = {343--347},
  year = {2010},
  publisher = {Elsevier},
  url = {https://doi.org/10.1016/j.renene.2009.07.017},
}

@Book{erell2012urban,
  title = {Urban Microclimate: Designing the Spaces between  Buildings},
  author = {Evyatar Erell and David Pearlmutter and Terence Williamson},
  year = {2011},
  publisher = {Earthscan/James \& James Science Publishers},
  pagetotal = {266},
  url = {https://doi.org/10.4324/9781849775397},
}

@Manual{esri2017arcgis,
  title = {ArcGIS Desktop: Release 10.5},
  author = {{ESRI}},
  organization = {Environmental Systems Research Institute, CA},
  year = {2017},
  url = {https://www.arcgis.com},
}

@Article{freitas2015modelling,
  title = {Modelling Solar Potential in the Urban Environment:  State-of-the-Art Review},
  author = {Sara Freitas and C Catita and Paula Redweik and Miguel Centeno Brito},
  journal = {Renewable and Sustainable Energy Reviews},
  volume = {41},
  pages = {915--931},
  year = {2015},
  publisher = {Elsevier},
  url = {https://doi.org/10.1016/j.rser.2014.08.060},
}

@InProceedings{fu1999design,
  title = {Design and Implementation of the {Solar Analyst}: An {ArcView}  Extension for Modeling Solar Radiation at Landscape  Scales},
  author = {Pinde Fu and Paul M Rich},
  booktitle = {Proceedings of the Nineteenth Annual ESRI User  Conference},
  pages = {1--31},
  year = {1999},
}

@Article{gal2014new,
  title = {A New Software Tool for {SVF} Calculations Using Building  and Tree-Crown Databases},
  author = {T Gál and János Unger},
  journal = {Urban Climate},
  volume = {10},
  pages = {594--606},
  year = {2014},
  publisher = {Elsevier},
  url = {https://doi.org/10.1016/j.uclim.2014.05.004},
}

@Book{givoni1998climate,
  title = {Climate Considerations in Building and Urban Design},
  author = {Baruch Givoni},
  year = {1998},
  publisher = {John Wiley \& Sons},
}

@Manual{GRASS_GIS_software,
  title = {Geographic Resources Analysis Support System (GRASS GIS)  Software, Version 7.2},
  author = {{GRASS Development Team}},
  organization = {Open Source Geospatial Foundation},
  year = {2017},
  url = {http://grass.osgeo.org},
}

@Article{grimmond2001rapid,
  title = {Rapid Methods to Estimate Sky-View Factors Applied to  Urban Areas},
  author = {CSB Grimmond and SK Potter and HN Zutter and C Souch},
  journal = {International Journal of Climatology},
  volume = {21},
  number = {7},
  pages = {903--913},
  year = {2001},
  publisher = {John Wiley \& Sons},
  url = {https://doi.org/10.1002/joc.659},
}

@Article{groger2012citygml,
  title = {{CityGML}--{Interoperable} Semantic {3D} City Models},
  author = {Gerhard Gröger and Lutz Plümer},
  journal = {ISPRS Journal of Photogrammetry and Remote Sensing},
  volume = {71},
  pages = {12--33},
  year = {2012},
  publisher = {Elsevier},
  url = {https://doi.org/10.1016/j.isprsjprs.2012.04.004},
}

@Article{haklay2008openstreetmapdor,
  title = {{OpenStreetMap}: User-Generated Street Maps},
  author = {Mordechai Haklay and Patrick Weber},
  journal = {IEEE Pervasive Computing},
  volume = {7},
  number = {4},
  pages = {12--18},
  year = {2008},
  publisher = {Ieee},
  url = {https://doi.org/10.1109/MPRV.2008.80},
}

@InProceedings{hofierka2002solar,
  title = {The Solar Radiation Model for {Open} Source {GIS}:  Implementation and Applications},
  author = {Jaroslav Hofierka and Marcel Suri},
  booktitle = {Proceedings of the Open Source GIS-GRASS Users  Conference},
  volume = {2002},
  pages = {51--70},
  year = {2002},
}

@Article{hofierka2012new,
  title = {A New {3-D} Solar Radiation Model for {3-D} City Models},
  author = {Jaroslav Hofierka and Marian Zlocha},
  journal = {Transactions in GIS},
  volume = {16},
  number = {5},
  pages = {681--690},
  year = {2012},
  publisher = {John Wiley \& Sons},
  url = {https://doi.org/10.1111/j.1467-9671.2012.01337.x},
}

@Manual{insol,
  title = {Insol: Solar Radiation},
  author = {Javier G. Corripio},
  year = {2014},
  note = {R package version 1.1.1},
  url = {https://CRAN.R-project.org/package=insol},
}

@Article{kumar1997modelling,
  title = {Modelling Topographic Variation in Solar Radiation in a  {GIS} Environment},
  author = {Lalit Kumar and Andrew K Skidmore and Edmund Knowles},
  journal = {International Journal of Geographical Information  Science},
  volume = {11},
  number = {5},
  pages = {475--497},
  year = {1997},
  publisher = {Taylor \& Francis},
  url = {https://doi.org/10.1080/136588197242266},
}

@Article{liang2015open,
  title = {An Open-Source {3D} Solar Radiation Model Integrated with a  {3D} {Geographic} {Information} {System}},
  author = {Jianming Liang and Jianhua Gong and Jieping Zhou and Abdoul Nasser Ibrahim and Ming Li},
  journal = {Environmental Modelling \& Software},
  volume = {64},
  pages = {94--101},
  year = {2015},
  publisher = {Elsevier},
  url = {https://doi.org/10.1016/j.envsoft.2014.11.019},
}

@Article{lindberg2018urban,
  title = {{Urban} {Multi-Scale} {Environmental} {Predictor} ({UMEP}): An  Integrated Tool for City-Based Climate Services},
  author = {Fredrik Lindberg and C Sue B Grimmond and Andrew Gabey and Bei Huang and Christoph W Kent and Ting Sun and Natalie E Theeuwes and Leena Järvi and Helen C Ward and Izzy Capel-Timms and {others}},
  journal = {Environmental Modelling \& Software},
  volume = {99},
  pages = {70--87},
  year = {2018},
  publisher = {Elsevier},
  url = {https://doi.org/10.1016/j.envsoft.2017.09.020},
}

@Manual{maptools,
  title = {Maptools: Tools for Reading and Handling Spatial Objects},
  author = {Roger Bivand and Nicholas Lewin-Koh},
  year = {2017},
  note = {R package version 0.9-2},
  url = {https://CRAN.R-project.org/package=maptools},
}

@Manual{plot3d,
  title = {plot3D: Plotting Multi-Dimensional Data},
  author = {Karline Soetaert},
  year = {2017},
  note = {R package version 1.1.1},
  url = {https://CRAN.R-project.org/package=plot3D},
}

@Article{pusat2015generation,
  title = {Generation of Typical Meteorological Year for Different  Climates of {Turkey}},
  author = {Saban Pusat and İsmail Ekmekçi and Mustafa Tahir Akkoyunlu},
  journal = {Renewable Energy},
  volume = {75},
  pages = {144--151},
  year = {2015},
  publisher = {Elsevier},
  url = {https://doi.org/10.1016/j.renene.2014.09.039},
}

@Manual{QGIS_software,
  title = {QGIS Geographic Information System},
  author = {{QGIS Development Team}},
  organization = {Open Source Geospatial Foundation},
  year = {2017},
  url = {http://qgis.osgeo.org},
}

@Manual{raster,
  title = {Raster: Geographic Data Analysis and Modeling},
  author = {Robert J. Hijmans},
  year = {2017},
  note = {R package version 2.6-7},
  url = {https://CRAN.R-project.org/package=raster},
}

@Article{ratti2004raster,
  title = {Raster Analysis of Urban Form},
  author = {Carlo Ratti and Paul Richens},
  journal = {Environment and Planning B: Planning and Design},
  volume = {31},
  number = {2},
  pages = {297--309},
  year = {2004},
  publisher = {SAGE Publications Sage UK: London, England},
  url = {https://doi.org/10.1068/b2665},
}

@Manual{rcoreteam,
  title = {R: A Language and Environment for Statistical Computing},
  author = {{R Core Team}},
  organization = {R Foundation for Statistical Computing},
  address = {Vienna, Austria},
  year = {2018},
  url = {https://www.R-project.org/},
}

@Article{redweik2013solar,
  title = {Solar Energy Potential on Roofs and Facades in an Urban  Landscape},
  author = {P Redweik and Cristina Catita and Miguel Brito},
  journal = {Solar Energy},
  volume = {97},
  pages = {332--341},
  year = {2013},
  publisher = {Elsevier},
  url = {https://doi.org/10.1016/j.solener.2013.08.036},
}

@Manual{rgeos,
  title = {Rgeos: Interface to Geometry Engine - Open Source  ('GEOS')},
  author = {Roger Bivand and Colin Rundel},
  year = {2017},
  note = {R package version 0.3-26},
  url = {https://CRAN.R-project.org/package=rgeos},
}

@Article{sf,
  author = {Edzer Pebesma},
  title = {{Simple Features for R: Standardized Support for Spatial Vector Data}},
  year = {2018},
  journal = {{The R Journal}},
  url = {https://journal.r-project.org/archive/2018/RJ-2018-009/index.html},
  pages = {439--446},
  volume = {10},
  number = {1},
}

@Manual{shadow,
  title = {Shadow: Geometric Shadow Calculations},
  author = {Michael Dorman},
  year = {2019},
  note = {R package version 0.6.0},
  url = {https://CRAN.R-project.org/package=shadow},
}

@Manual{sketchup,
  title = {SketchUp: Release 17},
  author = {{Google}},
  organization = {Trimble Inc., CA},
  year = {2017},
  url = {https://www.sketchup.com/},
}

@Manual{threejs,
  title = {Threejs: Interactive 3D Scatter Plots, Networks and  Globes},
  author = {B. W. Lewis},
  year = {2017},
  note = {R package version 0.3.1},
  url = {https://CRAN.R-project.org/package=threejs},
}

@Book{van2011python,
  title = {The {Python} Language Reference Manual},
  author = {Guido {Van Rossum} and Fred L Drake},
  year = {2011},
  publisher = {Network Theory Ltd.},
  url = {http://www.network-theory.co.uk/python/language/},
}

@Article{vulkan2018,
  title = {Modelling the Potential for {PV} Installation in Residential Buildings in Dense Urban Areas},
  author = {Adi Vulkan and Itai Kloog and Michael Dorman and Evyatar Erell},
  journal = {Energy and Buildings},
  year = {2018},
  publisher = {Elsevier},
  url = {https://doi.org/10.1016/j.enbuild.2018.03.052},
}

@MastersThesis{weisthal2014,
  title = {Assessment of Potential Energy Savings in Israel Through  Climate-Aware Residential Building Design},
  author = {Morel Weisthal},
  school = {Ben-Gurion University of the Negev, Jacob Blaustein
		  Institutes for Desert Research, Albert Katz International
		  School for Desert Studies},
  year = {2014},
  url = {http://aranne5.bgu.ac.il/others/WeisthalMorel.pdf},
}
@online{energyplus,
  author = {EnergyPlus},
  title = {{EnergyPlus} Weather Data},
  year = 2018,
  url = {https://energyplus.net/weather},
  urldate = {2018-12-30}
}