@Book{KaufmanRousseuw1990,
  title = {Finding Groups in Data: An Introduction to Cluster Analysis},
  author = {Leonard Kaufman and Peter J Rousseeuw},
  publisher = {John Wiley \& Sons},
  address = {New York},
  url = {https://doi.org/10.2307/2532178},
  year = {1990},
}

@Article{fclust,
  author = {Maria Brigida Ferraro and Paolo Giordani},
  journal = {Fuzzy Sets and Systems},
  pages = {1–16},
  title = {A Toolbox for Fuzzy Clustering Using the R Programming Language},
  url = {https://dx.doi.org/10.1016/j.fss.2015.05.001},
  volume = {279},
  year = {2015},
}

@Article{dave2002robust,
  author = {Rajesh N Davé and Sumit Sen},
  journal = {IEEE Transactions on Fuzzy Systems},
  pages = {713–727},
  title = {Robust Fuzzy Clustering of Relational Data},
  volume = {10},
  number = {6},
  url = {https://dx.doi.org/10.1109/TFUZZ.2002.805899},
  year = {2002},
}

@Article{rand1971objective,
  author = {William M Rand},
  journal = {Journal of the American Statistical Association},
  pages = {846–850},
  title = {Objective Criteria for the Evaluation of Clustering Methods},
  volume = {66},
  number = {33},
  url = {https://dx.doi.org/10.2307/2284239},
  year = {1971},
}

@Article{hubert1985comparing,
  author = {Lawrence Hubert and Phipps Arabie},
  journal = {Journal of Classification},
  pages = {193–218},
  title = {Comparing Partitions},
  volume = {2},
  number = {1},
  url = {https://dx.doi.org/10.1007/BF01908075},
  year = {1985},
}

@Article{campello2007fuzzy,
  author = {Ricardo JGB Campello},
  title = {A Fuzzy Extension of the {Rand} Index and Other Related Indexes for Clustering and Classification Assessment},
  journal = {Pattern Recognition Letters},
  pages = {833–841},
  volume = {28},
  number = {7},
  url = {https://dx.doi.org/10.1016/j.patrec.2006.11.010},
  year = {2007},
}

@Article{halkidi2001clustering,
  author = {Maria Halkidi and Yannis Batistakis and Michalis Vazirgiannis},
  title = {On Clustering Validation Techniques},
  journal = {Journal of Intelligent Information Systems},
  pages = {107–145},
  volume = {17},
  number = {2-3},
  url = {https://doi.org/10.1023/A:1012801612483},
  year = {2001},
}

@Article{mclust,
  author = {Luca Scrucca and Michael Fop and T. Brendan Murphy and Adrian E. Raftery},
  title = {{mclust 5: Clustering, Classification and Density Estimation Using Gaussian Finite Mixture Models}},
  year = {2016},
  journal = {{The R Journal}},
  url = {https://journal.r-project.org/archive/2016/RJ-2016-021/index.html},
  pages = {289--317},
  volume = {8},
  number = {1},
}

@Book{bezdek1981objective,
  author = {James C Bezdek},
  title = {Pattern Recognition with Fuzzy Objective Function Algorithms},
  publisher = {Plenum Press},
  address = {New York},
  year = {1981},
}

@Article{dave1991characterization,
  author = {Rajesh N Davé},
  journal = {Pattern Recognition Letters},
  pages = {657–664},
  title = {Characterization and Detection of Noise in Clustering},
  volume = {12},
  number = {11},
  url = {https://doi.org/10.1016/0167-8655(91)90002-4},
  year = {1991},
}

@InProceedings{gustafson1979fuzzy,
  author = {Donald E Gustafson and William C Kessel},
  booktitle = {Proceedings of the 1978 IEEE Conference on Decision and Control Including the 17th Symposium on Adaptive Processes},
  pages = {761–766},
  title = {Fuzzy Clustering with a Fuzzy Covariance Matrix},
  url = {https://doi.org/10.1109/CDC.1978.268028},
  year = {1979},
}

@InProceedings{babuska2002improved,
  author = {Robert Babuska and Peter J {Van der Veen} and Uzay Kaymak},
  booktitle = {Proceedings of the 2002 IEEE International Conference on Fuzzy Systems},
  pages = {1081–1085},
  title = {Improved Covariance Estimation for Gustafson-Kessel Clustering},
  url = {https://doi.org/10.1109/FUZZ.2002.1006654},
  year = {2002},
}

@InProceedings{li1995maximum,
  author = {Rui-Ping Li and Masao Mukaidono},
  booktitle = {Proceedings of 1995 IEEE International Conference on Fuzzy Systems},
  pages = {2227–2232},
  title = {A Maximum-Entropy Approach to Fuzzy Clustering},
  url = {https://doi.org/10.1109/FUZZY.1995.409989},
  year = {1995},
}

@Article{krishnapuram2001low,
  author = {Raghu Krishnapuram and Anupam Joshi and Olfa Nasraoui and Liyu Yi},
  journal = {IEEE Transactions on Fuzzy Systems},
  pages = {595–607},
  title = {Low-Complexity Fuzzy Relational Clustering Algorithms for Web Mining},
  volume = {9},
  number = {4},
  url = {https://doi.org/10.1109/91.940971},
  year = {2001},
}

@Article{winkler2011fuzzy,
  author = {Roland Winkler and Frank Klawonn and Rudolf Kruse},
  journal = {Applied and Computational Mathematics},
  pages = {146–163},
  title = {Fuzzy Clustering with Polynomial Fuzzifier Function in Connection with $m$-Estimators},
  volume = {10},
  number = {1},
  year = {2011},
}

@Article{li1999gaussian,
  author = {Rui-Ping Li and Masao Mukaidono},
  journal = {Fuzzy Sets and Systems},
  pages = {253–258},
  title = {Gaussian Clustering Method Based on Maximum-Fuzzy-Entropy Interpretation},
  volume = {102},
  number = {2},
  url = {https://doi.org/10.1016/S0165-0114(97)00126-7},
  year = {1999},
}

@InProceedings{MariaPaolo,
  author = {Maria Brigida Ferraro and Paolo Giordani},
  title = {A New Fuzzy Clustering Algorithm with Entropy Regularization},
  booktitle = {Proceedings of the 9th Scientific Meeting of the Classification and Data Analysis Group (CLADAG 2013)},
  note = {{ISBN} 9788867871179},
  year = {2013},
}

@InCollection{winkler2009fuzzy,
  author = {Roland Winkler and Frank Klawonn and Frank Höppner and Rudolf Kruse},
  booktitle = {Scalable Fuzzy Algorithms for Data Management and Analysis: Methods and Design},
  pages = {302–331},
  title = {Fuzzy Cluster Analysis of Larger Data Sets},
  publisher = {IGI Global},
  address = {Hershey},
  url = {https://doi.org/10.4018/978-1-60566-858-1.ch012},
  year = {2009},
}

@Article{HW79,
  author = {John A Hartigan and M Anthony Wong},
  journal = {Journal of the Royal Statistical Society. Series C (Applied Statistics)},
  pages = {100–108},
  title = {Algorithm AS 136: A {K}-Means Clustering Algorithm},
  volume = {28},
  number = {1},
  url = {https://doi.org/10.2307/2346830},
  year = {1979},
}

@Article{Rus70,
  author = {Enrique H Ruspini},
  journal = {Information Sciences},
  pages = {319–350},
  title = {Numerical Methods for Fuzzy Clustering},
  volume = {2},
  number = {3},
  url = {https://doi.org/10.1016/S0020-0255(70)80056-1},
  year = {1970},
}

@Manual{cluster,
  author = {Martin Maechler and Peter Rousseeuw and Anja Struyf and Mia Hubert and Kurt Hornik},
  note = {R package version 2.0.6},
  title = {Cluster: Cluster Analysis Basics and Extensions},
  url = {https://cran.r-project.org/web/packages/cluster},
  year = {2017},
}

@Article{clue,
  author = {Kurt Hornik},
  journal = {Journal of Statistical Software},
  pages = {1–25},
  title = {A {CLUE} for {CLUster Ensembles}},
  volume = {14},
  number = {12},
  url = {https://doi.org/10.18637/jss.v014.i12},
  year = {2005},
}

@Manual{e1071fer,
  author = {David Meyer and Evgenia Dimitriadou and Kurt Hornik and Andreas Weingessel and Friedrich Leisch},
  note = {R package version 1.6-8},
  title = {E1071: Misc Functions of the Department of Statistics, Probability Theory Group (Formerly: E1071), TU Wien},
  url = {https://CRAN.R-project.org/package=e1071},
  year = {2017},
}

@Article{skmeans,
  author = {Kurt Hornik and Ingo Feinerer and Martin Kober and Christian Buchta},
  journal = {Journal of Statistical Software},
  number = {10},
  pages = {1–22},
  title = {Spherical $k$-Means Clustering},
  url = {https://doi.org/10.18637/jss.v050.i10},
  volume = {50},
  year = {2012},
}

@Article{vegclust,
  author = {Miquel {De Caceres} and Xavier Font and Francesc Oliva},
  journal = {Journal of Vegetation Science},
  title = {The Management of Vegetation Classifications with Fuzzy Clustering},
  volume = {21},
  pages = {1138–1151},
  url = {https://doi.org/10.1111/j.1654-1103.2010.01211.x},
  year = {2010},
}

@Book{Rcpp,
  author = {Dirk Eddelbuettel},
  title = {Seamless {R} and {C++} Integration with {Rcpp}},
  url = {https://doi.org/10.1007/978-1-4614-6868-4},
  publisher = {Springer-Verlag},
  address = {New York},
  year = {2013},
}

@Article{RcppArmadillo,
  author = {Dirk Eddelbuettel and Conrad Sanderson},
  journal = {Computational Statistics \& Data Analysis},
  pages = {1054–1063},
  title = {RcppArmadillo: Accelerating R with High-Performance C++ Linear Algebra},
  url = {https://dx.doi.org/10.1016/j.csda.2013.02.005},
  volume = {71},
  year = {2014},
}

@Article{kruskal1964nonmetric,
  author = {Joseph B Kruskal},
  journal = {Psychometrika},
  pages = {115–129},
  title = {Nonmetric Multidimensional Scaling: a Numerical Method},
  volume = {29},
  number = {2},
  url = {https://doi.org/10.1007/BF02289694},
  year = {1964},
}

@Book{MASSfer,
  author = {William N Venables and Brian D Ripley},
  title = {Modern Applied Statistics with S},
  url = {https://doi.org/10.1007/978-0-387-21706-2},
  publisher = {Springer-Verlag},
  address = {New York},
  year = {2002},
}

@Book{schlimmer1987concept,
  author = {Jeffrey Curtis Schlimmer},
  title = {Concept Acquisition through Representational Adjustment},
  publisher = {Department of Information and Computer Science, University of California},
  address = {Irvine},
  year = {1987},
}

@Article{gower1971general,
  author = {John C Gower},
  journal = {Biometrics},
  pages = {857–871},
  title = {A General Coefficient of Similarity and Some of Its Properties},
  volume = {27},
  number = {4},
  url = {https://doi.org/10.2307/2528823},
  year = {1971},
}

@Article{jaccard1901etude,
  author = {Paul Jaccard},
  journal = {Bulletin del la Soci\'et\'e Vaudoise des Sciences Naturelles},
  pages = {547–579},
  title = {{\'E}tude Comparative De La Distribution Florale Dans Une Portion Des Alpes et Des Jura},
  volume = {37},
  year = {1901},
}

@Manual{ppclust,
  author = {Zeynel Cebeci and Figen Yildiz and Alper Tuna Kavlak and Cagatay Cebeci and Hasan Onder},
  note = {R package version 0.1.1},
  title = {{ppclust}: Probabilistic and Possibilistic Cluster Analysis},
  url = {https://CRAN.R-project.org/package=ppclust},
  year = {2018},
}

@Article{AbSe1962,
  author = {Robert P Abelson and Vello Sermat},
  journal = {Journal of Experimental Psychology},
  pages = {546–554},
  title = {Multidimensional Scaling of Facial Expressions},
  volume = {63},
  number = {6},
  url = {http://dx.doi.org/10.1037/h0042280},
  year = {1962},
}

@Article{BaiEtal2009,
  author = {Haiyan Bai and LihShing Wang and Wei Pan and Mary Frey},
  journal = {Journal of Instructional Psychology},
  pages = {185-193},
  title = {Measuring Mathematics Anxiety: Psychometric Analysis of a Bidimensional Affective Scale},
  volume = {36},
  number = {3},
  url = {https://eric.ed.gov/?id=EJ952267},
  year = {2009},
}

@Manual{Jac,
  title = {Jaccard: Test Similarity Between Binary Data Using Jaccard/Tanimoto Coefficients},
  author = {Neo Christopher Chung and Blazej Miasojedow and Michal Startek and Anna Gambin},
  year = {2018},
  note = {R package version 0.1.0},
  url = {https://CRAN.R-project.org/package=jaccard},
}

@Article{SMACOF,
  title = {Multidimensional Scaling Using Majorization: {SMACOF} in {R}},
  author = {Jan {de Leeuw} and Patrick Mair},
  journal = {Journal of Statistical Software},
  year = {2009},
  volume = {31},
  number = {3},
  pages = {1--30},
  url = {http://www.jstatsoft.org/v31/i03/},
}
