@BOOK{cook98,
   author = {R. D. Cook},
   title= {Regression Graphics: Idea for Studying Regressions through Graphics},
   publisher = {John Wiley \& Sons},
   year = {1998a}
}

@ARTICLE{phdres,
 author={R. D. Cook},
 title={Principal Hessian directions revisited},
 journal={Journal of the American Statistical Association},
 year={1998b},
 volume={93},
 number={441},
 pages={84--94},
 url={http://dx.doi.org/10.1080/01621459.1998.10474090}
}

@ARTICLE{save,
 author={R. D. Cook and S. Weisberg},
 title={Comment: Sliced inverse regression for dimension reduction},
 journal={Journal of the American Statistical Association},
 year={1991},
 volume={86},
 number={414},
 pages={328--332},
 url={http://dx.doi.org/10.1080/01621459.1991.10475036}
}

@ARTICLE{trr,
 author={J. Hooper},
 title={Simultaneous equations and canonical correlation theory},
 journal={Econometrika},
 year={1959},
 volume={27},
 number={2},
 pages={245--256},
 url={http://dx.doi.org/10.2307/1909445}
}

@ARTICLE{sir,
 author={K. C. Li},
 title={Sliced inverse regression for dimension reduction},
 journal={Journal of the American Statistical Association},
 year={1991},
 volume={86},
 number={414},
 pages={326--342},
 url={http://doi.org/10.1080/01621459.1991.10475035}
}

@ARTICLE{phd,
 author={K. C. Li},
 title={On principal Hessian directions for data visualization
and dimension reduction: Another application of Stein's lemma},
 journal={Journal of the American Statistical Association},
 year={1992},
 volume={87},
 number={420},
 pages={1025--1039},
 url={http://dx.doi.org/10.1080/01621459.1992.10476258}
}

@ARTICLE{dr,
 author={S. Weisberg},
 title={Dimension reduction regression in {R}},
 journal={Journal of Statistical Software},
 year={2002},
 volume={7},
 number={1},
 pages={1--22},
 url={http://dx.doi.org/10.18637/jss.v007.i01}
}

@ARTICLE{covk,
 author={X. Yin and R. D. Cook},
 title={Dimension reduction for the conditional $k$th moment in regression},
 journal={Journal of Royal Statistical Society Series B},
 year={2002},
 volume={64},
 number={2},
 pages={159--175},
 url={http://dx.doi.org/10.1111/1467-9868.00330}
}
