@Article{McClish1989,
  author = {Donna Katzman McClish},
  title = {Analyzing a Portion of the {ROC} Curve},
  volume = {9},
  number = {3},
  pages = {190-195},
  year = {1989},
  doi = {10.1177/0272989x8900900307},
  journal = {Medical Decision Making},
}

@Article{JFan:2006ROC,
  author = {Jerome Fan and Suneel Upadhye and Andrew Worster},
  doi = {10.1017/s1481803500013336},
  issue = {01},
  journal = {Canadian Journal of Emergency Medicine},
  numpages = {2},
  pages = {19--20},
  title = {Understanding Receiver Operating Characteristic   ({ROC}) Curves},
  volume = {8},
  year = {2006},
}

@Book{Egan1975,
  address = {New York, NY},
  author = {J. P. Egan},
  publisher = {Academic Press},
  series = {Series in Cognition and Perception},
  title = {Signal Detection Theory and {ROC} Analysis},
  year = {1975},
}

@Article{swets2000,
  title = {Better Decisions through Science},
  author = {John A Swets and Robyn M Dawes and John Monahan},
  journal = {Scientific American},
  volume = {283},
  number = {4},
  pages = {82--87},
  year = {2000},
  doi = {10.1038/scientificamerican1000-82},
}

@Article{Fawcett2006,
  author = {Tom Fawcett},
  title = {An Introduction to {ROC} Analysis},
  journal = {Pattern Recognition Letters},
  volume = {27},
  number = {8},
  pages = {861--874},
  year = {2006},
  doi = {10.1016/j.patrec.2005.10.010},
}

@Article{Sonego01052008,
  author = {Paolo Sonego and András Kocsor and Sándor Pongor},
  title = {{ROC} Analysis: Applications to the Classification   of Biological Sequences and {3D} Structures},
  volume = {9},
  number = {3},
  pages = {198--209},
  year = {2008},
  journal = {Briefings in Bioinformatics},
}

@Article{Sing2005ROCR,
  author = {Tobias Sing and Oliver Sander and Niko Beerenwinkel and Thomas Lengauer},
  title = {{ROCR}: Visualizing Classifier Performance in {R}},
  volume = {21},
  number = {20},
  pages = {3940--3941},
  year = {2005},
  journal = {Bioinformatics},
}

@Article{robin2011proc,
  title = {{pROC}: An Open-Source Package for {R} and {S+} to   Analyze and Compare {ROC} Curves},
  author = {Xavier Robin and Natacha Turck and Alexandre Hainard and Natalia Tiberti and Fr{\'e}d{\'e}rique Lisacek and Jean-Charles Sanchez and Markus M{\"u}ller},
  journal = {BMC Bioinformatics},
  volume = {12},
  number = {1},
  pages = {77},
  year = {2011},
  publisher = {BioMed Central Ltd},
  doi = {10.1186/1471-2105-12-77},
}

@Manual{shiny,
  title = {shiny: Web Application Framework for {R}},
  author = {Winston Chang and Joe Cheng and JJ Allaire and Yihui Xie and Jonathan McPherson},
  year = {2015},
  note = {R package version 0.12.1},
  url = {https://CRAN.R-project.org/package=shiny},
}

@Manual{bioconductorROC,
  title = {{ROC:} Utilities for {ROC}, with Uarray Focus},
  author = {V Carey and Henning Redestig},
  year = {2015},
  note = {R package version 1.44.0},
  url = {https://www.bioconductor.org},
}

@Article{optimalcutpoints,
  title = {{OptimalCutpoints}: An {R} Package for Selecting   Optimal Cutpoints in Diagnostic Tests},
  author = {Monica Lopez-Raton and Rodriguez-Alvarez, Maria  Xos{\' e} and Carmen Cadarso-Su{\'a}rez and Francisco Gude-Sampedro},
  journal = {Journal of Statistical Software},
  volume = {61},
  number = {8},
  pages = {1--36},
  year = {2014},
  doi = {10.18637/jss.v061.i08},
}

@Book{zhouBook,
  title = {Statistical Methods in Diagnostic Medicine},
  author = {Xiao-Hua Zhou and Donna K McClish and Nancy A Obuchowski},
  volume = {569},
  year = {2002},
  publisher = {John Wiley \& Sons},
  doi = {10.1002/9780470317082},
}

@Article{Bamber1975,
  title = {The Area above the Ordinal Dominance Graph and the   Area below the Receiver Operating Characteristic   Graph},
  journal = {Journal of Mathematical Psychology},
  volume = {12},
  number = {4},
  pages = {387--415},
  year = {1975},
  doi = {10.1016/0022-2496(75)90001-2},
  author = {Donald Bamber},
}

@Article{hanley1982,
  author = {J A Hanley and B J McNeil},
  title = {The Meaning and Use of the Area under a Receiver   Operating Characteristic {(ROC)} Curve.},
  journal = {Radiology},
  volume = {143},
  number = {1},
  pages = {29--36},
  year = {1982},
  doi = {10.1148/radiology.143.1.7063747},
}

@Manual{ROCRcran,
  title = {{ROCR}: Visualizing the Performance of Scoring   Classifiers},
  author = {Tobias Sing and Oliver Sander and Niko Beerenwinkel and Thomas Lengauer},
  year = {2015},
  note = {R package version 1.0-7},
  url = {https://CRAN.R-project.org/package=ROCR},
}

@Article{DeLong1988,
  title = {Comparing the Areas under Two or More Correlated   Receiver Operating Characteristic Curves: {A}   Nonparametric Approach},
  author = {Elizabeth R. DeLong and David M. DeLong and Daniel L. Clarke-Pearson},
  journal = {Biometrics},
  volume = {44},
  number = {3},
  pages = {837--845},
  year = {1988},
  publisher = {International Biometric Society},
  doi = {10.2307/2531595},
}

@Article{Hanley1997,
  title = {Sampling Variability of Nonparametric Estimates of   the Areas under Receiver Operating Characteristic   Curves: {An} Update},
  journal = {Academic Radiology},
  volume = {4},
  number = {1},
  pages = {49--58},
  year = {1997},
  doi = {10.1016/s1076-6332(97)80161-4},
  author = {James A. Hanley and Karim O. Hajian-Tilaki},
}

@Article{obuchowski1994,
  title = {Computing Sample Size for Receiver Operating   Characteristic Studies.},
  author = {Nancy A Obuchowski},
  journal = {Investigative Radiology},
  volume = {29},
  number = {2},
  pages = {238--243},
  year = {1994},
  publisher = {LWW},
  doi = {10.1097/00004424-199402000-00020},
}

@Article{AgrestiCoull1998,
  title = {Approximate Is Better than ``exact'' for Interval   Estimation of Binomial Proportions},
  author = {Alan Agresti and Brent A Coull},
  journal = {The American Statistician},
  volume = {52},
  number = {2},
  pages = {119--126},
  year = {1998},
  publisher = {Taylor \& Francis},
  doi = {10.2307/2685469},
}

@Article{morisette1998,
  title = {Exact Binomial Confidence Interval for Proportions},
  author = {Jeffrey T Morisette and Siamak Khorram},
  journal = {Photogrammetric Engineering and Remote Sensing},
  volume = {64},
  number = {4},
  pages = {281--283},
  year = {1998},
  publisher = {[Falls Church, Va.] American Society of   Photogrammetry.},
}

@Article{celikbilek2014,
  title = {Circulating {microRNAs} in Patients with   Non-Alcoholic Fatty Liver Disease},
  author = {Mehmet Celikbilek and Mevlut Baskol and Serpil Taheri and Kemal Deniz and Serkan Dogan and Gokmen Zararsiz and Sebnem Gursoy and Kadri Guven and Omer Ozbakir and Munis Dundar and Mehmet Yucesoy},
  journal = {World Journal of Hepatology},
  volume = {6},
  number = {8},
  pages = {613--620},
  year = {2014},
  publisher = {[Falls Church, Va.] American Society of   Photogrammetry.},
}

@Article{obuchowski1998sample,
  title = {Sample Size Calculations in Studies of Test   Accuracy},
  author = {Nancy A Obuchowski},
  journal = {Statistical Methods in Medical Research},
  volume = {7},
  number = {4},
  pages = {371--392},
  year = {1998},
  publisher = {SAGE Publications},
}

@Article{obuchowski2004samplesize,
  title = {{ROC} Curves in Clinical Chemistry: Uses, Misuses,   and Possible Solutions},
  author = {Nancy A Obuchowski and Michael L Lieber and Frank H Wians},
  journal = {Clinical Chemistry},
  volume = {50},
  number = {7},
  pages = {1118--1125},
  year = {2004},
  publisher = {Am Assoc Clin Chem},
  doi = {10.1373/clinchem.2004.031823},
}

@Article{gonen2010lehmann,
  title = {Lehmann Family of {ROC} Curves},
  author = {Mithat G{\"o}nen and Glenn Heller},
  journal = {Medical Decision Making},
  volume = {30},
  number = {4},
  pages = {509--517},
  year = {2010},
  publisher = {SAGE Publications},
  doi = {10.1177/0272989x09360067},
}

@Article{pepe2009estimation,
  title = {Estimation and Comparison of Receiver Operating   Characteristic Curves},
  author = {Margaret Pepe and Gary Longton and Holly Janes},
  journal = {The Stata Journal},
  volume = {9},
  number = {1},
  pages = {1},
  year = {2009},
  publisher = {NIH Public Access},
}

@Article{hanley1983method,
  title = {A Method of Comparing the Areas under Receiver   Operating Characteristic Curves Derived from the   Same Cases.},
  author = {James A Hanley and Barbara J McNeil},
  journal = {Radiology},
  volume = {148},
  number = {3},
  pages = {839--843},
  year = {1983},
  doi = {10.1148/radiology.148.3.6878708},
}

@Article{venkatraman1996distribution,
  title = {A Distribution-Free Procedure for Comparing Receiver   Operating Characteristic Curves from a Paired   Experiment},
  author = {ES Venkatraman and Colin B Begg},
  journal = {Biometrika},
  volume = {83},
  number = {4},
  pages = {835--848},
  year = {1996},
  publisher = {Biometrika Trust},
  doi = {10.1093/biomet/83.4.835},
}

@Article{venkatraman2000permutation,
  title = {A Permutation Test to Compare Receiver Operating   Characteristic Curves},
  author = {ES Venkatraman},
  journal = {Biometrics},
  volume = {56},
  number = {4},
  pages = {1134--1138},
  year = {2000},
  publisher = {John Wiley \& Sons},
  doi = {10.1111/j.0006-341x.2000.01134.x},
}

@Article{murtaugh1994primaryPBC,
  title = {Primary Biliary Cirrhosis: Prediction of Short-Term   Survival Based on Repeated Patient Visits},
  author = {Paul A Murtaugh and E Rolland Dickson and Gooitzen M {Van Dam} and Michael Malinchoc and Patricia M Grambsch and Alice L Langworthy and Chris H Gips},
  journal = {Hepatology},
  volume = {20},
  number = {1},
  pages = {126--134},
  year = {1994},
  publisher = {John Wiley \& Sons},
  doi = {10.1002/hep.1840200120},
}

@Manual{plotROC,
  title = {plotROC: Generate Useful ROC Curve Charts for Print   and Interactive Use},
  author = {Michael C. Sachs},
  year = {2016},
  note = {R package version 2.0.1},
  url = {http://sachsmc.github.io/plotROC},
}

@Article{plyr,
  title =	 {The Split-Apply-Combine Strategy for Data Analysis},
  author =	 {Hadley Wickham},
  journal =	 {Journal of Statistical Software},
  year =	 {2011},
  volume =	 {40},
  number =	 {1},
  pages =	 {1--29},
  url =		 {http://www.jstatsoft.org/v40/i01/},
}
@book{shiny2,
author = {W.~{Chang, J.~Cheng, J.~Allaire, Y.~Xie, and J.~McPherson}},
title = {{shiny: Web Application Framework for R, }},
publisher = {R package version 0.12.1},
year = {2015},
url = {https://CRAN.R-project.org/package=shiny}
}
@book{plyr2,
author = {H.~{Wickham}},
title = {{The split-apply-combine strategy for data analysis}},
publisher = {Journal of Statistical Software 40 (1):},
pages = {1--29},
year = {2011},
url = {http://www.jstatsoft.org/v40/i01/}
}






