@Manual{tm:Feinerer+Hornik:2013,
  title = {tm: Text Mining Package},
  author = {Ingo Feinerer and Kurt Hornik},
  year = {2013},
  note = {R package version 0.5-8.3},
  url = {http://CRAN.R-project.org/package=tm},
}

@Article{tm:Feinerer+Hornik+Meyer:2008,
  title = {Text Mining Infrastructure in {R}},
  author = {Ingo Feinerer and Kurt Hornik and David Meyer},
  year = {2008},
  journal = {Journal of Statistical Software},
  volume = {25},
  number = {5},
  pages = {1--54},
  url = {http://www.jstatsoft.org/v25/i05/},
}

@Manual{SnowballC:Bouchet-Valat:2013,
  title = {SnowballC: Snowball stemmers based on the C libstemmer UTF-8 library},
  author = {Milan Bouchet-Valat},
  year = {2013},
  note = {R package version 0.5},
  url = {http://CRAN.R-project.org/package=SnowballC},
}

@Article{R2HTML:Lecoutre:2003,
  title = {The {R2HTML} Package},
  author = {{\'E}ric Lecoutre},
  journal = {R News},
  year = {2003},
  volume = {3},
  number = {3},
  pages = {33--36},
  url = {http://CRAN.R-project.org/doc/Rnews/Rnews_2003-3.pdf},
}

@Article{Rcmdr:Fox:2005,
  title = {The {R} {C}ommander: A Basic Statistics Graphical User Interface to {R}},
  author = {John Fox},
  year = {2005},
  journal = {Journal of Statistical Software},
  volume = {14},
  number = {9},
  pages = {1--42},
  url = {http://www.jstatsoft.org/v14/i09/},
}

@Book{lattice:Sarkar:2008,
  title = {Lattice: Multivariate Data Visualization with {R}},
  author = {Deepayan Sarkar},
  publisher = {Springer},
  address = {New York},
  year = {2008},
}

@Article{ca:Nenadic+Greenacre:2007,
  title = {Correspondence Analysis in {R}, with Two- and
    Three-dimensional Graphics: The ca Package},
  journal = {Journal of Statistical Software},
  volume = {20},
  number = {3},
  pages = {1--13},
  year = {2007},
  author = {Oleg Nenadic and Michael Greenacre},
  url = {http://www.jstatsoft.org/v20/i03/},
}

@Manual{RcmdrPlugin.temis:Bouchet-Valat+Bastin:2013,
    title = {RcmdrPlugin.temis: Graphical Integrated Text Mining Solution},
    author = {Milan Bouchet-Valat and Gilles Bastin},
    year = {2013},
    note = {R package version 0.6.1},
    url = {http://CRAN.R-project.org/package=RcmdrPlugin.temis},
}

@Manual{twitteR:Gentry:2013,
  title = {twitteR: R Based Twitter Client},
  author = {Jeff Gentry},
  year = {2013},
  note = {R package version 1.1.0},
  url = {http://CRAN.R-project.org/package=twitteR},
}

@Manual{tm.plugin.factiva:Bouchet-Valat:2013,
  title = {tm.plugin.factiva: Import Articles from Factiva Using the tm Text Mining Framework},
  author = {Milan Bouchet-Valat},
  year = {2013},
  note = {R package version 1.2},
  url = {http://CRAN.R-project.org/package=tm.plugin.factiva},
}

@Manual{ROpenOffice:TempleLang:2011,
  title = {ROpenOffice: Basic Reading of Open Office Spreadsheets and Workbooks},
  author = {Duncan {Temple Lang}},
  year = {2011},
  note = {R package version 0.4-0},
  url = {http://www.omegahat.org/ROpenOffice/},
}

@Manual{RODBC:Ripley+Lapsley:2012,
  title = {RODBC: ODBC Database Access},
  author = {Brian Ripley and Michael Lapsley},
  year = {2012},
  note = {R package version 1.3-6},
  url = {http://CRAN.R-project.org/package=RODBC},
}

@Article{zoo:Zeileis+Grothendieck:2005,
  title = {zoo: {S3} Infrastructure for Regular and Irregular Time Series},
  author = {Achim Zeileis and Gabor Grothendieck},
  journal = {Journal of Statistical Software},
  year = {2005},
  volume = {14},
  number = {6},
  pages = {1--27},
  url = {http://www.jstatsoft.org/v14/i06/},
}

@inproceedings{TXM:Heiden:2010,
    hal_id = {halshs-00549764},
    url = {http://halshs.archives-ouvertes.fr/halshs-00549764},
    title = {The {TXM} Platform: Building Open-Source Textual Analysis Software Compatible with the {TEI} Encoding Scheme},
    author = {Heiden, Serge},
    keywords = {xml-tei corpora ; search engine ; statistical analysis ; textometry ; open-source},
    language = {English},
    affiliation = {Interactions, Corpus, Apprentissages, Repr{\'e}sentations - ICAR},
    booktitle = {Proceedings of the 24th Pacific Asia Conference on Language, Information and Computation},
    publisher = {Institute for Digital Enhancement of Cognitive Development, Waseda University},
    pages = {389--398},
    address = {Sendai, Japan},
    editor = {Ryo Otoguro and Kiyoshi Ishikawa and Hiroshi Umemoto and Kei Yoshimoto and Yasunari Harada},
    year = {2010},
    month = Nov,
    pdf = {http://halshs.archives-ouvertes.fr/halshs-00549764/PDF/paclic24\_sheiden.pdf},
}

@Book{etd:Lebart+Salem+Berry:1998,
  title = {Exploring Textual Data},
  author = {Ludovic Lebart and Andr{\'e} Salem and Lisette Berry},
  publisher = {Kluwer Academic Press},
  address = {Dordrecht/Boston},
  year = {1998},
  ISBN = {0-7923-4840-0},
}

@Article{GUIs:Valero-Mora+Ledesma:2012,
  author =	{Pedro M. Valero-Mora and Ruben Ledesma},
  title =	{Graphical User Interfaces for {R}},
  journal =	{Journal of Statistical Software},
  volume =	{49},
  number =	{1},
  pages =	{1--8},
  year = 	{2012},
  URL =  	{http://www.jstatsoft.org/v49/i01/},
}

@article{Deducer:Fellows:2012,
  author =	{Ian Fellows},
  title =	{Deducer: A Data Analysis {GUI} for {R}},
  journal =	{Journal of Statistical Software},
  volume =	{49},
  number =	{8},
  pages =	{1--15},
  year = 	{2012},
  URL =  	{http://www.jstatsoft.org/v49/i08/},
}

@article{RKWard:Rodiger+Friedrichsmeier+Kapat+Michalke:2012,
  author =	{Stefan R\"odiger and Thomas Friedrichsmeier and Prasenjit Kapat and Meik Michalke},
  title =	{{RKWard}: A Comprehensive Graphical User Interface and Integrated Development Environment for Statistical Analysis with {R}},
  journal =	{Journal of Statistical Software},
  volume =	{49},
  number =	{9},
  pages =	{1--34},
  year = 	{2012},
  URL =  	{http://www.jstatsoft.org/v49/i09/},
}

@Manual{Iramuteq:Ratinaud:2013,
  author = {Pierre Ratinaud},
  title = {Iramuteq: Interface de {R} pour les Analyses Multidimensionnelles de Textes et de Questionnaires},
  year = {2013},
  note = {Version 0.6-alpha3},
  URL = {http://sourceforge.net/projects/iramuteq/files/iramuteq-0.6-alpha3/},
}


