@book{epilink,
author = {P.~{Contiero et~al}},
title = {{The Epilink record linkage software}},
publisher = {Methods Inf Med. 44 (1):},
pages = {66--71},
year = {2005}
}
@book{package:ada,
author = {M.~{Culp, K.~Johnson, and G.~Michailidis}},
title = {{ada: Performs boosting algorithms for a binary response, }},
publisher = {~culpm/math/ada/img.html R package version 2.0-1},
year = {2006},
url = {http://www.stat.lsa.umich.edu/}
}
@book{package:e1071,
author = {E.~{Dimitriadou, K.~Hornik, F.~Leisch, D.~Meyer, and A.~Weingessel}},
title = {{e1071: Misc Functions of the Department of Statistics (e1071), TU Wien, }},
publisher = {R package version 1.5-19},
year = {2009},
url = {http://CRAN.R-project.org/package=e1071}
}
@book{fellegi,
author = {I.~{Fellegi and A.~Sunter}},
title = {{A theory for record linkage}},
publisher = {Journal of the American Statistical Association 64:},
pages = {1183--1210},
year = {1969}
}
@book{haber,
author = {E.~{Haber}},
title = {{AS207: Fitting a general log-linear model}},
publisher = {Applied Statistics 33:},
pages = {358--362},
year = {1984}
}
@book{Michael:1999,
author = {J.~{Michael}},
title = {{Doppelg"anger gesucht -- ein Programm f"ur kontextsensitive phonetische Textumwandlung}},
publisher = {c't 17 (25):},
pages = {252--261},
year = {1999},
url = {http://www.heise.de/ct/ftp/99/25/252/}
}
@book{package:ipred,
author = {A.~{Peters and T.~Hothorn}},
title = {{ipred: Improved Predictors, }},
publisher = {R package version 0.8-7},
year = {2009},
url = {http://CRAN.R-project.org/package=ipred}
}
@book{sariyar,
author = {M.~{Sariyar, A.~Borg, and K.~Pommerening}},
title = {{Evaluation of record linkage methods for iterative insertions}},
publisher = {Methods Inf Med. 48 (5):},
pages = {429--437},
year = {2009}
}
@book{package:rpart,
author = {T.~M. {Therneau, B.~Atkinson, and {B. Ripley (R port)}}},
title = {{rpart: Recursive Partitioning, }},
publisher = {R package version 3.1-45},
year = {2009},
url = {http://CRAN.R-project.org/package=rpart}
}
@book{Winkler:1990,
author = {W.~E. {Winkler}},
title = {{String comparator metrics and enhanced decision rules in the Fellegi-Sunter model of record linkage}},
publisher = {In Proceedings of the Section on Survey Research Methods,American Statistical Association pages   URLwww.amstat.org/sections/srms/proceedings/papers/_056.pdf},
pages = {354--369},
year = {1990}
}











