@Manual{NlinTS,
 title = {NlinTS: Models for Non Linear Causality Detection in Time Series},
    author = {Youssef Hmamouche},
    year = {2020},
    note = {R package version 1.4.2},
    url = {https://CRAN.R-project.org/package=NlinTS},
  }


@article{granger1980,
  title = {Testing for Causality},
  volume = {2},
  issn = {0165-1889},
  url = {https://doi.org/10.1016/0165-1889(80)90069-X},
  urldate = {2017-03-31},
  journal = {Journal of Economic Dynamics and Control},
  author = {Granger, C. W. J.},
  month = jan,
  year = {1980},
  pages = {329--352},
}



@Manual{Rcpp,
  title = {Rcpp: Seamless R and C++ Integration},
  author = {Dirk Eddelbuettel and Romain Francois and JJ Allaire and Kevin Ushey and Qiang Kou and Nathan Russell and Douglas Bates and John Chambers},
  year = {2017},
  note = {R package version 0.12.13},
  url = {https://CRAN.R-project.org/package=Rcpp},
}

@article{barnett2009,
  title = {Granger Causality and Transfer Entropy Are Equivalent for Gaussian Variables},
  author = {Barnett, Lionel and Barrett, Adam B. and Seth, Anil K.},
  journal = {Phys. Rev. Lett.},
  volume = {103},
  issue = {23},
  pages = {238701},
  numpages = {4},
  year = {2009},
  month = {Dec},
  publisher = {American Physical Society},
  url = {https://doi.org/10.1103/PhysRevLett.103.238701},
}

@article{kozachenko1987sample,
  title={Sample estimate of the entropy of a random vector},
  author={Kozachenko, LF and Leonenko, Nikolai N},
  journal={Problemy Peredachi Informatsii},
  volume={23},
  number={2},
  pages={9--16},
  year={1987},
  publisher={Russian Academy of Sciences, Branch of Informatics, Computer Equipment and~?}
}

@article{kraskov2004estimating,
  title = {Estimating mutual information},
  author = {Kraskov, Alexander and St\"ogbauer, Harald and Grassberger, Peter},
  journal = {Phys. Rev. E},
  volume = {69},
  issue = {6},
  pages = {066138},
  numpages = {16},
  year = {2004},
  month = {Jun},
  publisher = {American Physical Society},
  url = {https://doi.org/10.1103/PhysRevE.69.066138}
}

@article{zhu2015contribution,
title = {Contribution to {{Transfer Entropy Estimation}} via the K-{{Nearest}}-{{Neighbors Approach}}},
  volume = {17},
  copyright = {http://creativecommons.org/licenses/by/3.0/},
  url = {https://doi.org/10.3390/e17064173},
  language = {en},
  number = {6},
  journal = {Entropy},
  author = {Zhu, Jie and Bellanger, Jean-Jacques and Shu, Huazhong and Le Bouquin Jeann\`es, R\'egine},
  month = jun,
  year = {2015},
  pages = {4173-4201}
}
@article{lizier2014jidt,
AUTHOR={Lizier, Joseph T.},   
TITLE={JIDT: An Information-Theoretic Toolkit for Studying the Dynamics of Complex Systems},      
JOURNAL={Frontiers in Robotics and AI}, 
VOLUME={1},      
PAGES={11},     
YEAR={2014},      
URL={https://doi.org/10.3389/frobt.2014.00011}, 
ISSN={2296-9144},   
}
@article{vicente2011transfer,
  title = {Transfer Entropy--a Model-Free Measure of Effective Connectivity for the Neurosciences},
  volume = {30},
  issn = {1573-6873},
  url = {https://doi.org/10.1007/s10827-010-0262-3},
    language = {eng},
  number = {1},
  journal = {Journal of Computational Neuroscience},
  author = {Vicente, Raul and Wibral, Michael and Lindner, Michael and Pipa, Gordon},
  month = feb,
  year = {2011},
  pages = {45-67},
  pmid = {20706781},
  pmcid = {PMC3040354}
}

@article{gourevitch2007,
  title = {Evaluating {{Information Transfer Between Auditory Cortical Neurons}}},
  volume = {97},
  issn = {0022-3077},
  url= {https://doi.org/10.1152/jn.01106.2006},
   number = {3},
  journal = {Journal of Neurophysiology},
  author = {Gour\'evitch, Boris and Eggermont, Jos J.},
  month = mar,
  year = {2007},
  pages = {2533-2543}
}
@article{Duan2013, 
author={P. Duan and F. Yang and T. Chen and S. L. Shah}, 
journal={IEEE Transactions on Control Systems Technology}, 
title={Direct Causality Detection via the Transfer Entropy Approach}, 
year={2013}, 
volume={21}, 
number={6}, 
pages={2052-2066}, 
url={https://doi.org/10.1109/TCST.2012.2233476}, 
ISSN={1063-6536}, 
month={Nov}}

@article{schreiber2000,
  title = {Measuring {{Information Transfer}}},
  volume = {85},
  url= {https://doi.org/10.1103/PhysRevLett.85.461},
   number = {2},
  journal = {Physical Review Letters},
  author = {Schreiber, Thomas},
  month = jul,
  year = {2000},
  keywords = {transfer entropy},
  pages = {461-464}
}

@article{vars,
   author = {Bernhard Pfaff},
   title = {VAR, SVAR and SVEC Models: Implementation Within R Package vars},
   journal = {Journal of Statistical Software, Articles},
   volume = {27},
   number = {4},
   year = {2008},
   issn = {1548-7660},
   pages = {1--32},
   url = {https://doi.org/10.18637/jss.v027.i04},
}

 @Article{lmtest,
    title = {Diagnostic Checking in Regression Relationships},
    author = {Achim Zeileis and Torsten Hothorn},
    journal = {R News},
    year = {2002},
    volume = {2},
    number = {3},
    pages = {7--10},
    url = {https://CRAN.R-project.org/doc/Rnews/},
  }
  
@Article{RTransferEntropy,
title = {RTransferEntropy â€” Quantifying information flow between
  different time series using effective transfer entropy},
author = {Behrendt Simon and Dimpfl Thomas and Peter {Franziska J.}
  and Zimmermann {David J.}},
journal = {SoftwareX},
year = {2019},
volume = {10},
number = {100265},
pages = {1-9},
url = {https://doi.org/10.1016/j.softx.2019.100265},
}

@Manual{timeSeries,
    title = {timeSeries: Rmetrics - Financial Time Series Objects},
    author = {Diethelm Wuertz and Tobias Setz and Yohan Chalabi},
    year = {2017},
    note = {R package version 3042.102},
    url = {https://CRAN.R-project.org/package=timeSeries},
  }

@inproceedings{Adam,
  author    = {Diederik P. Kingma and
               Jimmy Ba},
  editor    = {Yoshua Bengio and
               Yann LeCun},
  title     = {Adam: {A} Method for Stochastic Optimization},
  booktitle = {3rd International Conference on Learning Representations, {ICLR} 2015,
               San Diego, CA, USA, May 7-9, 2015, Conference Track Proceedings},
  year      = {2015},
  url       = {http://arxiv.org/abs/1412.6980},
  timestamp = {Thu, 25 Jul 2019 14:25:37 +0200},
  biburl    = {https://dblp.org/rec/journals/corr/KingmaB14.bib},
  bibsource = {dblp computer science bibliography, https://dblp.org}
}