@article{Ballantyne2015,
author = {Ballantyne, A. P. and Andres, R. and Houghton, R. and Stocker, B. D. and Wanninkhof, R. and Anderegg, W. and Cooper, L. A. and DeGrandpre, M. and Tans, P. P. and Miller, J. B. and Alden, C. and White, J. W.C.},
doi = {10.5194/bg-12-2565-2015},
issn = {17264189},
journal = {Biogeosciences},
number = {8},
pages = {2565--2584},
title = {{Audit of the global carbon budget: Estimate errors and their impact on uptake uncertainty}},
volume = {12},
year = {2015}
}
@techreport{sospantanal2015,
address = {Brasilia},
author = {{Instituto SOS Pantanal} and WWF-Brasil},
edition = {4},
isbn = {978-85-5574-007-7},
keywords = {BAP – Bacia do Alto Paraguai,Cobertura Vegetal,Pantanal,Planalto,Planicie,SOSPantanal,Sensoramento remoto},
mendeley-tags = {BAP – Bacia do Alto Paraguai,Cobertura Vegetal,Pantanal,Planalto,Planicie,Sensoramento remoto},
pages = {70},
title = {{Monitoramento das altera{\c{c}}{\~{o}}es da cobertura vegetal e uso do Solo na Bacia do Alto Paraguai – Por{\c{c}}{\~{a}}o Brasileira – Per{\'{i}}odo de An{\'{a}}lise: 2012 a 2014}},
url = {https://d3nehc6yl9qzo4.cloudfront.net/downloads/publicacao_bap_relatorio_2012_2014_web.pdf},
year = {2015}
}
@article{Brovkin2013,
author = {Brovkin, V. and Boysen, L. and Arora, V. K. and Boisier, J. P. and Cadule, P. and Chini, L. and Claussen, M. and Friedlingstein, P. and Gayler, V. and Van den hurk, B. J.J.M. and Hurtt, G. C. and Jones, C. D. and Kato, E. and De noblet-ducoudre, N. and Pacifico, F. and Pongratz, J. and Weiss, M.},
doi = {10.1175/JCLI-D-12-00623.1},
issn = {08948755},
journal = {J. Clim.},
number = {18},
pages = {6859--6881},
title = {{Effect of anthropogenic land-use and land-cover changes on climate and land carbon storage in CMIP5 projections for the twenty-first century}},
volume = {26},
year = {2013}
}
@book{Chambers2008,
address = {New York, NY},
author = {Chambers, John},
doi = {10.1007/978-0-387-75936-4},
isbn = {978-0-387-75935-7},
publisher = {Springer New York},
series = {Statistics and Computing},
title = {{Software for Data Analysis}},
url = {http://link.springer.com/10.1007/978-0-387-75936-4},
year = {2008}
}
@manual{Wickham2019a,
annote = {R package version 1.0.0},
author = {Wickham, Hadley and Henry, Lionel},
title = {{tidyr: Tidy Messy Data}},
url = {https://cran.r-project.org/package=tidyr},
year = {2019}
}
@article{Aldwaik2012,
author = {Aldwaik, Safaa Zakaria and Pontius, Robert Gilmore},
doi = {10.1016/j.landurbplan.2012.02.010},
isbn = {0169-2046},
issn = {01692046},
journal = {Landsc. Urban Plan.},
keywords = {LULCC,Map,Matrix,Pattern,Process,Stationary},
number = {1},
pages = {103--114},
publisher = {Elsevier B.V.},
title = {{Intensity analysis to unify measurements of size and stationarity of land changes by interval, category, and transition}},
url = {http://dx.doi.org/10.1016/j.landurbplan.2012.02.010},
volume = {106},
year = {2012}
}
@article{Aldwaik2013,
author = {Aldwaik, Safaa Zakaria and Pontius, Robert Gilmore},
doi = {10.1080/13658816.2013.787618},
issn = {13658816},
journal = {Int. J. Geogr. Inf. Sci.},
keywords = {Intensity Analysis,category,change,error,time},
number = {9},
pages = {1717--1739},
publisher = {Taylor {\&} Francis},
title = {{Map errors that could account for deviations from a uniform intensity of land change}},
url = {http://dx.doi.org/10.1080/13658816.2013.787618},
volume = {27},
year = {2013}
}
@misc{Mapbiomas,
author = {{Project MapBiomas}},
title = {{Collection 3.1 of Brazilian Land Cover {\&} Use Map Series}},
url = {https://mapbiomas.org/},
urldate = {2019-08-06},
year = {2019}
}
@manual{Auguie2017,
annote = {R package version 2.3},
author = {Auguie, Baptiste},
title = {{gridExtra: Miscellaneous Functions for "Grid" Graphics}},
url = {https://cran.r-project.org/package=gridExtra},
year = {2017}
}
@manual{Hijmans2019,
annote = {R package version 3.0-7},
author = {Hijmans, Robert J},
title = {{raster: Geographic Data Analysis and Modeling}},
url = {https://cran.r-project.org/package=raster},
year = {2019}
}
@article{Song2018,
author = {Song, Xiao Peng and Hansen, Matthew C. and Stehman, Stephen V. and Potapov, Peter V. and Tyukavina, Alexandra and Vermote, Eric F. and Townshend, John R.},
doi = {10.1038/s41586-018-0411-9},
issn = {14764687},
journal = {Nature},
number = {7720},
pages = {639--643},
publisher = {Springer US},
title = {{Global land change from 1982 to 2016}},
url = {http://dx.doi.org/10.1038/s41586-018-0411-9},
volume = {560},
year = {2018}
}
@book{Nelson2010,
author = {Nelson, GC and Rosegrant, MW and Palazzo, A and ..., I Gray},
doi = {10.2499/9780896291874},
publisher = {International Food Policy Research Institute},
title = {{Food security and climate change: Challenges to 2050 and beyond}},
url = {https://cgspace.cgiar.org/handle/10568/33400 http://ebrary.ifpri.org/cdm/ref/collection/p15738coll2/id/6778},
year = {2010}
}
@article{Gu2014,
author = {Gu, Zuguang and Gu, Lei and Eils, Roland and Schlesner, Matthias and Brors, Benedikt},
journal = {Bioinformatics},
number = {19},
pages = {2811--2812},
title = {{circlize implements and enhances circular visualization in R}},
volume = {30},
year = {2014}
}
@article{Melo2018,
author = {Melo, Marcio Roberto da Silva and Rocha, Jansle Vieira and Manabe, Victor Danilo and Lamparelli, Rubens Augusto Camargo},
doi = {10.1080/1747423X.2018.1499829},
issn = {17474248},
journal = {J. Land Use Sci.},
keywords = {Intensity analysis,pasture replacement,remote sensing},
number = {00},
pages = {1--16},
publisher = {Taylor {\&} Francis},
title = {{Intensity of land use changes in a sugarcane expansion region, Brazil}},
url = {https://doi.org/10.1080/1747423X.2018.1499829},
volume = {00},
year = {2018}
}
@article{Akinyemi2017,
author = {Akinyemi, Felicia O. and Pontius, Robert Gilmore and Braimoh, Ademola K.},
doi = {10.1080/14498596.2016.1196624},
issn = {14498596},
journal = {J. Spat. Sci.},
keywords = {Intensity Analysis,Land change,category,stationary,transition,urbanization},
number = {1},
pages = {69--83},
publisher = {Taylor {\&} Francis},
title = {{Land change dynamics: insights from Intensity Analysis applied to an African emerging city}},
url = {http://dx.doi.org/10.1080/14498596.2016.1196624},
volume = {62},
year = {2017}
}
@article{Prestele2016,
author = {Prestele, Reinhard and Alexander, Peter and Rounsevell, Mark D. A. and Arneth, Almut and Calvin, Katherine and Doelman, Jonathan and Eitelberg, David A. and Engstr{\"{o}}m, Kerstin and Fujimori, Shinichiro and Hasegawa, Tomoko and Havlik, Petr and Humpen{\"{o}}der, Florian and Jain, Atul K. and Krisztin, Tam{\'{a}}s and Kyle, Page and Meiyappan, Prasanth and Popp, Alexander and Sands, Ronald D. and Schaldach, R{\"{u}}diger and Sch{\"{u}}ngel, Jan and Stehfest, Elke and Tabeau, Andrzej and {Van Meijl}, Hans and {Van Vliet}, Jasper and Verburg, Peter H.},
doi = {10.1111/gcb.13337},
issn = {13541013},
journal = {Glob. Chang. Biol.},
keywords = {land-use allocation,land-use change,land-use model uncertainty,map comparison,model intercomparison,model variation},
month = {dec},
number = {12},
pages = {3967--3983},
title = {{Hotspots of uncertainty in land-use and land-cover change projections: a global-scale model comparison}},
url = {http://doi.wiley.com/10.1111/gcb.13337},
volume = {22},
year = {2016}
}
@book{Wickham2016,
author = {Wickham, Hadley},
isbn = {978-3-319-24277-4},
publisher = {Springer-Verlag New York},
title = {{ggplot2: Elegant Graphics for Data Analysis}},
url = {http://ggplot2.org},
year = {2016}
}
@article{Verburg2015,
author = {Verburg, Peter H. and Crossman, Neville and Ellis, Erle C. and Heinimann, Andreas and Hostert, Patrick and Mertz, Ole and Nagendra, Harini and Sikor, Thomas and Erb, Karl Heinz and Golubiewski, Nancy and Grau, Ricardo and Grove, Morgan and Konat{\'{e}}, Souleymane and Meyfroidt, Patrick and Parker, Dawn C. and Chowdhury, Rinku Roy and Shibata, Hideaki and Thomson, Allison and Zhen, Lin},
doi = {10.1016/j.ancene.2015.09.004},
issn = {22133054},
journal = {Anthropocene},
keywords = {Ecosystem,Global Land Project,Human-environment systems,Land cover,Land systems,Land use},
number = {November},
pages = {29--41},
publisher = {Elsevier B.V.},
title = {{Land system science and sustainable development of the earth system: A global land project perspective}},
url = {http://dx.doi.org/10.1016/j.ancene.2015.09.004},
volume = {12},
year = {2015}
}
@misc{Allaire2017,
annote = {R package version 0.4},
author = {Allaire, J J and Gandrud, Christopher and Russell, Kenton and Yetman, C J},
title = {{networkD3: D3 JavaScript Network Graphs from R}},
url = {https://cran.r-project.org/package=networkD3},
year = {2017}
}
@manual{Wickham2019,
annote = {R package version 0.8.3},
author = {Wickham, Hadley and Fran{\c{c}}ois, Romain and Henry, Lionel and M{\"{u}}ller, Kirill},
title = {{dplyr: A Grammar of Data Manipulation}},
url = {https://cran.r-project.org/package=dplyr},
year = {2019}
}
@incollection{Land-use2018,
author = {Land-use, Modeling and Change, Land-cover and Verburg, Peter H and Kok, Kasper and Gilmore, Robert and Jr, Pontius},
booktitle = {Seeing For. Trees},
doi = {10.7551/mitpress/6140.003.0013},
publisher = {The MIT Press},
title = {{Modeling Land-Use/Land-Cover Change}},
url = {https://direct.mit.edu/books/book/2052/chapter/55535/modeling-land-use-land-cover-change},
year = {2005}
}
@article{Moulds2015,
author = {Moulds, S. and Buytaert, W. and Mijic, A.},
doi = {10.5194/gmd-8-3215-2015},
issn = {1991-9603},
journal = {Geosci. Model Dev.},
month = {oct},
number = {10},
pages = {3215--3229},
title = {{An open and extensible framework for spatially explicit land use change modelling: the lulcc R package}},
url = {https://www.geosci-model-dev.net/8/3215/2015/},
volume = {8},
year = {2015}
}
@misc{RStudioTeam2016,
address = {Boston, MA},
author = {{RStudio Team}},
institution = {RStudio, Inc.},
title = {{RStudio: Integrated Development Environment for R}},
url = {http://www.rstudio.com/},
year = {2016}
}
@article{Morin2012,
author = {Morin, A. and Urban, J. and Adams, P. D. and Foster, I. and Sali, A. and Baker, D. and Sliz, P.},
doi = {10.1126/science.1218263},
issn = {0036-8075},
journal = {Science (80-. ).},
month = {apr},
number = {6078},
pages = {159--160},
title = {{Shining Light into Black Boxes}},
url = {http://www.sciencemag.org/cgi/doi/10.1126/science.1218263},
volume = {336},
year = {2012}
}
@article{Peng2011,
author = {Peng, R. D.},
doi = {10.1126/science.1213847},
issn = {0036-8075},
journal = {Science (80-. ).},
month = {dec},
number = {6060},
pages = {1226--1227},
title = {{Reproducible Research in Computational Science}},
url = {http://www.sciencemag.org/cgi/doi/10.1126/science.1213847},
volume = {334},
year = {2011}
}
@article{Rosa2014,
author = {Rosa, Isabel M. D. and Ahmed, Sadia E. and Ewers, Robert M.},
doi = {10.1111/gcb.12523},
issn = {13541013},
journal = {Glob. Chang. Biol.},
month = {jun},
number = {6},
pages = {1707--1722},
title = {{The transparency, reliability and utility of tropical rainforest land-use and land-cover change models}},
url = {http://doi.wiley.com/10.1111/gcb.12523},
volume = {20},
year = {2014}
}
@misc{PontiusJr.2019,
annote = {R package version 0.1.6},
author = {{Pontius Jr.}, Robert Gilmore and Khallaghi, Sam},
title = {{intensity.analysis: Intensity of Change for Comparing Categorical Maps from Sequential Intervals}},
url = {https://cran.r-project.org/package=intensity.analysis},
year = {2019}
}
@article{Chaudhuri2016,
author = {Chaudhuri, Gargi and Mishra, Niti B.},
doi = {10.1016/j.apgeog.2016.01.002},
issn = {01436228},
journal = {Appl. Geogr.},
month = {mar},
pages = {68--83},
title = {{Spatio-temporal dynamics of land cover and land surface temperature in Ganges-Brahmaputra delta: A comparative analysis between India and Bangladesh}},
url = {https://linkinghub.elsevier.com/retrieve/pii/S0143622816300029},
volume = {68},
year = {2016}
}
@article{Mwangi2017,
author = {Mwangi, Hosea and Lariu, Padia and Julich, Stefan and Patil, Sopan and McDonald, Morag and Feger, Karl-Heinz},
doi = {10.3390/f9010008},
issn = {1999-4907},
journal = {Forests},
month = {dec},
number = {1},
pages = {8},
title = {{Characterizing the Intensity and Dynamics of Land-Use Change in the Mara River Basin, East Africa}},
url = {http://www.mdpi.com/1999-4907/9/1/8},
volume = {9},
year = {2017}
}
@article{Huang2018,
author = {Huang, Boqiang and Huang, Jinliang and {Gilmore Pontius}, Robert and Tu, Zhenshun},
doi = {10.1016/j.ecolind.2017.12.057},
issn = {1470160X},
journal = {Ecol. Indic.},
month = {jun},
pages = {336--347},
title = {{Comparison of Intensity Analysis and the land use dynamic degrees to measure land changes outside versus inside the coastal zone of Longhai, China}},
url = {https://linkinghub.elsevier.com/retrieve/pii/S1470160X1730849X},
volume = {89},
year = {2018}
}
@article{Souza2017,
author = {de Souza, Carlos Henrique Wachholz and Cervi, Walter Rossi and Brown, J. Christopher and Rocha, Jansle Vieira and Lamparelli, Rubens Augusto Camargo},
doi = {10.1080/1747423X.2017.1404647},
issn = {1747-423X},
journal = {J. Land Use Sci.},
month = {nov},
number = {6},
pages = {457--476},
title = {{Mapping and evaluating sugarcane expansion in Brazil's savanna using MODIS and intensity analysis: a case-study from the state of Tocantins}},
url = {https://www.tandfonline.com/doi/full/10.1080/1747423X.2017.1404647},
volume = {12},
year = {2017}
}
@article{Yu2019a,
author = {Yu, Jia and Li, Weidong and Zhang, Chuanrong},
doi = {10.1016/j.compenvurbsys.2018.07.007},
issn = {01989715},
journal = {Comput. Environ. Urban Syst.},
month = {jan},
pages = {16--26},
title = {{A framework of experimental transiogram modelling for Markov chain geostatistical simulation of landscape categories}},
url = {https://linkinghub.elsevier.com/retrieve/pii/S0198971517305653},
volume = {73},
year = {2019}
}
@article{Herold2006,
author = {Herold, M. and Latham, J. S. and {Di Gregorio}, A. and Schmullius, C. C.},
doi = {10.1080/17474230601079316},
issn = {1747-423X},
journal = {J. Land Use Sci.},
month = {dec},
number = {2-4},
pages = {157--168},
title = {{Evolving standards in land cover characterization}},
url = {http://www.tandfonline.com/doi/abs/10.1080/17474230601079316},
volume = {1},
year = {2006}
}
@article{Subasinghe2016,
author = {Subasinghe, Shyamantha and Estoque, Ronald and Murayama, Yuji},
doi = {10.3390/ijgi5110197},
issn = {2220-9964},
journal = {ISPRS Int. J. Geo-Information},
month = {oct},
number = {11},
pages = {197},
title = {{Spatiotemporal Analysis of Urban Growth Using GIS and Remote Sensing: A Case Study of the Colombo Metropolitan Area, Sri Lanka}},
url = {http://www.mdpi.com/2220-9964/5/11/197},
volume = {5},
year = {2016}
}
@article{Hurtt2011,
author = {Hurtt, G. C. and Chini, L. P. and Frolking, S. and Betts, R. A. and Feddema, J. and Fischer, G. and Fisk, J. P. and Hibbard, K. and Houghton, R. A. and Janetos, A. and Jones, C. D. and Kindermann, G. and Kinoshita, T. and {Klein Goldewijk}, Kees and Riahi, K. and Shevliakova, E. and Smith, S. and Stehfest, E. and Thomson, A. and Thornton, P. and van Vuuren, D. P. and Wang, Y. P.},
doi = {10.1007/s10584-011-0153-2},
issn = {0165-0009},
journal = {Clim. Change},
month = {nov},
number = {1-2},
pages = {117--161},
title = {{Harmonization of land-use scenarios for the period 1500–2100: 600 years of global gridded annual land-use transitions, wood harvest, and resulting secondary lands}},
url = {http://link.springer.com/10.1007/s10584-011-0153-2},
volume = {109},
year = {2011}
}
@book{Lambin2006,
address = {Berlin, Heidelberg},
doi = {10.1007/3-540-32202-7},
editor = {Lambin, Eric F. and Geist, Helmut},
isbn = {978-3-540-32201-6},
publisher = {Springer Berlin Heidelberg},
series = {Global Change - The IGBP Series},
title = {{Land-Use and Land-Cover Change}},
url = {http://link.springer.com/10.1007/3-540-32202-7},
year = {2006}
}
@article{Lambin1997,
author = {Lambin, Eric F.},
doi = {10.1177/030913339702100303},
issn = {0309-1333},
journal = {Prog. Phys. Geogr. Earth Environ.},
month = {sep},
number = {3},
pages = {375--393},
title = {{Modelling and monitoring land-cover change processes in tropical regions}},
url = {http://journals.sagepub.com/doi/10.1177/030913339702100303},
volume = {21},
year = {1997}
}
@article{Muller2014,
author = {M{\"{u}}ller, Daniel and Munroe, Darla K.},
doi = {10.1080/1747423X.2014.883731},
issn = {1747-423X},
journal = {J. Land Use Sci.},
month = {apr},
number = {2},
pages = {133--142},
title = {{Current and future challenges in land-use science}},
url = {http://www.tandfonline.com/doi/abs/10.1080/1747423X.2014.883731},
volume = {9},
year = {2014}
}
@article{Dou2018,
author = {Dou, Yue and da Silva, Ramon Felipe Bicudo and Yang, Hongbo and Liu, Jianguo},
doi = {10.1007/s11442-018-1539-0},
issn = {1009-637X},
journal = {J. Geogr. Sci.},
month = {nov},
number = {11},
pages = {1715--1732},
title = {{Spillover effect offsets the conservation effort in the Amazon}},
url = {http://link.springer.com/10.1007/s11442-018-1539-0},
volume = {28},
year = {2018}
}
@article{Yang2017,
author = {Yang, Hui and Li, Songnian and Chen, Jun and Zhang, Xiaolu and Xu, Shishuo},
doi = {10.3390/ijgi6050154},
issn = {2220-9964},
journal = {ISPRS Int. J. Geo-Information},
month = {may},
number = {5},
pages = {154},
title = {{The Standardization and Harmonization of Land Cover Classification Systems towards Harmonized Datasets: A Review}},
url = {http://www.mdpi.com/2220-9964/6/5/154},
volume = {6},
year = {2017}
}
@article{Varga2019,
author = {Varga, Orsolya Gy{\"{o}}ngyi and Pontius, Robert Gilmore and Singh, Sudhir Kumar and Szab{\'{o}}, Szil{\'{a}}rd},
doi = {10.1016/j.ecolind.2019.01.057},
issn = {1470160X},
journal = {Ecol. Indic.},
keywords = {CA-Markov,Cellular automata,Figure of Merit,Intensity Analysis,Land change,Validation},
month = {jun},
number = {January},
pages = {933--942},
publisher = {Elsevier},
title = {{Intensity Analysis and the Figure of Merit's components for assessment of a Cellular Automata – Markov simulation model}},
url = {https://linkinghub.elsevier.com/retrieve/pii/S1470160X19300743 https://doi.org/10.1016/j.ecolind.2019.01.057},
volume = {101},
year = {2019}
}
@manual{Exavier2020,
title = {OpenLand: Quantitative Analysis and Visualization of LUCC},
author = {Exavier, Reginal and Zeilhofer, Peter},
year = {2020},
note = {R package version 1.0.1},
url = {https://CRAN.R-project.org/package=OpenLand},
}

