@Manual{r1,
  title = {\pkg{gee}: Generalized Estimation Equation Solver},
  author = {Vincent J Carey},
  year = {2015},
  note = {R package version 4.13-19},
}

@Manual{r2,
  title = {\pkg{yags}: Yet Another GEE Solve},
  author = {Vincent J Carey},
  year = {2011},
  note = {R package version 6.1-13},
}

@Book{r4,
  author = {Raymond J Carroll and David Ruppert and Leonard A Stefanski and Ciprian M Crainiceanu},
  title = {Measurement Error in Nonlinear Models: A Modern Perspective},
  edition = {2nd},
  year = {2006},
  publisher = {Chapman \& Hall/CRC},
  address = {Boca Raton, Florida},
}

@Article{r5,
  title = {Simulation-Extrapolation Estimation in Parametric Measurement Error Models},
  author = {J R Cook and Leonard A Stefanski},
  journal = {Journal of the American Statistical Association},
  volume = {89},
  number = {428},
  pages = {1314--1328},
  year = {1994},
  url = {https://doi.org/10.1080/01621459.1994.10476871},
}

@Article{r6,
  title = {Empirical Simulation Extrapolation for Measurement Error Models with Replicate Measurements},
  author = {Viswanath Devanarayan and Leonard A Stefanski},
  journal = {Statistics and Probability Letters},
  volume = {59},
  number = {3},
  pages = {219--225},
  year = {2002},
  url = {https://doi.org/10.1016/S0167-7152(02)00098-6},
}

@Article{r7,
  author = {Peter J Diggle and Michael G Kenward},
  title = {Informative Drop-out in Longitudinal Data Analysis (with Discussion)},
  journal = {Applied Statistics},
  volume = {43},
  number = {1},
  pages = {49--93},
  year = {1994},
  url = {https://doi.org/10.2307/2986113},
}

@Book{r8,
  title = {Measurement Error Models},
  author = {Wayne A Fuller},
  year = {1987},
  publisher = {John Wiley \& Sons},
  address = {New York},
}

@Book{r9,
  author = {Alan Genz and Frank Bretz},
  title = {Computation of Multivariate Normal and t Probabilities},
  year = {2009},
  publisher = {Springer-Verlag},
  address = {New York},
}

@Manual{r10,
  title = {\pkg{mvtnorm}: Multivariate Normal and t Distributions},
  author = {Alan Genz and Frank Bretz and Tetsuhisa Miwa and Xuefei Mi and Torsten Hothorn},
  year = {2018},
  note = {R package version 1.0-7},
}

@Article{r11,
  title = {SIMEX {R} Package for Accelerated Failure Time Models with Covariate Measurement Error},
  author = {Wenqing He and Juan Xiong and Grace Y Yi},
  journal = {Journal of Statistical Software},
  volume = {46},
  number = {1},
  pages = {1--14},
  year = {2012},
  url = {https://doi.org/10.18637/jss.v046.c01},
}

@Article{r13,
  title = {The R Package Geepack for Generalized Estimating Equations},
  author = {Søren Højsgaard and Ulrich Halekoh and Jun Yan},
  journal = {Journal of Statistical Software},
  volume = {15},
  number = {2},
  pages = {1--11},
  year = {2005},
  url = {https://doi.org/10.18637/jss.v015.i02},
}

@Article{r14,
  title = {Selection Models for Repeated Measurements with Non-Random Dropout: An Illustration of Sensitivity},
  author = {Michael G Kenward},
  journal = {Statistics in Medicine},
  volume = {17},
  number = {23},
  pages = {2723--2732},
  year = {1998},
  url = {https://doi.org/10.1002/(SICI)1097-0258(19981215)17:23<2723::AID-SIM38>3.0.CO;2-5},
}

@Article{r15,
  author = {Tze Leung Lai and Dylan S Small},
  title = {Marginal Regression Analysis of Longitudinal Data with Time-Dependent Covariates: A Generalized Method-of-Moments Approach},
  journal = {Journal of The Royal Statistical Society Series B-statistical Methodology},
  volume = {69},
  number = {1},
  pages = {79--99},
  year = {2007},
  url = {https://doi.org/10.1111/j.1467-9868.2007.00578.x},
}

@Article{r16,
  title = {Longitudinal Data Analysis Using Generalized Linear Models},
  author = {Kung Yee Liang and Scott L Zeger},
  journal = {Biometrika},
  volume = {73},
  number = {1},
  pages = {13--22},
  year = {1986},
  url = {https://doi.org/10.2307/2336267},
}

@Article{r18,
  author = {Guixian Lin and Robert N Rodriguez},
  title = {Weighted Methods for Analyzing Missing Data with the GEE Procedure},
  journal = {Paper SAS166-2015},
  pages = {1--8},
  year = {2015},
}

@Book{r19,
  author = {Roderick J. A. Little and Donald B Rubin},
  title = {Statistical Analysis with Missing Data},
  edition = {2nd},
  year = {2002},
  publisher = {John Wiley \& Sons},
  address = {New Jersey},
}

@Article{r20,
  title = {Simultaneous Inference for Semiparametric Nonlinear Mixed-Effects Models with Covariate Measurement Errors and Missing Responses},
  author = {Wei Liu and Lang Wu},
  journal = {Biometrics},
  volume = {63},
  number = {2},
  pages = {342--350},
  year = {2007},
  url = {https://doi.org/10.1111/j.1541-0420.2006.00687.x},
}

@Article{r22,
  title = {Performance of Weighted Estimating Equations for Longitudinal Binary Data with Drop-Outs Missing at Random},
  author = {John S Preisser and Kurt K Lohman and Paul J Rathouz},
  journal = {Statistics in Medicine},
  volume = {21},
  number = {20},
  pages = {3035--3054},
  year = {2002},
  url = {https://doi.org/10.1002/sim.1241},
}

@Article{r24,
  title = {Analysis of Semiparametric Regression Models for Repeated Outcomes in the Presence of Missing Data},
  author = {James M Robins and Andrea Rotnitzky and Lueping Zhao},
  journal = {Journal of the American Statistical Association},
  volume = {90},
  number = {429},
  pages = {106--121},
  year = {1995},
  url = {https://doi.org/10.1080/01621459.1995.10476493},
}

@Article{r26,
  author = {G. Y. Yi},
  title = {A Simulation-Based Marginal Method for Longitudinal Data with Dropout and Mismeasured Covariates},
  journal = {Biostatistics},
  volume = {9},
  number = {3},
  pages = {501--512},
  year = {2008},
  url = {https://doi.org/10.1093/biostatistics/kxm054},
}

@Article{r28,
  author = {Grace Y. Yi and Yanyuan Ma and Raymond J. Carroll},
  title = {A Functional Generalized Method of Moments Approach for Longitudinal Studies with Missing Responses and Covariate Measurement Error},
  year = {2012},
  journal = {Biometrika},
  volume = {99},
  number = {1},
  pages = {151--165},
  url = {https://doi.org/10.1093/biomet/asr076},
}

@Book{R29,
  author = {G. Y. Yi},
  title = {Statistical Analysis with Measurement Error or Misclassification},
  publisher = {Springer-Verlag},
  year = {2017},
  address = {New York},
}

@Book{R30,
  author = {John P. Buonaccorsi},
  title = {Measurement Error: Models, Methods, and Applications},
  publisher = {Chapman \& Hall/CRC},
  year = {2010},
  address = {Boca Raton, Florida},
}

@Book{R31,
  author = {Paul Gustafson},
  title = {Measurement Error and Misclassification in Statistics and Epidemiology},
  publisher = {Chapman \& Hall/CRC},
  year = {2003},
  address = {Boca Raton, Florida},
}

@Article{R32,
  author = {C. Y. Wang and Yijian Huang and Edward C. Chao and Marjorie K. Jeffcoat},
  title = {Expected Estimating Equations for Missing Data, Measurement Error, and Misclassification, with Application to Longitudinal Nonignorable Missing Data},
  year = {2008},
  journal = {Biometrics},
  volume = {64},
  number = {1},
  pages = {85--95},
  url = {https://doi.org/10.1111/j.1541-0420.2007.00839.x},
}

@Article{R33,
  author = {A. Qu and G. Y. Yi and P. X. K. Song and P. Wang},
  title = {Assessing the Validity of Weighted Generalized Estimating Equations},
  year = {2011},
  journal = {Biometrika},
  volume = {98},
  number = {1},
  pages = {215--224},
  url = {https://doi.org/10.1093/biomet/asq078},
}

@Manual{r34,
  title = {\pkg{wgeesel}: Weighted Generalized Estimating Equations and Model Selection},
  author = {C. Xu and Z. Li and M. Wang},
  year = {2018},
  note = {R package version 1.5},
}

@Manual{r35,
  title = {\pkg{geepack}: Generalized Estimating Equation Package},
  author = {Soren Hojsgaard and Ulrich Halekoh and Jun Yan},
  year = {2016},
  note = {R package version 1.2-1},
}

@Manual{r36,
  title = {\pkg{swgee}: Simulation Extrapolation Inverse Probability Weighted Generalized Estimating Equations},
  author = {Juan Xiong and G. Y. Yi},
  year = {2018},
  note = {R package version 1.2},
}

@Manual{r37,
  author = {{SAS Institute Inc.}},
  title = {{SAS/STAT} Software, Version~13.2},
  year = {2014},
  address = {Cary, NC},
  url = {http://www.sas.com/},
}
