% put bibtex entries here!
@Manual{table1,
    title = {{table1}: Tables of Descriptive Statistics in {HTML}},
    author = {Benjamin Rich},
    year = {2023},
    note = {R package version 1.4.3},
    url = {https://CRAN.R-project.org/package=table1},
  }
  
@article{zhao2022semiparametric,
  title={Semiparametric latent class analysis of recurrent event data},
  author={Zhao, Wei and Peng, Limin and Hanfelt, John},
  journal={Journal of the Royal Statistical Society Series B: Statistical Methodology},
  year={2022},
  url = {https://doi.org/10.1111/rssb.12499}
}

@article{andersen1982cox,
  title={{Cox's} regression model for counting processes: a large sample study},
  author={Andersen, Per Kragh and Gill, Richard D},
  journal={The annals of statistics},
  year={1982},
  url = {https://www.jstor.org/stable/2240714}
}

@manual{survival-package,
  title = {A Package for Survival Analysis in {R}},
  author = {Terry M Therneau},
  year = {2023},
  note = {R package version 3.5-3},
  url = {https://CRAN.R-project.org/package=survival},
}

@manual{rms,
  title = {{rms}: Regression Modeling Strategies},
  author = {Frank E {Harrell Jr}},
  year = {2023},
  note = {R package version 6.6-0},
  url = {https://CRAN.R-project.org/package=rms},
}


@article{wang2001analyzing,
  title={Analyzing recurrent event data with informative censoring},
  author={Wang, Mei-Cheng and Qin, Jing and Chiang, Chin-Tsang},
  journal={Journal of the American Statistical Association},
  year={2001},
  url = {https://doi.org/10.1198/016214501753209031}
}

@article{clement2009conditional,
  title={Conditional {GEE} for recurrent event gap times},
  author={Clement, David Y and Strawderman, Robert L},
  journal={Biostatistics},
  year={2009},
  url = {https://doi.org/10.1093/biostatistics/kxp004}
}

@article{fine2004temporal,
  title={Temporal process regression},
  author={Fine, JP and Yan, J and Kosorok, MR},
  journal={Biometrika},
  year={2004},
  url = {https://doi.org/10.1093/biomet/91.3.683}
}

@article{yan2004estimating,
  title={Estimating equations for association structures},
  author={Yan, Jun and Fine, Jason},
  journal={Statistics in medicine},
  year={2004},
  url = {https://doi.org/10.1002/sim.1650}
}


@article{flexmix,
  title = {{FlexMix} Version 2: Finite Mixtures with Concomitant Variables and Varying and Constant Parameters},
  author = {Bettina Gr\"un and Friedrich Leisch},
  journal = {Journal of Statistical Software},
  year = {2008},
  url = {https://doi.org/10.18637/jss.v028.i04}
}
  
@article{lcmm,
  title = {Estimation of Extended Mixed Models Using Latent Classes and Latent Processes: The {R} Package {lcmm}},
  author = {C\'ecile Proust-Lima and Viviane Philipps and Benoit Liquet},
  journal = {Journal of Statistical Software},
  year = {2017},
  url = {https://doi.org/10.18637/jss.v078.i02}
}

@book{ggplot2,
  title = {{ggplot2}: Elegant Graphics for Data Analysis},
  author = {Hadley Wickham},
  publisher = {Springer-Verlag New York},
  year = {2016},
  url = {https://ggplot2.tidyverse.org},
}

@article{stefanski1987conditional,
  title={Conditional scores and optimal scores for generalized linear measurement-error models},
  author={Stefanski, Leonard A and Carroll, Raymond J},
  journal={Biometrika},
  year={1987},
  url = {https://doi.org/10.1093/biomet/74.4.703}
}

@article{lloyd1982least,
  title={Least squares quantization in {PCM}},
  author={Lloyd, Stuart},
  journal={IEEE transactions on information theory},
  year={1982},
  url = {https://doi.org/10.1109/TIT.1982.1056489}
}

@article{reReg,
    title = {Regression Modeling for Recurrent Events Possibly with an
      Informative Terminal Event Using {R} Package {reReg}},
    author = {Sy Han Chiou and Gongjun Xu and Jun Yan and Chiung-Yu
      Huang},
    journal = {Journal of Statistical Software},
    year = {2023},
    url = {https://doi.org/10.18637/jss.v105.i05}
  }

@Book{nnet,
    title = {Modern Applied Statistics with {S}},
    author = {W. N. Venables and B. D. Ripley},
    year = {2002},
    url = {https://www.stats.ox.ac.uk/pub/MASS4/},
}

@article{ramaswamy1993empirical,
  title={An empirical pooling approach for estimating marketing mix elasticities with {PIMS} data},
  author={Ramaswamy, Venkatram and DeSarbo, Wayne S and Reibstein, David J and Robinson, William T},
  journal={Marketing science},
  year={1993},
  url = {https://doi.org/10.1287/mksc.12.1.103}
}

@article{Celeux1996,
author={Celeux, Gilles
and Soromenho, Gilda},
title={An entropy criterion for assessing the number of clusters in a mixture model},
journal={Journal of Classification},
year={1996},
url={https://doi.org/10.1007/BF01246098}
}

@Manual{tidyr,
  title = {{tidyr}: Tidy Messy Data},
  author = {Hadley Wickham and Davis Vaughan and Maximilian Girlich},
  year = {2023},
  note = {R package version 1.3.0},
  url = {https://CRAN.R-project.org/package=tidyr},
}

@article{reshape2,
    title = {Reshaping Data with the {reshape} Package},
    author = {Hadley Wickham},
    journal = {Journal of Statistical Software},
    year = {2007},
    url = {http://www.jstatsoft.org/v21/i12/},
  }

@article{ducreux2011sequential,
  title={Sequential versus combination chemotherapy for the treatment of advanced colorectal cancer (FFCD 2000--05): an open-label, randomised, phase 3 trial},
  author={Ducreux, Michel and Malka, David and Mendiboure, Jean and Etienne, Pierre-Luc and Texereau, Patrick and Auby, Dominique and Rougier, Philippe and Gasmi, Mohamed and Castaing, Marine and Abbas, Moncef and others},
  journal={The lancet oncology},
  year={2011},
  url = {https://doi.org/10.1016/S1470-2045(11)70199-1}
}

@article{rondeau2012frailtypack,
  title={{frailtypack}: an {R} package for the analysis of correlated survival data with frailty models using penalized likelihood estimation or parametrical estimation},
  author={Rondeau, Virginie and Marzroui, Yassin and Gonzalez, Juan R},
  journal={Journal of Statistical Software},
  year={2012},
  url = {https://doi.org/10.18637/jss.v047.i04}
}

