@Manual{R,
  title = {R: A Language and Environment for Statistical Computing},
  author = {{R Core Team}},
  organization = {R Foundation for Statistical Computing},
  address = {Vienna, Austria},
  year = {2012},
  note = {{ISBN} 3-900051-07-0},
  url = {http://www.R-project.org/},
}

@article{ihaka:1996,
  Author = {Ihaka, Ross and Gentleman, Robert},
	Journal = {Journal of Computational and Graphical Statistics},
	Number = 3,
	Pages = {299--314},
	Title = {R: A Language for Data Analysis and Graphics},
	Volume = 5,
	Year = 1996}

@article{steenberghen2010spatial,
  title={Spatial clustering of events on a network},
  author={Steenberghen, Th{\'e}r{\`e}se and Aerts, Koen and Thomas, Isabelle},
  journal={Journal of Transport Geography},
  volume={18},
  number={3},
  pages={411--418},
  year={2010},
  publisher={Elsevier},
  url={https://doi.org/10.1016/j.jtrangeo.2009.08.005}
}

@book{baddeley2015spatial,
  title={Spatial point patterns: methodology and applications with R},
  author={Baddeley, Adrian and Rubak, Ege and Turner, Rolf},
  year={2015},
  publisher={CRC press}
}

@article{xie2008kernel,
  title={Kernel density estimation of traffic accidents in a network space},
  author={Xie, Zhixiao and Yan, Jun},
  journal={Computers, environment and urban systems},
  volume={32},
  number={5},
  pages={396--406},
  year={2008},
  publisher={Elsevier},
  url={https://doi.org/10.1016/j.compenvurbsys.2008.05.001}
}

@article{xie2013detecting,
  title={Detecting traffic accident clusters with network kernel density estimation and local spatial statistics: an integrated approach},
  author={Xie, Zhixiao and Yan, Jun},
  journal={Journal of transport geography},
  volume={31},
  pages={64--71},
  year={2013},
  publisher={Elsevier},
  url={https://doi.org/10.1016/j.jtrangeo.2013.05.009}
}

@article{okabe2009kernel,
  title={A kernel density estimation method for networks, its computational method and a GIS-based tool},
  author={Okabe, Atsuyuki and Satoh, Toshiaki and Sugihara, Kokichi},
  journal={International Journal of Geographical Information Science},
  volume={23},
  number={1},
  pages={7--32},
  year={2009},
  publisher={Taylor \& Francis},
  url={https://doi.org/10.1080/13658810802475491}
}

@article{mcswiggan2017kernel,
  title={Kernel density estimation on a linear network},
  author={McSwiggan, Greg and Baddeley, Adrian and Nair, Gopalan},
  journal={Scandinavian Journal of Statistics},
  volume={44},
  number={2},
  pages={324--345},
  year={2017},
  publisher={Wiley Online Library},
  url={https://doi.org/10.1111/sjos.12255}
}

@article{okabe2006uniform,
  title={Uniform network transformation for points pattern analysis on a non-uniform network},
  author={Okabe, Atsuyuki and Satoh, Toshiaki},
  journal={Journal of Geographical Systems},
  volume={8},
  number={1},
  pages={25--37},
  year={2006},
  publisher={Springer},
  url={https://doi.org/10.1007/s10109-005-0009-2}
}

@article{okabe2006sanet,
  title={The SANET toolbox: new methods for network spatial analysis},
  author={Okabe, Atsuyuki and Okunuki, Kei-Ichi and Shiode, Shino},
  journal={Transactions in GIS},
  volume={10},
  number={4},
  pages={535--550},
  year={2006},
  publisher={Wiley Online Library},
  url={https://doi.org/10.1111/j.1467-9671.2006.01011.x}
}

@article{o2007surface,
  title={A surface-based approach to measuring spatial segregation},
  author={O'Sullivan, David and Wong, David WS},
  journal={Geographical analysis},
  volume={39},
  number={2},
  pages={147--168},
  year={2007},
  publisher={Wiley Online Library},
  url={https://doi.org/10.1111/j.1538-4632.2007.00699.x}
}

@inproceedings{turlach1993bandwidth,
  title={Bandwidth selection in kernel density estimation: A review},
  author={Turlach, Berwin A},
  booktitle={CORE and Institut de Statistique},
  year={1993},
  organization={Citeseer}
}

@article{diggle1985kernel,
  title={A kernel method for smoothing point process data},
  author={Diggle, Peter},
  journal={Journal of the Royal Statistical Society: Series C (Applied Statistics)},
  volume={34},
  number={2},
  pages={138--147},
  year={1985},
  publisher={Wiley Online Library},
  url={https://doi.org/10.2307/2347366}
}

@article{abramson1982bandwidth,
  title={On bandwidth variation in kernel estimates-a square root law},
  author={Abramson, Ian S},
  journal={The annals of Statistics},
  pages={1217--1223},
  year={1982},
  publisher={JSTOR},
  url={https://www.jstor.org/stable/2240724 }
}

@book{okabe2012spatial,
  title={Spatial analysis along networks: statistical and computational methods},
  author={Okabe, Atsuyuki and Sugihara, Kokichi},
  year={2012},
  publisher={John Wiley \& Sons}
}

@Manual{desktop2017release,
  title={ArcGIS Desktop: Release 10.5. 1},
  author={ESRI},
  journal={Environmental Systems Research Institute: Redlands, CA, USA},
  year={2017}
}

@Manual{qgis2016qgis,
    title = {QGIS Geographic Information System},
    author = {{QGIS Development Team}},
    organization = {Open Source Geospatial Foundation},
    year = {2020},
    url = {http://qgis.osgeo.org},
  }

@book{silverman1986density,
  title={Density estimation for statistics and data analysis},
  author={Silverman, Bernard W},
  volume={26},
  year={1986},
  publisher={CRC press}
}

@inproceedings{tang2013comparative,
  title={A comparative study of the application of the standard kernel density estimation and network kernel density estimation in crash hotspot identification},
  author={Tang, Yue and Knodler, Michael A and Park, Mi-Hyun},
  booktitle={16th International Conference Road Safety on Four Continents. Beijing, China (RS4C 2013). 15-17 May 2013},
  year={2013},
  organization={Statens v{\"a}g-och transportforskningsinstitut}
}

@misc{hwang2012user,
  title={User manual for GeoDaNet: spatial analysis on undirected networks},
  author={Hwang, Myung-Hwa and Winslow, Andrew},
  journal={2012-03-22]. https://geodacenter. asu. edu/drupal\_files/Geodanet\_Manual\_03\_2012. pdf},
  year={2012}
}

@article{borruso2003network,
  title={Network density and the delimitation of urban areas},
  author={Borruso, Giuseppe},
  journal={Transactions in GIS},
  volume={7},
  number={2},
  pages={177--191},
  year={2003},
  publisher={Wiley Online Library},
  url={https://doi.org/10.1111/1467-9671.00139}
}

@article{flahaut2003local,
  title={The local spatial autocorrelation and the kernel method for identifying black zones: A comparative approach},
  author={Flahaut, Beno{\i}Ì‚t and Mouchart, Michel and San Martin, Ernesto and Thomas, Isabelle},
  journal={Accident Analysis \& Prevention},
  volume={35},
  number={6},
  pages={991--1004},
  year={2003},
  publisher={Elsevier},
  url={https://doi.org/10.1016/S0001-4575(02)00107-0}
}

@article{porta2009street,
  title={Street centrality and densities of retail and services in Bologna, Italy},
  author={Porta, Sergio and Strano, Emanuele and Iacoviello, Valentino and Messora, Roberto and Latora, Vito and Cardillo, Alessio and Wang, Fahui and Scellato, Salvatore},
  journal={Environment and Planning B: Planning and design},
  volume={36},
  number={3},
  pages={450--465},
  year={2009},
  publisher={SAGE Publications Sage UK: London, England},
  url={https://doi.org/10.1068/b34098}
}

@article{yamada2004comparison,
  title={Comparison of planar and network K-functions in traffic accident analysis},
  author={Yamada, Ikuho and Thill, Jean-Claude},
  journal={Journal of Transport Geography},
  volume={12},
  number={2},
  pages={149--158},
  year={2004},
  publisher={Elsevier},
  url={https://doi.org/10.1016/j.jtrangeo.2003.10.006}
}


@misc{baddeley2004spatstat,
  title={Spatstat: An R package for analyzing spatial point pattens},
  author={Baddeley, Adrian J and Turner, Rolf and others},
  year={2004},
  publisher={University of Western Australia. Department of Mathematics and Statistics}
}

@Manual{rcpp,
  title = {Rcpp: Seamless R and C++ Integration},
  author = {Dirk Eddelbuettel and Romain Francois and JJ Allaire and Kevin Ushey and Qiang Kou and Nathan Russell and Douglas Bates and John Chambers},
  year = {2020},
  note = {R package version 1.0.5},
  url = {https://CRAN.R-project.org/package=Rcpp},
}

@Manual{rgdal,
  title = {rgdal: Bindings for the 'Geospatial' Data Abstraction Library},
  author = {Roger Bivand and Tim Keitt and Barry Rowlingson},
  year = {2020},
  note = {R package version 1.5-12},
  url = {https://CRAN.R-project.org/package=rgdal},
}

@Manual{sp,
  title = {sp: Classes and Methods for Spatial Data},
  author = {Edzer Pebesma and Roger Bivand},
  year = {2020},
  note = {R package version 1.4-2},
  url = {https://CRAN.R-project.org/package=sp},
}

@Manual{rgeos,
  title = {rgeos: Interface to Geometry Engine - Open Source ('GEOS')},
  author = {Roger Bivand and Colin Rundel},
  year = {2020},
  note = {R package version 0.5-3},
  url = {https://CRAN.R-project.org/package=rgeos},
}

@Manual{maptools,
  title = {maptools: Tools for Handling Spatial Objects},
  author = {Roger Bivand and Nicholas Lewin-Koh},
  year = {2020},
  note = {R package version 1.0-1},
  url = {https://CRAN.R-project.org/package=maptools},
}

@Manual{igraph,
  title = {igraph: Network Analysis and Visualization},
  author = {Gabor Csardi and Tamas Nepusz},
  year = {2020},
  note = {R package version 1.2.5},
  url = {https://CRAN.R-project.org/package=igraph},
}

@Manual{searchtrees,
  title = {SearchTrees: Spatial Search Trees},
  author = {Gabriel Becker},
  year = {2012},
  note = {R package version 0.5.2},
  url = {https://CRAN.R-project.org/package=SearchTrees},
}

@Manual{future,
  title = {future: Unified Parallel and Distributed Processing in R for Everyone},
  author = {Henrik Bengtsson},
  year = {2020},
  note = {R package version 1.17.0},
  url = {https://CRAN.R-project.org/package=future},
}

@Manual{future_apply,
  title = {future.apply: Apply Function to Elements in Parallel using Futures},
  author = {Henrik Bengtsson},
  year = {2020},
  note = {R package version 1.6.0},
  url = {https://CRAN.R-project.org/package=future.apply},
}

@Manual{rcpparmadillo,
  title = {RcppArmadillo: 'Rcpp' Integration for the 'Armadillo' Templated Linear Algebra
Library},
  author = {Dirk Eddelbuettel and Romain Francois and Doug Bates and Binxiang Ni},
  year = {2020},
  note = {R package version 0.9.900.1.0},
  url = {https://CRAN.R-project.org/package=RcppArmadillo},
}

@Article{spatstat,
    title = {{spatstat}: An {R} Package for Analyzing Spatial Point Patterns},
    author = {Adrian Baddeley and Rolf Turner},
    journal = {Journal of Statistical Software},
    year = {2005},
    volume = {12},
    number = {6},
    pages = {1--42},
    url = {http://www.jstatsoft.org/v12/i06/},
  }

@misc{rloops,
    title = {How can I avoid this loop or make it faster?},
    author = {Uwe Ligges and John Fox},
    journal = {R News},
    year = {2008},
    volume = {8},
    number = {1},
    pages = {46--50},
    url = {http://www.r-project.org/doc/Rnews/Rnews_2008-1.pdf},
  }
