%% This BibTeX bibliography file was created using BibDesk.
%% http://bibdesk.sourceforge.net/


%% Created for John Mount at 2018-12-21 15:08:36 -0800 


%% Saved with string encoding Unicode (UTF-8) 



@manual{dplyr,
	Author = {Hadley Wickham and Romain Francois and Lionel Henry and Kirill M{\"u}ller},
	Note = {R package version 0.7.4},
	Title = {dplyr: A Grammar of Data Manipulation},
	Url = {https://CRAN.R-project.org/package=dplyr},
	Year = {2017},
	Bdsk-Url-1 = {https://CRAN.R-project.org/package=dplyr}}

@manual{datatable,
	Author = {Matt Dowle and Arun Srinivasan},
	Note = {R package version 1.10.4-3},
	Title = {data.table: Extension of `data.frame`},
	Url = {https://CRAN.R-project.org/package=data.table},
	Year = {2017},
	Bdsk-Url-1 = {https://CRAN.R-project.org/package=data.table}}

@manual{wrapr,
	Author = {John Mount and Nina Zumel},
	Title = {wrapr: Wrap R Functions for Debugging and Parametric Programming},
	Url = {https://CRAN.R-project.org/package=wrapr},
	Year = {2018},
	Bdsk-Url-1 = {https://CRAN.R-project.org/package=wrapr}}

@manual{magrittr,
	Author = {Stefan Milton Bache and Hadley Wickham},
	Note = {R package version 1.5},
	Title = {magrittr: A Forward-Pipe Operator for R},
	Url = {https://CRAN.R-project.org/package=magrittr},
	Year = {2014},
	Bdsk-Url-1 = {https://CRAN.R-project.org/package=magrittr}}

@manual{rmonad,
	Author = {Zebulun Arendsee},
	Note = {R package version 0.4.0},
	Title = {rmonad: A Monadic Pipeline System},
	Url = {https://CRAN.R-project.org/package=rmonad},
	Year = {2017},
	Bdsk-Url-1 = {https://CRAN.R-project.org/package=rmonad}}

@manual{pipeR,
	Author = {Kun Ren},
	Note = {R package version 0.6.1.3},
	Title = {pipeR: Multi-Paradigm Pipeline Implementation},
	Url = {https://CRAN.R-project.org/package=pipeR},
	Year = {2016},
	Bdsk-Url-1 = {https://CRAN.R-project.org/package=pipeR}}

@manual{future,
	Author = {Henrik Bengtsson},
	Note = {R package version 1.6.2},
	Title = {future: Unified Parallel and Distributed Processing in R for Everyone},
	Url = {https://CRAN.R-project.org/package=future},
	Year = {2017},
	Bdsk-Url-1 = {https://CRAN.R-project.org/package=future}}

@manual{rquery,
	Author = {John Mount},
	Note = {R package version 0.3.0},
	Title = {rquery: Relational Query Generator for Data Manipulation},
	Url = {https://CRAN.R-project.org/package=rquery},
	Year = {2018},
	Bdsk-Url-1 = {https://CRAN.R-project.org/package=rquery}}

@manual{backpipe,
	Author = {Christopher Brown},
	Note = {R package version 0.1.8.1},
	Title = {backpipe: Backward Pipe Operator},
	Url = {https://CRAN.R-project.org/package=backpipe},
	Year = {2016},
	Bdsk-Url-1 = {https://CRAN.R-project.org/package=backpipe}}

@manual{drake,
	Author = {William Michael Landau},
	Note = {R package version 5.0.0},
	Title = {drake: Data Frames in R for Make},
	Url = {https://CRAN.R-project.org/package=drake},
	Year = {2018},
	Bdsk-Url-1 = {https://CRAN.R-project.org/package=drake}}

@manual{ggplot2,
	Author = {Hadley Wickham and Winston Chang and Lionel Henry and Thomas Lin Pedersen and Kohske Takahashi and Claus Wilke and Kara Woo},
	Note = {R package version 3.0.0},
	Title = {ggplot2: Create Elegant Data Visualisations Using the Grammar of Graphics},
	Url = {https://CRAN.R-project.org/package=ggplot2},
	Year = {2018},
	Bdsk-Url-1 = {https://CRAN.R-project.org/package=ggplot2}}
