@book{Gregoire2008,
author = {T.~G. {Gregoire and H.~T. Valentine}},
title = {{Sampling Strategies for Natural Resources and the Environment}},
publisher = {Chapman and Hall/CRC New York},
year = {2008},
isbn = {9781584883708}
}
@book{Hamann2010,
author = {J.~{Hamann, M.~Ritchie, and the R~Core~team}},
title = {{rconifers: Alternative Interface to the CONIFERS Forest Growth Model, }},
publisher = {R package version 1.0.5},
year = {2010}
}
@book{Harrell2001,
author = {F.~E. {Harrell}},
title = {{Regression Modeling Strategies - with Applications to Linear Models, Logistic Regression, and Survival Analysis}},
publisher = {Springer New York},
year = {2001},
isbn = {0-387-95232-2}
}
@book{Lohr2009,
author = {S.~L. {Lohr}},
title = {{Sampling: Design and Analysis}},
publisher = {Duxbury Press North Scituate Mass. 2nd edition},
year = {2009},
isbn = {9780495105275}
}
@book{Lumley2010,
author = {T.~{Lumley}},
title = {{Complex Surveys: A Guide to Analysis Using R}},
publisher = {Wiley Hoboken NJ},
year = {2010},
isbn = {9780470284308}
}




