@Book{Aguinis:2004vh,
  address = {New York / London},
  author = {H Aguinis},
  publisher = {The Guilford Press},
  title = {Regression Analysis for Categorical Moderators},
  year = {2004},
}

@Article{West:1996bv,
  author = {Stephen G West and Leona S Aiken and Jennifer L Krull},
  journal = {Journal of personality},
  number = {1},
  pages = {1--48},
  title = {{Experimental Personality Designs: Analyzing Categorical by Continuous Variable Interactions}},
  volume = {64},
  year = {1996},
  url = {https://doi.org/10.1111/j.1467-6494.1996.tb00813.x},
}

@Book{Census:2013aa,
  address = {United States of America},
  author = {{Census}},
  publisher = {prepared by the U.S. Census Bureau},
  title = {Public Use Microdata Sample (PUMS)},
  year = {2013},
  url = {https://doi.org/10.3886/icpsr33802.v1},
}

@Book{Lammers:1991aa,
  address = {Muiderberg},
  author = {Jan Lammers},
  publisher = {Coutinho},
  title = {Grootschalig Veldonderzoek. Inleiding in De Data-Analyse (An Introduction to the Analysis of Observational Data)},
  year = {1991},
}

@Article{Sweeney:1972kz,
  author = {R E Sweeney and E F Ulveling},
  journal = {The American Statistician},
  title = {{A Transformation for Simplifying the Interpretation of Coefficients of Binary Variables in Regression Analysis}},
  year = {1972},
  url = {https://doi.org/10.1080/00031305.1972.10478949},
}

@Article{Grotenhuis:2016hz,
  author = {Manfred Grotenhuis and Ben Pelzer and Rob Eisinga and Rense Nieuwenhuis and Alexander Schmidt-Catran and Ruben Konig},
  journal = {International Journal of Public Health},
  number = {1},
  pages = {263-167},
  title = {{When Size Matters: Advantages of Weighted Effect Coding in Observational Studies}},
  volume = {62},
  year = {2017},
  url = {https://doi.org/10.1007/s00038-016-0902-0},
}

@Article{Grotenhuis:2016dw,
  author = {Manfred Grotenhuis and Ben Pelzer and Rob Eisinga and Rense Nieuwenhuis and Alexander Schmidt-Catran and Ruben Konig},
  journal = {International Journal of Public Health},
  number = {3},
  pages = {427-431},
  title = {{A Novel Method for Modelling Interaction between Categorical Variables}},
  volume = {62},
  year = {2017},
  url = {https://doi.org/10.1007/s00038-016-0901-1},
}
