@article{soetaert,
    title = {{Solving Differential Equations in R: Package deSolve}},
    author = {Karline Soetaert and Thomas Petzoldt and R. Woodrow Setzer},
    journal = {Journal of Statistical Software},
    volume = {33},
    number = {9},
    pages = {1--25},
    year = {2010},
}

@misc{kaplan,
    title = {{Visualizing the Phase Plane using R}},
    author = {Daniel Kaplan and Dan Flath},
    year = {2004},
    url = {http://www.macalester.edu/~kaplan/math135/pplane.pdf},
}

@article{verhulst,
    title = {{N}otice sur la loi que la population poursuit dans son accroissement},
    author = {Pierre-Francois Verhulst},
    journal = {Correspondance mathamatique et physique},
    volume = {10},
    pages = {113--121},
    year = {1838},
}

@misc{polking,
    title = {pplane8},
    author = {John C. Polking},
    year = {2009},
    url = {http://math.rice.edu/~dfield/},
}

@book{matlab,
    year = {2014},
    author = {MATLAB},
    title = {{2014a}},
    publisher = {{The MathWorks Inc.}},
    address = {Natick, Massachusetts, United States},
}

@book{lotka,
    title = {{Elements of Physical Biology}},
    author = {A. J. Lotka},
    publisher = {Williams and Wilkins},
    year = {1925},
    address = {Baltimore, United States},
}

@article{volterra,
    title = {{V}ariazioni e fluttuazioni del numero d'individui in specie animali conviventi},
    author = {V. Volterra},
    journal = {Mem Acad Lincei Roma},
    volume = {2},
    pages = {31--113},
    year = {1926},
}

@inbook{jordan,
    title = {{Nonlinear Ordinary Differential Equations: An Introduction for Scientists and Engineers}},
    author = {D. W. Jordan and P. Smith},
    publisher = {Oxford University Press},
    address = {New York, United States},
    edition = {Fourth},
    year = {2007},
    isbn = {978-0-19-920824},
    pages = {49--88},
}

@inbook{barnes,
    title = {{Mathematical Modelling with Case Studies: A Differential Equations Approach Using Maple and MATLAB}},
    edition = {Second},
    author = {Belinda Barnes and Glenn Robert Fulford},
    publisher = {CRC Press},
    address = {Florida, United States},
    year = {2009},
    isbn = {978-1420083484},
    pages = {159--258},
}

@inbook{choudhury,
    title = {{Modern Control Engineering}},
    author = {D. Roy Choudhury},
    publisher = {Prentice-Hall},
    address = {New Delhi, India},
    year = {2005},
    isbn = {978-81-203-2196-0},
    pages = {755},
}

@inbook{mooney,
    title = {{A Course in Mathematical Modeling}},
    author = {Douglas Mooney},
    publisher = {The Mathematical Association of America},
    year = {1999},
    isbn = {978-0-88385-7120},
    pages = {283},
}

@inbook{farlow,
    title = {{An Introduction to Differential Equations and Their Applications}},
    author = {Stanley J. Farlow},
    publisher = {Dover Publications},
    year = {2006},
    isbn = {978-0486445953},
    pages = {452},
}

@book{soetaert4,
    title = {{A Practical Guide to Ecological Modelling. Using R as a Simulation Platform}},
    author = {Karline Soetaert and Thomas Petzoldt and R. Woodrow Setzer},
    publisher = {Springer},
    year = {2009},
    isbn = {978-1402086236},
}

@manual{soetaert2,
    title = {{bvpSolve: Solvers for boundary value problems of ordinary differential equations}},
    author = {Karline Soetaert and Jeff Cash and Francesca Mazzia},
    year = {2013},
    note = {R package version 1.2.4},
    url = {http://CRAN.R-project.org/package=bvpSolve},
  }

@article{soetaert3,
    title = {{Reactive transport in aquatic ecosystems: Rapid model prototyping in the open source software R}},
    author = {Karline Soetaert and Filip Meysman},
    journal = {Environmental Modelling \& Software},
    year = {2012},
    volume = {32},
    pages = {49--60},
  }

@manual{iacus,
    title = {sde: Simulation and Inference for Stochastic Differential Equations},
    author = {Stefano Maria Iacus},
    year = {2009},
    note = {R package version 2.0.10},
    url = {http://CRAN.R-project.org/package=sde},
  }

@inbook{mutambara,
    title = {{Design and Analysis of Control Systems}},
    author = {Arthur G. O. Mutambara},
    publisher = {CRC Press},
    year = {1999},
    isbn = {978-0849318986},
    pages = {722},
}

