@Article{vSidak1971,
  title = {On Probabilities of Rectangles in Multivariate Student Distributions: Their Dependence on Correlations},
  author = {Zbyn\v{e}k \v{S}id\'{a}k},
  journal = {The Annals of Mathematical Statistics},
  year = {1971},
  pages = {169-175},
  volume = {42},
  url = {https://doi.org/10.1214/aoms/1177693504},
}

@Article{Anraku1999,
  title = {An Information Criterion for Parameters under a Simple Order Restriction},
  author = {Kazuo Anraku},
  journal = {Biometrika},
  year = {1999},
  pages = {141-152},
  volume = {86},
  url = {https://doi.org/10.1093/biomet/86.1.141},
}

@Book{Barlow1972,
  title = {Statistical Inference under Order Restriction},
  author = {R. E. Barlow and D. J. Bartholomew and M. J. Bremner and H. D. Brunk},
  publisher = {John Wiley \& Sons},
  year = {1972},
}

@Article{Benjamini1995,
  title = {Controlling the False Discovery Rate: a Practical and Powerful Approach to Multiple Testing},
  author = {Y. Benjamini and Y. Hochberg},
  journal = {Journal of the Royal Statistical Society B},
  year = {1995},
  pages = {289-300},
  volume = {57},
}

@Article{Benjamini2001,
  title = {The Control of the False Discovery Rate in Multiple Testing under Dependency},
  author = {Y. Benjamini and D. Yekutieli},
  journal = {The Annals of Statistics},
  year = {2001},
  number = {4},
  pages = {1165-1188},
  volume = {29},
  url = {https://doi.org/10.1214/aos/1013699998},
}


@Article{Bonferroni1936,
  title = {Teoria Statistica Delle Classi e Calcolo Delle Probabilit\`{a}},
  author = {C. E. Bonferroni},
  journal = {Pubblicazioni del R Istituto Superiore di Scienze Economiche e Commerciali di Firenze},
  year = {1936},
  pages = {3-62},
  volume = {8},
}

@Article{Bretz2003,
  title = {Statistical Analysis of Monotone or Non-Monotone Dose-Response Data from \emph{in Vitro} Toxicological Assays},
  author = {Frank Bretz and Ludwig A. Hothorn},
  journal = {Alternatives to Lab Animals},
  year = {2003},
  number = {Supplement 1},
  pages = {81-96},
  volume = {31},
}

@Article{Cheng2000,
  title = {Biclustering of Expression Data},
  author = {Y. Cheng and G. M. Church},
  journal = {Proceedings of the Conference on Intelligent Systems for Molecular Biology},
  year = {2000},
  pages = {93-104},
  volume = {55},
}

@Manual{Djira2012,
  title = {Mratios: Inferences for Ratios of Coefficients in the General Linear Model},
  author = {G. D. Djira and M. Hasler and D. Gerhard and F. Schaarschmidt},
  year = {2012},
  url = {http://CRAN.R-project.org/package=mratios},
}

@Article{Ge2003,
  title = {Resampling-Based Multiple Testing for Microarray Data Analysis},
  author = {Y. Ge and S. Dudoit and T. P. Speed},
  journal = {Test},
  year = {2003},
  number = {1},
  pages = {1-77},
  volume = {12},
  url = {https://doi.org/10.1007/bf02595811},
}

@Article{Gentleman2004,
  title = {Bioconductor: Open Software Development for Computational Biology and Bioinformatics},
  author = {Robert C Gentleman and Vincent J. Carey and Douglas M. Bates and {et al.}},
  journal = {Genome Biology},
  year = {2004},
  pages = {R80},
  volume = {5},
  url = {https://doi.org/10.1186/gb-2004-5-10-r80},
}

@Manual{Gerhard2012,
  title = {{goric}: Generalized Order-Restricted Information Criterion},
  author = {Daniel Gerhard and Rebecca M. Kuiper},
  note = {{R} package version 0.0-7},
  year = {2012},
  url = {http://CRAN.R-project.org/package=goric},
}

@Article{Hochberg1990,
  title = {More Powerful Procedures for Multiple Significance Testing},
  author = {Y. Hochberg and Y. Benjamini},
  journal = {Statistics in Medicine},
  year = {1990},
  pages = {811-818},
  volume = {9},
  url = {https://doi.org/10.1002/sim.4780090710},
}

@Article{Holm1979,
  title = {A Simple Sequentially Rejective Multiple Test Procedure},
  author = {S. Holm},
  journal = {Scandinavian Journal of Statistics},
  year = {1979},
  pages = {65-70},
  volume = {6},
}

@Article{Hu2005,
  title = {Analysis of Dose Response Effects on Gene Expression Data with Comparison of Two Microarray Platforms},
  author = {J. Hu and M. Kapoor and W. Zhang and S. R. Hamilton and K. R. Coombes},
  journal = {Bioinformatics},
  year = {2005},
  number = {17},
  pages = {3524-3529},
  volume = {21},
  url = {https://doi.org/10.1093/bioinformatics/bti592},
}


@Manual{Kasim2014,
  title = {{ORCME}: Order Restricted Clustering for Microarray Experiments},
  author = {Adetayo Kasim and Martin Otava and Tobias Verbeke},
  note = {{R} package version 2.0},
  year = {2014},
  url = {http://CRAN.R-project.org/package=ORCME},
}

@InCollection{Kasim2012,
  title = {$\delta$-Clustering of Monotone Profiles},
  author = {Adetayo Kasim and Suzy {Van Sanden} and Martin Otava and Sepp Hochreiter and {Djork-Arn\'{e}} Clevert and Willem Talloen and Dan Lin},
  booktitle = {Modeling Dose-Response Microarray Data in Early Drug Development Experiments Using R},
  publisher = {Springer-Verlag},
  year = {2012},
  editor = {Dan Lin and Ziv Shkedy and Daniel Yekutieli and Dhammika Amaratunga and Luc Bijnens},
  pages = {135-149},
  url = {https://doi.org/10.1007/978-3-642-24007-2},
}

@Manual{Klinglmueller2010,
  title = {{orQA}: Order Restricted Assessment of Microarray Titration Experiments},
  author = {Florian Klinglmueller},
  note = {{R} package version 0.2.1},
  year = {2010},
  url = {http://CRAN.R-project.org/package=orQA},
}

@Article{Kuiper2014,
  title = {Identification of the Minimum Effective Dose for Normally Distributed Endpoints Using a Model Selection Approach},
  author = {Rebecca M. Kuiper and Daniel Gerhard and Ludwig A. Hothorn},
  journal = {Statistics in Biopharmaceutical Research},
  year = {2014},
  number = {1},
  pages = {55-66},
  volume = {6},
  url = {https://doi.org/10.1080/19466315.2013.847384},
}

@Article{Kuiper2013,
  title = {A {Fortran 90} Program for the Generalization of the Order-Restricted Information Criterion},
  author = {R. M. Kuiper and H. Hoijtink},
  journal = {Journal of Statistical Software},
  year = {2013},
  pages = {1-19},
  volume = {54},
  url = {https://doi.org/10.18637/jss.v054.i08},
}

@Article{Kuiper2011,
  title = {An {Akaike}-Type Information Criterion for Model Selection under Inequality Constraints},
  author = {R. M. Kuiper and H. Hoijtink and M. J. Silvapulle},
  journal = {Biometrika},
  year = {2011},
  pages = {495-501},
  volume = {98},
}

@Article{Law2014,
  title = {Voom: Precision Weights Unlock Linear Model Analysis Tools for RNA-Seq Read Counts},
  author = {Charity W Law and Yunshun Chen and Wei Shi and Gordon K Smyth},
  journal = {Genome Biology},
  year = {2014},
  url = {https://doi.org/10.1186/gb-2014-15-2-r29},
}

@Manual{Lin2013,
  title = {{IsoGene}: Testing for Monotonic Relationship between Gene Expression and Doses in a Microarray Experiment},
  author = {Dan Lin and Seita Pramana and Tobias Verbeke and Martin Otava},
  note = {{R} package version 1.0-22},
  year = {2013},
  url = {http://CRAN.R-project.org/package=IsoGene},
}

@InCollection{Lin2012a,
  title = {Classification of Monotone Gene Profiles Using Information Theory Selection Methods},
  author = {Dan Lin and Ziv Shkedy and M. Aerts},
  booktitle = {Modeling Dose-Response Microarray Data in Early Drug Development Experiments Using R},
  publisher = {Springer-Verlag},
  year = {2012},
  editor = {Dan Lin and Ziv Shkedy and Daniel Yekutieli and Dhammika Amaratunga and Luc Bijnens},
  pages = {151-164},
  url = {https://doi.org/10.1007/978-3-642-24007-2},
}

@Article{Lin2007,
  title = {Testing for Trend in Dose-Response Microarray Experiments: Comparison of Several Testing Procedures, Multiplicity, and Resampling-Based Inference},
  author = {D. Lin and Z. Shkedy and D. Yekutieli and T. Burzykowki and H. W. H. G\"ohlmann and A. {De Bondt} and T. Perera and T. Geerts and L. Bijnens},
  journal = {Statistical Application in Genetics and Molecular Biology},
  year = {2007},
  number = {1},
  pages = {Article26},
  volume = {6},
  url = {https://doi.org/10.2202/1544-6115.1283},
}

@Article{Liu2009,
  title = {Information Criterion-Based Clustering with Order-Restricted Candidate Profiles in Short Time-Course Microarray Experiments},
  author = {Tianqing Liu and Nan Lin and Shi Ningzhong and Baoxue Zhang},
  journal = {BMC Bioinformatics},
  year = {2009},
  pages = {146},
  volume = {10},
  url = {https://doi.org/10.1186/1471-2105-10-146},
}

@Manual{Liu2012,
  title = {{ORIClust}: Order-Restricted Information Criterion-Based Clustering Algorithm},
  author = {Tianqing Liu and Nan Lin and Ningzhong Shi and Baoxue Zhang},
  note = {{R} package version 1.0-1},
  year = {2012},
  url = {http://CRAN.R-project.org/package=ORIClust},
}

@Article{Marcus1976,
  title = {The Powers of Some Tests of the Equality of Normal Means against an Ordered Alternative},
  author = {R. Marcus},
  journal = {Biometrika},
  year = {1976},
  pages = {177-183},
  volume = {63},
  url = {https://doi.org/10.2307/2335100},
}

@Book{Mosteller1977,
  title = {Data Analysis and Regression},
  author = {F. Mosteller and J. W. Tukey},
  publisher = {Addison-Wesley},
  year = {1977},
}

@InCollection{Pinheiro2006,
  title = {Analysis of Dose Response Studies: Modeling Approaches},
  author = {Jos\'{e} C. Pinheiro and Frank Bretz and Michael Branson},
  booktitle = {Dose Finding in Drug Development},
  publisher = {Springer-Verlag},
  year = {2006},
  editor = {N. Ting},
  pages = {146-171},
  url = {https://doi.org/10.1007/0-387-33706-7},
}

@Article{Pramana2010,
  title = {{IsoGene}: An {R} Package for Analyzing Dose-Response Studies in Microarray Experiments},
  author = {S. Pramana and D. Lin and P. Haldermans and Z. Shkedy and T. Verbeke and H. W. H. G\"{o}hlmann and A. {De Bondt} and W. Talloen and L. Bijnens},
  journal = {The {R} Journal},
  year = {2010},
  number = {1},
  pages = {5-12},
  volume = {2},
}

@Manual{Pramana2012,
  title = {{IsoGeneGUI}: A Graphical User Interface to Conduct a Dose-Response Analysis of Microarray Data},
  author = {Setia Pramana and Dan Lin and Philippe Haldermans and Tobias Verbeke},
  note = {{R} package version 1.20.0},
  year = {2012},
  url = {http://www.ibiostat.be/software/IsoGeneGUI/index.html},
}

@Article{Tusher2001,
  title = {Significance Analysis of Microarrays Applied to the Ionizing Radiation Response},
  author = {V. Tusher and R. Tibshirani and G. Chu},
  journal = {Proceedings of the National Academy of Sciences},
  year = {2001},
  pages = {5116-5121},
  volume = {98},
  url = {https://doi.org/10.1073/pnas.091062498},
}

@book{Westfall1999,
  title = {Multiple Comparisons and Multiple Tests Using the {SAS} System},
  author = {P. H. Westfall and R. D. Tobias and D. Rom and R. D. Wolfinger and Y. Hochberg},
  publisher = {SAS Institute Inc.},
  year = {1999},
}

@Book{Westfall1993,
  title = {Resampling-Based Multiple Testing: Examples and Methods for p-Value Adjustment},
  author = {P. H. Westfall and S. S. Young},
  publisher = {John Wiley \& Sons},
  year = {1993},
}

@Article{Williams1971,
  title = {A Test for Differences between Treatment Means When Several Dose Levels Are Compared with a Zero Dose Control},
  author = {D. A. Williams},
  journal = {Biometrics},
  year = {1971},
  pages = {103-117},
  volume = {27},
  url = {https://doi.org/10.2307/2528930},
}

@Book{Lin2012,
  title = {Modeling Dose-Response Microarray Data in Early Drug Development Experiments Using {R} - Order Restricted Analysis of Microarray Data},
  editor = {D. Lin and Z. Shkedy and D. Yekutieli and D. Amaratunga and L. Bijnens},
  publisher = {Springer-Verlag},
  year = {2012},
  note = {{ISBN} 978-3-642-24006-5},
  url = {https://doi.org/10.1007/978-3-642-24007-2},
}
