@Manual{FieldSim,
  title =	 {FieldSim: Random Fields (and Bridges) Simulations},
  author =	 {Alexandre Brouste and Sophie Lambert-Lacroix.},
  year =	 2015,
  note =	 {R package version 3.2.1},
  url =		 {https://CRAN.R-project.org/package=FieldSim},
}

@article{yin,
  Author =	 {Z. Yin},
  Journal =	 {Journal of Computational {P}hysics},
  Pages =	 {66-72},
  Title =	 {New methods for simulation of fraction {Brownian}
                  motion},
  Volume =	 127,
  Year =	 1996
}

@article{Sch15,
  Author =	 {Schlather, M. and Malinowski, A. and Menck, P.J. and
                  Oesting, M. and Strokorb, K.},
  Journal =	 {Journal of Statistical Software},
  Number =	 8,
  Pages =	 {1--25},
  doi =		 {10.18637/jss.v063.i08},
  Title =	 {Analysis, simulation and prediction of multivariate
                  random fields with package {RandomFields}},
  Volume =	 63,
  Year =	 2015
}

@article{Gel14v2,
  Author =	 {Gelbaum, Z. and Titus, M.},
  Journal =	 {IEEE Transactions on Image Processing},
  Number =	 10,
  Pages =	 {4383--4388},
  Title =	 {Simulation of Fractional {Brownian} Surfaces via
                  Spectral Synthesis on Manifolds},
  Volume =	 23,
  Year =	 2014
}

@article{Gel14,
  Author =	 {Z. Gelbaum},
  Journal =	 {Transactions of the American Mathematical Society
                  Journal Impact Factor \& Information},
  Pages =	 {4781--4814},
  Title =	 {Fractional {Brownian} Fields over Manifolds},
  Volume =	 366,
  Year =	 2014
}

@book{DAC,
  Author =	 {Dacunha-Castelle, D. and Duflo, M.},
  Publisher =	 {Masson, Paris},
  Title =	 {Probabilit{\'e}s et Statistiques, Tome 1:
                  Probl{\`e}mes {\`a} temps fixe},
  Volume =	 1,
  Year =	 1982
}

@book{DACa,
  Author =	 {V. Piterbag},
  publisher =	 {American Mathematical Society},
  Title =	 {Asymptotic Methods in the Theory of Gaussian
                  Processes and Fields},
  Year =	 1996
}

@article{CBFA,
  Author =	 {A. Bonami and A. Estrade},
  Journal =	 {Journal of Fourier Analysis and Applications},
  Number =	 3,
  Pages =	 {215-236},
  Title =	 {Anisotropic analysis of some {G}aussian models.},
  Volume =	 9,
  Year =	 2003,
}

@Manual{RandomFields,
  title =	 {{RandomFields}: Simulation and Analysis of Random
                  Fields},
  author =	 {Martin Schlather and Alexander Malinowski and Marco
                  Oesting and Daphne Boecker and Kirstin Strokorb and
                  Sebastian Engelke and Johannes Martini and Felix
                  Ballani and Olga Moreva and Peter J Menck and
                  Sebastian Gross and Ulrike Ober and {Christoph
                  Berreth} and Katharina Burmeister and Juliane Manitz
                  and Olga Morena and Paulo Ribeiro and Richard
                  Singleton and Ben Pfaff and {R Core Team}},
  year =	 2016,
  note =	 {R package version 3.1.8},
  url =		 {http://CRAN.R-project.org/package=RandomFields},
}

@article{stein,
  Author =	 {Stein, M.},
   Journal =	 {Journal of Computational and Graphical Statistics},
  Number =	 3,
  Pages =	 {587-599},
  Title =	 {Fast and exact simulation of fractional {B}rownian
                  surfaces},
  Volume =	 11,
  Year =	 2002
}

@article{fGnsim2,
  Author =	 {A. Wood and G. Chan},
  Journal =	 {Journal of Computational and Graphical Statistics},
  Number =	 4,
  Pages =	 {409-432},
  Title =	 {Simulation of stationary {G}aussian processes in
                  $[0,1]^d$},
  Volume =	 3,
  Year =	 1994
}

@article{BLI10,
  Author =	 {Brouste, A. and Istas, J. and Lambert-Lacroix, S.},
  Journal =	 {Journal of Statistical Software},
  Number =	 4,
  Pages =	 {1-14},
  doi =		 {10.18637/jss.v034.i04},
  Title =	 {On simulation of manifold indexed fractional
                  {Gaussian} fields},
  Volume =	 34,
  Year =	 2010
}

@article{Bro07,
  Author =	 {Brouste,A. and Istas,J. and Lambert-Lacroix,S.},
  Journal =	 {Journal of Statistical Software},
  Number =	 1,
  Pages =	 {1-23},
  Title =	 {On Fractional {G}aussian Random Fields Simulations},
  doi =		 {10.18637/jss.v023.i01},
  Volume =	 23,
  Year =	 2007,
}

@article{mandel,
  Author =	 {Mandelbrot, B. and Van~Ness, J.},
  Journal =	 {SIAM Review},
  Pages =	 {422--437},
  Title =	 {Fractional {B}rownian Motions, Fractional Noises and
                  Application},
  Volume =	 10,
  Year =	 1968
}

@article{kam,
  Author =	 {A. Kamont},
  Journal =	 {Journal of Probability and Mathematical Statistics},
  Pages =	 {85--98},
  Title =	 {On the Fractional Anisotropic {W}iener Fields},
  Volume =	 18,
  Year =	 1996
}

@article{KOL,
  Author =	 {Kolmogorov,A.},
  Journal =	 {C. R. (Doklady) Academy of Sciences URSS},
  Pages =	 {115--118},
  Title =	 {Wienersche {S}piralen und Einige Andere Interessante
                  {K}urven im {H}ilbertschen {R}aum. ({G}erman)},
  Volume =	 26,
  Year =	 1940
}

@article{bjr,
  Author =	 {Benassi, A. and Jaffard, S. and Roux, D.},
  Journal =	 {Revista Mathematica Iberoamericana},
  Pages =	 {19--89},
  Serie =	 1,
  Title =	 {Elliptic {G}aussian Random Processes},
  Volume =	 18,
  Year =	 1997
}

@techreport{pv,
  Author =	 {R. Peltier and J. Levy-V\'ehel},
  Institution =	 {INRIA},
  Number =	 {RR 2645},
  Title =	 {Multifractional {B}rownian Motion: Definition and
                  Preliminary Results},
  Url =		 {http://hal.inria.fr/inria-00074045/fr/},
  Year =	 1996,
}

@article{Coe00,
  Author =	 {Coeurjolly, J.F.},
  Journal =	 {Journal of Statistical Software},
  Number =	 7,
  Pages =	 {1-53},
  Title =	 {Simulation and Identification of the Fractional
                  {B}rownian Motion: A Bibliographical and Comparative
                  Study},
  doi =		 {10.18637/jss.v005.i07},
  Volume =	 5,
  Year =	 2000,
}

@book{Pei88,
  Author =	 {Peitgen, H.O. and Saupe, D.},
  Publisher =	 {Springer-Verlag},
  Title =	 {The Science of Fractal Images},
  Year =	 1988
}

@book{SATA,
  Address =	 {New York},
  Author =	 {Samorodnitsky,G. and Taqqu,M.},
  Publisher =	 {Chapman \& Hall},
  Title =	 {Stable non-{G}aussian Random Processes: Stochastic
                  Models with Infinite Variance},
  Year =	 1994
}




















