@Article{chen2010nonparametric,
  title = {A Nonparametric Approach to Detect Nonlinear Correlation in Gene Expression},
  author = {Y Ann Chen and Jonas S Almeida and Adam J Richards and Peter MÃ¼ller and Raymond J Carroll and Baerbel Rohrer},
  journal = {Journal of Computational and Graphical Statistics},
  volume = {19},
  number = {3},
  pages = {552--568},
  year = {2010},
  publisher = {Taylor \& Francis},
  url = {https://doi.org/10.1198/jcgs.2010.08160},
}

@Article{rohrer2004multidestructive,
  title = {Multidestructive Pathways Triggered in Photoreceptor Cell Death of the Rd Mouse as Determined through Gene Expression Profiling},
  author = {Baerbel Rohrer and Francisco R Pinto and Kathryn E Hulse and Heather R Lohr and Li Zhang and Jonas S Almeida},
  journal = {Journal of Biological Chemistry},
  volume = {279},
  number = {40},
  pages = {41903--41910},
  year = {2004},
  publisher = {ASBMB},
  url = {https://doi.org/10.1074/jbc.M405085200},
}

@Manual{Rminerva,
  title = {Minerva: Minerva: Maximal Information-Based Nonparametric Exploration R Package for Variable Analysis},
  author = {Michele Filosi and Roberto Visintainer and Davide Albanese},
  year = {2014},
  note = {R package version 1.4.1},
}

@Article{Rminerva2,
  title = {Minerva and Minepy: a {C} Engine for the {MINE} Suite and Its {R}, {P}ython and {MATLAB} Wrappers},
  author = {Davide Albanese and Michele Filosi and Roberto Visintainer and Samantha Riccadonna and Giuseppe Jurman and Cesare Furlanello},
  journal = {Bioinformatics},
  volume = {29},
  number = {3},
  pages = {407-408},
  year = {2013},
  publisher = {Oxford Univ Press},
  url = {https://doi.org/10.1093/bioinformatics/bts707},
}

@Article{DavidandYakir2011,
  title = {Detecting Novel Associations in Large Data Sets},
  author = {David N Reshef and Yakir A Reshef and Hilary K Finucane and Sharon R Grossman and Gilean McVean and Peter J Turnbaugh and Eric S Lander and Michael Mitzenmacher and Pardis C Sabeti},
  journal = {Science},
  volume = {334},
  number = {6062},
  pages = {1518--1524},
  year = {2011},
  publisher = {American Association for the Advancement of Science},
  url = {https://doi.org/10.1126/science.1205438},
}

@Book{DavidandNagaraja1970,
  title = {Order Statistics},
  author = {Herbert Aron David and Haikady Navada Nagaraja},
  year = {1970},
  publisher = {John Wiley \& Sons},
}

@Book{EfronTibshirani1994,
  title = {An Introduction to the Bootstrap},
  author = {Bradley Efron and Robert J Tibshirani},
  year = {1994},
  publisher = {CRC Press},
}

@Article{einmahl2003empirical,
  title = {Empirical Likelihood Based Hypothesis Testing},
  author = {John HJ Einmahl and Ian W McKeague},
  journal = {Bernoulli},
  pages = {267--290},
  year = {2003},
  publisher = {JSTOR},
  url = {https://doi.org/10.3150/bj/1068128978},
}

@Article{genest2012detecting,
  title = {Detecting Dependence with {K}endall Plots},
  author = {Christian Genest and Jean-Claude Boies},
  journal = {The American Statistician},
  year = {2012},
  publisher = {Taylor \& Francis},
  url = {https://doi.org/10.1198/0003130032431},
}

@Article{HaukeandKossowksi2011,
  title = {Comparison of Values of {P}earson's and {S}pearman's Correlation Coefficients on the Same Sets of Data},
  author = {Jan Hauke and Tomasz Kossowski},
  journal = {Quaestiones Geographicae},
  volume = {30},
  number = {2},
  pages = {87--93},
  year = {2011},
  url = {https://doi.org/10.2478/v10117-011-0021-1},
}

@Article{hoeffding1948non,
  title = {A Non-Parametric Test of Independence},
  author = {Wassily Hoeffding},
  journal = {The Annals of Mathematical Statistics},
  pages = {546--557},
  year = {1948},
  publisher = {JSTOR},
  url = {https://doi.org/10.1214/aoms/1177730150},
}

@Article{harrell2006hmisc,
  title = {The Hmisc Package},
  author = {Frank E {Harrell Jr} and Maintainer Charles Dupont},
  journal = {R package version},
  volume = {3},
  pages = {0--12},
  year = {2006},
}

@Manual{harrell2006hmisc2,
  title = {Hmisc: Harrell Miscellaneous},
  author = {Frank E {Harrell Jr} and {with contributions from Charles Dupont} and {many others.}},
  year = {2017},
  note = {R package version 4.0-3},
}

@Article{KallenbergandLedwina1999,
  title = {Data-Driven Rank Tests for Independence},
  author = {Wilbert CM Kallenberg and Teresa Ledwina},
  journal = {Journal of the American Statistical Association},
  volume = {94},
  number = {445},
  pages = {285--301},
  year = {1999},
  publisher = {Taylor \& Francis Group},
  url = {https://doi.org/10.1080/01621459.1999.10473844},
}

@Article{Kendall1938,
  title = {A New Measure of Rank Correlation},
  author = {Maurice G Kendall},
  journal = {Biometrika},
  pages = {81--93},
  year = {1938},
  publisher = {JSTOR},
  url = {https://doi.org/10.1093/biomet/30.1-2.81},
}

@Article{Pearson1920,
  title = {Notes on the History of Correlation},
  author = {Karl Pearson},
  journal = {Biometrika},
  pages = {25--45},
  year = {1920},
  publisher = {JSTOR},
  url = {https://doi.org/10.1093/biomet/13.1.25},
}

@Article{simon2014comment,
  title = {Comment on {"}{D}etecting {N}ovel {A}ssociations In {L}arge {D}ata {S}ets{"} by {R}eshef Et Al, \textit{{S}cience} {D}ec 16, 2011},
  author = {Noah Simon and Robert Tibshirani},
  journal = {arXiv Preprint arXiv:1401.7645},
  year = {2014},
}

@Article{Spearman1904,
  title = {The Proof and Measurement of Association Between Two Things},
  author = {Charles Spearman},
  journal = {The American Journal of Psychology},
  volume = {15},
  number = {1},
  pages = {72--101},
  year = {1904},
  publisher = {JSTOR},
  url = {https://doi.org/10.2307/1412159},
}

@Article{vexler2014simple,
  title = {A Simple Density-Based Empirical Likelihood Ratio Test for Independence},
  author = {Albert Vexler and Wan-Min Tsai and Alan D Hutson},
  journal = {The American Statistician},
  volume = {68},
  number = {3},
  pages = {158--169},
  year = {2014},
  publisher = {Taylor \& Francis},
  url = {https://doi.org/10.1080/00031305.2014.901922},
}

@Article{vexler2015dependence,
  title = {Dependence and Independence: Structure and Inference},
  author = {Albert Vexler and Xiwei Chen and Alan D Hutson},
  journal = {Statistical Methods in Medical Research},
  volume = {26},
  number = {5},
  pages = {2114--2132},
  year = {2017},
  publisher = {SAGE Publications},
  url = {https://doi.org/10.1177/0962280215594198},
}

@Article{wang2015efficient,
  title = {Efficient Test for Nonlinear Dependence of Two Continuous Variables},
  author = {Yi Wang and Yi Li and Hongbao Cao and Momiao Xiong and Yin Yao Shugart and Li Jin},
  journal = {BMC Bioinformatics},
  volume = {16},
  number = {1},
  pages = {1},
  year = {2015},
  publisher = {BioMed Central},
  url = {https://doi.org/10.1186/s12859-015-0697-7},
}

@Book{wasserman2013all,
  title = {All of {S}tatistics: {A} {C}oncise {C}ourse in {S}tatistical {I}nference},
  author = {Larry Wasserman},
  year = {2013},
  publisher = {Springer-Verlag},
}

@Article{techreport,
  title = {testforDEP: An {R} Package for Distribution-Free Tests and Visualization Tools for Independence},
  author = {Jeffrey Miecznikowski and Enshuo Hsu and Yanhua Chen and Albert Vexler},
  journal = {SUNY University at Buffalo Biostatistics Technical Reports},
  volume = {1701},
  year = {2017},
}

@Manual{mvshapiro,
  title = {mvShapiroTest: Generalized Shapiro-Wilk Test for Multivariate Normality},
  author = {Elizabeth Gonzalez-Estrada and Jose A. Villasenor-Alva},
  year = {2013},
  note = {R package version 1.0},
}
