
@article{roy_prediction_2020,
	title = {Prediction intervals with random forests},
	volume = {29},
	url = {https://doi.org/10.1177/0962280219829885},
	number = {1},
	urldate = {2021-05-04},
	journal = {Statistical Methods in Medical Research},
	author = {Roy, Marie-Hélène and Larocque, Denis},
	month = jan,
	year = {2020},
	pages = {205--229},
}

@article{athey_generalized_2019,
	title = {Generalized random forests},
	volume = {47},
	url = {https://doi.org/10.1214/18-AOS1709},
	number = {2},
	urldate = {2021-05-04},
	journal = {The Annals of Statistics},
	author = {Athey, Susan and Tibshirani, Julie and Wager, Stefan},
	month = apr,
	year = {2019},
	keywords = {62G05, Asymptotic theory, Causal inference, instrumental variable},
	pages = {1148--1178},
}

@article{ghosal_boosting_2021,
	title = {Boosting {Random} {Forests} to {Reduce} {Bias}; {One}-{Step} {Boosted} {Forest} and {Its} {Variance} {Estimate}},
	volume = {30},
	url = {https://doi.org/10.1080/10618600.2020.1820345},
	number = {2},
	journal = {Journal of Computational and Graphical Statistics},
	author = {Ghosal, Indrayudh and Hooker, Giles},
	month = apr,
	year = {2021},
	pages = {493--502},
}

@book{r_core_team_r_2016,
	address = {Vienna, Austria},
	title = {R: {A} {Language} and {Environment} for {Statistical} {Computing}},
	url = {https://www.R-project.org/},
	publisher = {R Foundation for Statistical Computing},
	author = {{R Core Team}},
	year = {2016},
}

@article{meinshausen_quantile_2006,
	title = {Quantile {Regression} {Forests}},
	volume = {7},
	url = {https://jmlr.org/papers/v7/meinshausen06a.html},
	number = {35},
	journal = {Journal of Machine Learning Research},
	author = {Meinshausen, Nicolai},
	year = {2006},
	pages = {983--999},
}

@article{hothorn_bagging_2004,
	title = {Bagging survival trees},
	volume = {23},
	copyright = {Copyright © 2004 John Wiley \& Sons, Ltd.},
	url = {https://doi.org/10.1002/sim.1593},
	number = {1},
	urldate = {2021-05-04},
	journal = {Statistics in Medicine},
	author = {Hothorn, Torsten and Lausen, Berthold and Benner, Axel and Radespiel‐Tröger, Martin},
	year = {2004},
	keywords = {bootstrap aggregation, Brier score, censored data, prognostic factors},
	pages = {77--91},
}

@article{moradian_l1_2017,
	title = {L1 splitting rules in survival forests},
	volume = {23},
	url = {https://doi.org/10.1007/s10985-016-9372-1},
	number = {4},
	journal = {Lifetime Data Analysis},
	author = {Moradian, Hoora and Larocque, Denis and Bellavance, François},
	month = oct,
	year = {2017},
	keywords = {Random forests, Algorithms, Computer Simulation, Databases, Factual, Ensemble methods, Humans, Kaplan-Meier Estimate, Life Tables, Models, Statistical, Proportional Hazards Models, Right-censored data, Survival Analysis, Survival data, Survival forests},
	pages = {671--691},
}

@article{tabib_non-parametric_2020,
	title = {Non-parametric individual treatment effect estimation for survival data with random forests},
	volume = {36},
	url = {https://doi.org/10.1093/bioinformatics/btz602},
	number = {2},
	urldate = {2021-04-05},
	journal = {Bioinformatics},
	author = {Tabib, Sami and Larocque, Denis},
	month = jan,
	year = {2020},
	pages = {629--636},
}

@article{moradian_survival_2019,
	title = {Survival forests for data with dependent censoring},
	volume = {28},
	url = {https://doi.org/10.1177/0962280217727314},
	number = {2},
	journal = {Statistical Methods in Medical Research},
	author = {Moradian, Hoora and Larocque, Denis and Bellavance, François},
	month = feb,
	year = {2019},
	keywords = {Algorithms, Computer Simulation, Humans, Survival Analysis, Survival data, Analysis of Variance, copula-graphic, Data Interpretation, Statistical, dependent-censoring, ensemble methods, Liver Cirrhosis, random forest, Randomized Controlled Trials as Topic, Research Design, right-censored data, sensitivity analysis, survival forest},
	pages = {445--461},
}

@article{breiman_random_2001,
	title = {Random {Forests}},
	volume = {45},
	url = {https://doi.org/10.1023/A:1010933404324},
	number = {1},
	urldate = {2021-05-04},
	journal = {Machine Learning},
	author = {Breiman, Leo},
	month = oct,
	year = {2001},
	pages = {5--32},
}

@article{lu_unified_2021,
	title = {A {Unified} {Framework} for {Random} {Forest} {Prediction} {Error} {Estimation}},
	volume = {22},
	url = {https://jmlr.org/papers/v22/18-558.html},
	number = {8},
	urldate = {2021-05-04},
	journal = {Journal of Machine Learning Research},
	author = {Lu, Benjamin and Hardin, Johanna},
	year = {2021},
	pages = {1--41},
	file = {Full Text PDF:/Users/cansualakus/Zotero/storage/CZ2QZEEV/Lu and Hardin - 2021 - A Unified Framework for Random Forest Prediction E.pdf:application/pdf;Snapshot:/Users/cansualakus/Zotero/storage/Q4MARYV5/18-558.html:text/html},
}

@article{lin_random_2006,
	title = {Random {Forests} and {Adaptive} {Nearest} {Neighbors}},
	volume = {101},
	url = {https://doi.org/10.1198/016214505000001230},
	number = {474},
	urldate = {2021-05-04},
	journal = {Journal of the American Statistical Association},
	author = {Lin, Yi and Jeon, Yongho},
	month = jun,
	year = {2006},
	keywords = {Boosting, Adaptive estimation, Classification trees, Randomized trees, Regression trees},
	pages = {578--590},
	file = {Snapshot:/Users/cansualakus/Zotero/storage/AU6M7J3A/016214505000001230.html:text/html},
}

@article{lei_distribution-free_2018,
	title = {Distribution-{Free} {Predictive} {Inference} for {Regression}},
	volume = {113},
	url = {https://doi.org/10.1080/01621459.2017.1307116},
	number = {523},
	urldate = {2021-05-04},
	journal = {Journal of the American Statistical Association},
	author = {Lei, Jing and G’Sell, Max and Rinaldo, Alessandro and Tibshirani, Ryan J. and Wasserman, Larry},
	month = jul,
	year = {2018},
	keywords = {Distribution-free, Model misspecification, Prediction band, Regression, Variable importance},
	pages = {1094--1111},
	file = {Submitted Version:/Users/cansualakus/Zotero/storage/XD8INTKW/Lei et al. - 2018 - Distribution-Free Predictive Inference for Regress.pdf:application/pdf;Snapshot:/Users/cansualakus/Zotero/storage/BH8DYFLP/01621459.2017.html:text/html},
}

@article{zhang_random_2020,
	title = {Random {Forest} {Prediction} {Intervals}},
	volume = {74},
	url = {https://doi.org/10.1080/00031305.2019.1585288},
	number = {4},
	journal = {The American Statistician},
	author = {Zhang, Haozhe and Zimmerman, Joshua and Nettleton, Dan and Nordman, Daniel J.},
	month = oct,
	year = {2020},
	pages = {392--406},
}

@book{vovk_algorithmic_2005,
	title = {Algorithmic {Learning} in a {Random} {World}},
	isbn = {978-0-387-25061-8},
	publisher = {Springer Science \& Business Media},
	author = {Vovk, Vladimir and Gammerman, Alex and Shafer, Glenn},
	month = dec,
	year = {2005},
	keywords = {Computers / Information Technology, Computers / Information Theory, Computers / Intelligence (AI) \& Semantics, Computers / Mathematical \& Statistical Software, Computers / Programming / Algorithms},
}

@article{vovk_-line_2009,
	title = {On-line predictive linear regression},
	volume = {37},
	url = {https://doi.org/10.1214/08-AOS622},
	number = {3},
	urldate = {2021-05-04},
	journal = {The Annals of Statistics},
	author = {Vovk, Vladimir and Nouretdinov, Ilia and Gammerman, Alex},
	month = jun,
	year = {2009},
	keywords = {60G25, 62G08, 62J05, 68Q32, Gauss linear model, independent identically distributed observations, Multivariate analysis, on-line protocol, prequential statistics},
	pages = {1566--1590},
	file = {Full Text PDF:/Users/cansualakus/Zotero/storage/IVHHSQJ7/Vovk et al. - 2009 - On-line predictive linear regression.pdf:application/pdf;Snapshot:/Users/cansualakus/Zotero/storage/FS5NTCTU/08-AOS622.html:text/html},
}

@article{wager_estimation_2018,
	title = {Estimation and {Inference} of {Heterogeneous} {Treatment} {Effects} using {Random} {Forests}},
	volume = {113},
	url = {https://doi.org/10.1080/01621459.2017.1319839},
	number = {523},
	journal = {Journal of the American Statistical Association},
	author = {Wager, Stefan and Athey, Susan},
	month = jul,
	year = {2018},
	pages = {1228--1242},
}

@article{zhang_bias-corrected_2012,
	title = {Bias-corrected random forests in regression},
	volume = {39},
	url = {https://doi.org/10.1080/02664763.2011.578621},
	number = {1},
	journal = {Journal of Applied Statistics},
	author = {Zhang, Guoyi and Lu, Yan},
	month = jan,
	year = {2012},
	pages = {151--160},
}

@article{mentch_quantifying_2016,
	title = {Quantifying {Uncertainty} in {Random} {Forests} via {Confidence} {Intervals} and {Hypothesis} {Tests}},
	volume = {17},
	url = {https://jmlr.org/papers/v17/14-168.html},
	number = {26},
	urldate = {2021-05-05},
	journal = {Journal of Machine Learning Research},
	author = {Mentch, Lucas and Hooker, Giles},
	year = {2016},
	pages = {1--41},
	file = {Full Text PDF:/Users/cansualakus/Zotero/storage/HNPZDQPU/Mentch and Hooker - 2016 - Quantifying Uncertainty in Random Forests via Conf.pdf:application/pdf;Snapshot:/Users/cansualakus/Zotero/storage/LJZ57WBB/14-168.html:text/html},
}

@article{breiman_bagging_1996,
	title = {Bagging predictors},
	volume = {24},
	url = {https://doi.org/10.1007/BF00058655},
	number = {2},
	journal = {Machine Learning},
	author = {Breiman, Leo},
	month = aug,
	year = {1996},
	pages = {123--140},
}

@article{jerome_h_friedman_multivariate_1991,
	title = {Multivariate {Adaptive} {Regression} {Splines}},
	volume = {19},
	url = {https://doi.org/10.1214/aos/1176347963},
	number = {1},
	journal = {The Annals of Statistics},
	author = {{Jerome H. Friedman}},
	month = mar,
	year = {1991},
	pages = {1--67},
}

@article{hothorn_predictive_2021,
	title = {Predictive {Distribution} {Modeling} {Using} {Transformation} {Forests}},
	url = {https://doi.org/10.1080/10618600.2021.1872581},
	journal = {Journal of Computational and Graphical Statistics},
	author = {Hothorn, Torsten and Zeileis, Achim},
	month = jan,
	year = {2021},
	pages = {1--16},
}

@article{alakus_conditional_2021,
	title = {Conditional canonical correlation estimation based on covariates with random forests},
	url = {https://doi.org/10.1093/bioinformatics/btab158},
	journal = {Bioinformatics},
	author = {Alakuş, Cansu and Larocque, Denis and Jacquemont, Sébastien and Barlaam, Fanny and Martin, Charles-Olivier and Agbogba, Kristian and Lippé, Sarah and Labbe, Aurélie},
	year = {2021},
}

@article{mayr_prediction_2012,
	title = {Prediction intervals for future {BMI} values of individual children - a non-parametric approach by quantile boosting},
	volume = {12},
	url = {https://doi.org/10.1186/1471-2288-12-6},
	number = {1},
	journal = {BMC Medical Research Methodology},
	author = {Mayr, Andreas and Hothorn, Torsten and Fenske, Nora},
	month = jan,
	year = {2012},
	pages = {6},
}

@book{breiman_classification_1984,
	address = {Belmont, Calif.},
	series = {The {Wadsworth} \& {Brooks}/{Cole} statistics/probability series},
	title = {Classification and regression trees},
	isbn = {0-534-98054-6 978-0-534-98054-2},
	language = {English},
	publisher = {Wadsworth International Group},
	author = {Breiman, Leo. and Breiman, Leo},
	year = {1984},
}

@article{harrison_hedonic_1978,
	title = {Hedonic housing prices and the demand for clean air},
	volume = {5},
	url = {https://doi.org/10.1016/0095-0696(78)90006-2},
	number = {1},
	journal = {Journal of Environmental Economics and Management},
	author = {Harrison, David and Rubinfeld, Daniel L},
	month = mar,
	year = {1978},
	pages = {81--102},
}

@article{de_cock_ames_2011,
	title = {Ames, {Iowa}: {Alternative} to the {Boston} {Housing} {Data} as an {End} of {Semester} {Regression} {Project}},
	volume = {19},
	url = {https://doi.org/10.1080/10691898.2011.11889627},
	number = {3},
	journal = {Journal of Statistics Education},
	author = {De Cock, Dean},
	month = nov,
	year = {2011},
}

@Manual{R-conformalInference,
  title = {conformalInference: Tools for conformal inference in regression},
  author = {Ryan Tibshirani},
  year = {2019},
  note = {R package version 1.1},
  url = {https://github.com/ryantibs/conformal}, 
}

@Manual{R-forestError,
  title = {forestError: A Unified Framework for Random Forest Prediction Error
Estimation},
  author = {Benjamin Lu and Johanna Hardin},
  year = {2020},
  note = {R package version 0.2.0},
  url = {https://cran.r-project.org/package=forestError},
}

@Manual{R-grf,
    title = {grf: Generalized Random Forests},
    author = {Julie Tibshirani and Susan Athey and Erik Sverdrup and Stefan Wager},
    year = {2021},
    note = {R package version 2.0.2},
    url = {https://cran.r-project.org/package=grf},
  }

@Manual{R-quantregForest,
  title = {quantregForest: Quantile Regression Forests},
  author = {Nicolai Meinshausen},
  year = {2017},
  note = {R package version 1.3-7},
  url = {https://cran.r-project.org/package=quantregForest},
}

@Manual{R-rfinterval,
  title = {rfinterval: Predictive Inference for Random Forests},
  author = {Haozhe Zhang},
  year = {2019},
  note = {R package version 1.0.0},
  url = {https://cran.r-project.org/package=rfinterval},
}

@Manual{R-mlbench,
    title = {mlbench: Machine Learning Benchmark Problems},
    author = {Friedrich Leisch and Evgenia Dimitriadou},
    year = {2021},
    note = {R package version 2.1-3},
    url = {https://cran.r-project.org/package=mlbench},
  }

@Manual{R-AmesHousing,
  title = {AmesHousing: The Ames Iowa Housing Data},
  author = {Max Kuhn},
  year = {2020},
  note = {R package version 0.0.4},
  url = {https://cran.r-project.org/package=AmesHousing},
}

@Manual{R-randomForestSRC,
  title = {randomForestSRC: Fast Unified Random Forests for Survival, Regression, and
Classification (RF-SRC)},
  author = {Hemant Ishwaran and Udaya B. Kogalur},
  year = {2021},
  note = {R package version 2.11.0},
  url = {https://cran.r-project.org/package=randomForestSRC},
}

@Manual{R-ranger,
  title = {ranger: A Fast Implementation of Random Forests},
  author = {Marvin N. Wright and Stefan Wager and Philipp Probst},
  year = {2020},
  note = {R package version 0.12.1},
  url = {https://cran.r-project.org/package=ranger},
}

@Manual{R-RFpredInterval,
  title = {RFpredInterval: Prediction Intervals with Random Forests and Boosted Forests},
  author = {Cansu Alakus and Denis Larocque and Aurelie Labbe},
  year = {2022},
  note = {R package version 1.0.5},
  url = {https://cran.r-project.org/package=RFpredInterval},
}

@misc{ucirepo,
author = "Dua, Dheeru and Graff, Casey",
year = "2017",
title = "{UCI} Machine Learning Repository",
url = "https://archive.ics.uci.edu/ml",
institution = "University of California, Irvine, School of Information and Computer Sciences" }