@Manual{cluster1,
  title =	 {cluster: Cluster Analysis Basics and Extensions},
  author =	 {Martin Maechler and Peter Rousseeuw and Anja Struyf
                  and Mia Hubert and Kurt Hornik},
  year =	 2015,
  note =	 {R package version 2.0.3},
  url =		 {https://CRAN.R-project.org/package=cluster},
}

@Manual{tree,
  title =	 {tree: Classification and regression trees},
  author =	 {Brian Ripley},
  year =	 2015,
  note =	 {R package version 1.0-36},
  url =		 {https://CRAN.R-project.org/package=tree},
}

@Manual{rpart,
  title =	 {rpart: Recursive Partitioning and Regression Trees},
  author =	 {Terry Therneau and Beth Atkinson and Brian Ripley},
  year =	 2015,
  note =	 {R package version 4.1-10},
  url =		 {https://CRAN.R-project.org/package=rpart},
}

@Manual{sparcl,
  title =	 {sparcl: Perform sparse hierarchical clustering and
                  sparse k-means clustering},
  author =	 {Daniela M. Witten and Robert Tibshirani},
  year =	 2013,
  note =	 {R package version 1.0.3},
  url =		 {https://CRAN.R-project.org/package=sparcl},
}

@Manual{RFManual1,
  title =	 {Manual--Setting Up, Using, and Understanding Random
                  Forests v4.0},
  author =	 {L. Breiman and A. Cutler},
  year =	 2003,
  url =
                  {https://www.stat.berkeley.edu/~breiman/Using_random_forests_v4.0.pdf}
}

@Manual{R,
  title =	 {R: A Language and Environment for Statistical
                  Computing},
  author =	 {{R Core Team}},
  organization = {R Foundation for Statistical Computing},
  address =	 {Vienna, Austria},
  year =	 2013,
  url =		 {https://www.R-project.org/}
}

@misc{yuji,
  author =	 {Yuji},
  title =	 {Search for corresponding node in a regression tree
                  using rpart},
  url =		 {http:// stackoverflow.com/ questions/ 5102754/
                  search-for- corresponding-node-
                  in-a-regression-tree-using-rpart},
  year =	 2015
}

@MastersThesis{orr,
  author =	 "Anton Orr",
  title =	 "Improving Cluster Analysis with an Automatic
                  Variable Selection Based on Trees",
  school =	 {Naval Postgraduate School},
  address =	 "Monterey, California",
  type =	 {M.S.},
  year =	 2014
}

@misc{Bache+Lichman:2013,
  author =	 "K. Bache and M. Lichman",
  year =	 2013,
  title =	 "{UCI} Machine Learning Repository",
  url =		 "http://archive.ics.uci.edu/ml",
  institution =	 "University of California, Irvine, School of
                  Information and Computer Sciences"
}

@InBook{seeds-data,
  author =	 {M. Charytanowicz and J. Niewczasand P. Kulczycki and
                  P.A. Kowalski and S. Lukasik and S. Zak},
  title =	 {A Complete Gradient Clustering Algorithm for
                  Features Analysis of X-ray Images},
  booktitle =	 {Information Technologies in Biomedicine},
  publisher =	 {Springer-Verlag},
  year =	 2010
}

@Article{dy,
  title =	 {Feature Selection for Unsupervised Learning},
  author =	 {Jennifer G. Dy and Carla E. Brodley},
  journal =	 {Journal of Machine Learning Research},
  volume =	 5,
  year =	 2004,
  pages =	 {845--889}
}

@Article{ahmad,
  title =	 {A K-mean Clustering Algorithm for Mixed Numeric and
                  Categorical Data},
  author =	 {Amir Ahmad and Lipika Dey},
  journal =	 {Data and Knowledge Engineering},
  volume =	 63,
  year =	 2007,
  pages =	 {503--527}
}

@Article{gower,
  title =	 {A General Coefficient of Similarity and Some of Its
                  Properties},
  author =	 {J. C. Gower},
  journal =	 {Biometrics},
  volume =	 27,
  number =	 4,
  pages =	 {857--871},
  year =	 1971
}

@Article{gower-legendre,
  title =	 {Metric and Euclidean Properties of Dissimilarity
                  Coefficients},
  author =	 {J. C. Gower and P. Legendre},
  journal =	 {Journal of Classification},
  volume =	 3,
  year =	 1986,
  pages =	 {5--48}
}

@Article{andreopoulos,
  title =	 {A Roadmap of Clustering Algorithms: Finding a Match
                  for a Biomedical Application},
  author =	 {Bill Andreopoulos and Aijun An and Xiaogang Wang and
                  Michael Schroeder},
  journal =	 {Briefings in Bioinformatics},
  volume =	 10,
  number =	 3,
  pages =	 {297--314},
  year =	 2009
}

@Article{random-forests,
  title =	 {Random Forests},
  author =	 {Leo Breiman},
  journal =	 {Machine Learning},
  volume =	 45,
  pages =	 {5-32},
  year =	 2001
}

@Article{mccane,
  title =	 {Distance Functions for Categorical and Mixed
                  Variables},
  author =	 {Brendan McCane and Michael Albert},
  journal =	 {Pattern Recognition Letters},
  volume =	 29,
  pages =	 {986--993},
  year =	 2008
}

@inproceedings{buttrey-2006,
  author =	 "Samuel E. Buttrey",
  title =	 "A Scale-Independent Clustering Method with Automatic
                  Variable Selection Based on Trees",
  publisher =	 "Presented at the Joint Statistical Meetings,
                  Seattle, WA, 2006",
  year =	 2006
}

@inproceedings{boriah,
  author =	 {Shyam Boriah and Varun Chandola and Vipin Kumar},
  title =	 "Similarity Measures for Categorical Data: A
                  Comparative Evaluation",
  publisher =	 "Presented at SIAM Conference on Data Mining,
                  Atlanta, GA, 2008",
  year =	 2008
}

@BOOK{CART,
  author =	 {L. Breiman and J. Friedman and R. Olshen and
                  C. Stone},
  title =	 {{Classification and Regression Trees}},
  publisher =	 {Wadsworth and Brooks},
  address =	 {Monterey, CA},
  year =	 1984
}

@BOOK{KandR,
  author =	 {Leonard Kaufman and Peter J. Rousseeuw},
  title =	 {{Finding Groups in Data: An Introduction to
                  Analysis}},
  publisher =	 {Wiley-Interscience},
  series =	 {Probability and Statistics},
  address =	 {New York, NY},
  year =	 1990
}

@BOOK{Mirkin,
  author =	 {Boris Mirkin},
  title =	 {{Clustering: A Data Recovery Approach, Second
                  Edition}},
  publisher =	 {Chapman and Hall/CRC},
  address =	 {London, UK},
  year =	 2012
}

@BOOK{Hartigan,
  author =	 {John A. Hartigan},
  title =	 {{Clustering Algorithms}},
  series =	 {Probability and Mathematical Statistics},
  publisher =	 {John Wiley and Sons Inc},
  address =	 {New York, NY},
  year =	 1975
}

@article  {shi,
  title =	 {Unsupervised Learning with Random Forest Predictors},
  author =	 {Tao Shi and Steve Horvath},
  journal =	 {Journal of Computational and Graphical Statistics},
  volume =	 15,
  number =	 1,
  pages =	 {118--138},
  year =	 2006
}

@article  {ooi,
  title =	 {Density Visualization and Mode Hunting Using Trees},
  author =	 {Hong Ooi},
  journal =	 {Journal of Computational and Graphical Statistics},
  volume =	 11,
  number =	 2,
  pages =	 {328--347},
  year =	 2002
}

@article  {cobweb,
  title =	 {Knowledge acquisition via incremental conceptual
                  clustering},
  author =	 {Douglas Fisher},
  journal =	 {Machine Learning},
  volume =	 2,
  pages =	 {139--172},
  year =	 1987
}

@ARTICLE{Friedman04clusteringobjects,
  author =	 {Jerome H. Friedman and Jacqueline J. Meulman},
  title =	 {Clustering Objects on Subsets of Attributes},
  journal =	 {Journal of the Royal Statistical Society B},
  year =	 2004,
  volume =	 66,
  pages =	 {815--849}
}

@ARTICLE{smyth,
  author =	 {Christine Smyth and Danny Coomans and Yvette
                  Everingham},
  title =	 {Clustering Noisy data in a Reduced Dimension Space
                  via Multivariate Regression Trees},
  journal =	 {Pattern Recognition},
  year =	 2006,
  volume =	 39,
  pages =	 {424--431}
}

@ARTICLE{witten,
  author =	 {Daniela M. Witten and Robert Tibshirani},
  title =	 {A Framework for Feature Selection in Clustering},
  journal =	 {Journal of the American Statistical Association},
  year =	 2010,
  volume =	 105,
  number =	 490,
  pages =	 {713--726}
}

@ARTICLE{strehl,
  author =	 {Alexander Strehl and Joydeep Ghosh},
  title =	 {Cluster Ensembles - a Knowledge Reuse Framework for
                  Combining Multiple Partitions},
  journal =	 {Journal of Machine Learning Research},
  year =	 2003,
  volume =	 3,
  pages =	 {583--617}
}

@unpublished{BandW,
  author =	 {Samuel E. Buttrey and Lyn R. Whitaker},
  title =	 {A Scale-Independent, Noise-Resistant Dissimilarity
                  For Tree-Based Clustering of Mixed Data},
  year =	 2015,
  month =	 feb,
  note =	 {In submission}
}

@BOOK{felsenstein,
  author =	 {Joseph Felsenstein},
  title =	 {{Inferring Phylogenies}},
  publisher =	 {Sinauer Associates},
  address =	 {Sunderland, MA},
  year =	 2003
}

@misc{phylotaskview,
  author =	 "Brian O'Meara",
  year =	 2015,
  title =	 "{CRAN} Task View: Phylogenetics, Especially
                  Comparative Methods",
  url =		 "https://CRAN.R-project.org/view=Phylogenetics",
}
@book{Shi,
author = {T.~{Shi and S.~Horvath}},
title = {{Unsupervised learning with random forest predictors}},
publisher = {Journal of Computational and Graphical Statistics 15(1):},
pages = {118--138},
year = {2006}
}

