@Manual{CRAN:errors,
  title = {Errors: Uncertainty Propagation for R Vectors},
  author = {Iñaki Ucar},
  year = {2018},
  note = {R package version 0.3.0},
  url = {https://CRAN.R-project.org/package=errors},
}

@Manual{CRAN:propagate,
  title = {Propagate: Propagation of Uncertainty},
  author = {Andrej-Nikolai Spiess},
  year = {2014},
  note = {R package version 1.0-4},
  url = {https://CRAN.R-project.org/package=propagate},
}

@Manual{CRAN:car,
  title = {Car: Companion to Applied Regression},
  author = {John Fox and Sanford Weisberg},
  year = {2016},
  note = {R package version 2.1-4},
  url = {https://CRAN.R-project.org/package=car},
}

@Manual{CRAN:msm,
  title = {Msm: Multi-State Markov and Hidden Markov Models in Continuous Time},
  author = {Christopher Jackson},
  year = {2016},
  note = {R package version 1.6.4},
  url = {https://CRAN.R-project.org/package=msm},
}

@Manual{CRAN:spup,
  title = {Spup: Uncertainty Propagation Analysis},
  author = {Kasia Sawicka and Gerard Heuvelink},
  year = {2017},
  note = {R package version 0.1-0},
  url = {https://CRAN.R-project.org/package=spup},
}

@Manual{CRAN:distr,
  title = {Distr: Object Oriented Implementation of Distributions},
  author = {Matthias Kohl},
  year = {2017},
  note = {R package version 2.6.2},
  url = {https://CRAN.R-project.org/package=distr},
}

@Manual{CRAN:metRology,
  title = {metRology: Support for Metrological Applications},
  author = {Stephen L R Ellison},
  year = {2017},
  note = {R package version 0.9-26-2},
  url = {https://CRAN.R-project.org/package=metRology},
}

@Manual{CRAN:units,
  title = {Units: Measurement Units for R Vectors},
  author = {Edzer Pebesma and Thomas Mailund},
  year = {2017},
  note = {R package version 0.4-4},
  url = {https://CRAN.R-project.org/package=units},
}

@Manual{CRAN:magrittr,
  title = {Magrittr: A Forward-Pipe Operator for R},
  author = {Stefan Milton Bache and Hadley Wickham},
  year = {2014},
  note = {R package version 1.5},
  url = {https://CRAN.R-project.org/package=magrittr},
}

@Manual{CRAN:ggplot2,
  title = {Ggplot2: Create Elegant Data Visualisations Using the Grammar of Graphics},
  author = {Hadley Wickham and Winston Chang},
  year = {2016},
  note = {R package version 2.2.1},
  url = {https://CRAN.R-project.org/package=ggplot2},
}

@Manual{CRAN:tibble,
  title = {Tibble: Simple Data Frames},
  author = {Hadley Wickham and Romain Francois and Kirill Müller},
  year = {2017},
  note = {R package version 1.3.0},
  url = {https://CRAN.R-project.org/package=tibble},
}

@Book{Fox:2011:car,
  title = {An {R} Companion to Applied Regression},
  edition = {2nd},
  author = {John Fox and Sanford Weisberg},
  isbn = {9781412975148},
  year = {2011},
  publisher = {SAGE Publications},
}

@Book{Hampel:2011:Robust,
  title = {Robust Statistics: The Approach Based on Influence Functions},
  author = {F. R. Hampel and E. M. Ronchetti and P. J. Rousseeuw and W. A. Stahel},
  isbn = {9781118150689},
  series = {Wiley Series in Probability and Statistics},
  year = {2011},
  publisher = {John Wiley \& Sons},
}

@Book{Wickham:2009:ggplot2,
  author = {Hadley Wickham},
  title = {Ggplot2: Elegant Graphics for Data Analysis},
  publisher = {Springer-Verlag},
  year = {2009},
  isbn = {978-0-387-98140-6},
}

@Article{Jackson:2011:msm,
  title = {Multi-State Models for Panel Data: The {msm} Package for {R}},
  author = {Christopher H. Jackson},
  journal = {Journal of Statistical Software},
  year = {2011},
  volume = {38},
  number = {8},
  pages = {1--29},
  url = {https://doi.org/10.18637/jss.v038.i08},
}

@Article{Ruckdeschel:2006:distr,
  title = {S4 Classes for Distributions},
  author = {P. Ruckdeschel and M. Kohl and T. Stabla and F. Camphausen},
  language = {English},
  year = {2006},
  journal = {R News},
  year = {2006},
  volume = {6},
  number = {2},
  pages = {2--6},
  pdf = {http://CRAN.R-project.org/doc/Rnews/Rnews_2006-2.pdf},
}

@Article{Pebesma:2016:units,
  author = {Edzer Pebesma and Thomas Mailund and James Hiebert},
  title = {{Measurement Units in R}},
  year = {2016},
  journal = {{The R Journal}},
  url = {https://journal.r-project.org/archive/2016/RJ-2016-061/index.html},
  pages = {486--494},
  volume = {8},
  number = {2},
}

@Article{VIM:2012,
  title = {{The International Vocabulary of Metrology -- Basic and General   Concepts and Associated Terms (VIM), 3rd Edn. JCGM 200:2012}},
  author = {{BIPM} and {IEC} and {IFCC} and {ILAC} and {IUPAC} and {IUPAP} and {ISO} and {OIML}},
  journal = {Joint Committee for Guides in Metrology},
  year = {2012},
  url = {http://www.bipm.org/vim},
}

@Article{GUM:2008,
  title = {{Evaluation of Measurement Data -- Guide to the Expression of   Uncertainty in Measurement, 1st Edn. JCGM 100:2008}},
  author = {{BIPM} and {IEC} and {IFCC} and {ILAC} and {IUPAC} and {IUPAP} and {ISO} and {OIML}},
  journal = {Joint Committee for Guides in Metrology},
  year = {2008},
  url = {https://www.bipm.org/en/publications/guides/gum.html},
}

@Article{Flatter:2018,
  author = {David Flater},
  title = {{Architecture for Software-Assisted Quantity Calculus}},
  journal = {Computer Standards \& Interfaces},
  volume = {56},
  pages = {144--147},
  year = {2018},
  issn = {0920-5489},
  url = {https://doi.org/10.1016/j.csi.2017.10.002},
}

@TechReport{Arras:1998,
  title = {An Introduction to Error Propagation: Derivation, Meaning and   Examples of Cy = Fx Cx Fx'},
  author = {K. O. Arras},
  year = {1998},
  institution = {ETH Zurich},
  note = {Technical Report Nr. EPFL-ASL-TR-98-01 R3, Autonomous Systems
                  Lab, EPFL, September 1998},
}
