@Article{randal-analysis-1989,
  author = {J. H. Randall},
  title = {The Analysis of Sensory Data by Generalized Linear Model},
  journal = {Biometrical Journal},
  volume = {31},
  number = {7},
  url = {http://dx.doi.org/10.1002/bimj.4710310703},
  pages = {781--793},
  year = {1989},
}

@Article{efron-another-1979,
  author = {B. Efron},
  title = {Bootstrap Methods: Another Look at the Jackknife},
  journal = {Annals fo Statistics},
  volume = {7},
  number = {1},
  pages = {1--26},
  year = {1979},
  url = {http://dx.doi.org/10.1214/aos/1176344552},
}

@Article{residuals-liu-2017,
  author = {Dungang Liu and Heping Zhang},
  title = {Residuals and Diagnostics for Ordinal Regression Models: A Surrogate Approach},
  journal = {Journal of the American Statistical Association},
  volume = {0},
  number = {ja},
  pages = {0--0},
  year = {2017},
  url = {http://dx.doi.org/10.1080/01621459.2017.1292915},
}

@Article{residuals-li-2012,
  author = {Chun Li and Bryan E. Shepherd},
  title = {A New Residual for Ordinal Outcomes},
  journal = {Biometrika},
  volume = {99},
  number = {2},
  pages = {473-480},
  year = {2012},
  url = {http://dx.doi.org/10.1093/biomet/asr073},
}

@Article{graphical-liu-2009,
  author = {Ivy Liu and Bhramar Mukherjee and Thomas Suesse and David Sparrow and Sung Kyun Park},
  title = {Graphical Diagnostics to Check Model Misspecification for the Proportional Odds Regression Model},
  journal = {Statistics in Medicine},
  volume = {28},
  number = {3},
  pages = {412--429},
  year = {2009},
  url = {http://dx.doi.org/10.1080/01621459.2017.1292915},
}

@Book{pkg-ggplot2,
  author = {Hadley Wickham},
  title = {Ggplot2: Elegant Graphics for Data Analysis},
  publisher = {Springer-Verlag},
  year = {2009},
  isbn = {978-0-387-98140-6},
  url = {http://ggplot2.org},
}

@Book{pkg-MASS,
  title = {Modern Applied Statistics with S},
  author = {W. N. Venables and B. D. Ripley},
  publisher = {Springer-Verlag},
  edition = {4th},
  address = {New York},
  year = {2002},
  note = {ISBN 0-387-95457-0},
  url = {http://www.stats.ox.ac.uk/pub/MASS4},
}

@Book{analysis-agresti-2010,
  title = {Analysis of Ordinal Categorical Data},
  author = {Alan Agresti},
  isbn = {9781118209998},
  series = {Wiley Series in Probability and Statistics},
  year = {2010},
  publisher = {John Wiley \& Sons},
}

@Book{regression-harrell-2001,
  title = {Regression Modeling Strategies: With Applications to Linear Models, Logistic Regression, and Survival Analysis},
  author = {Frank E. Harrell},
  isbn = {9780387952321},
  series = {Graduate Texts in Mathematics},
  year = {2001},
  publisher = {Springer-Verlag},
}

@Manual{pkg-sure,
  title = {Sure: Surrogate Residuals for Ordinal and General Regression Models},
  author = {Brandon Greenwell and Andrew McCarthy and Brad Boehmke},
  year = {2017},
  note = {R package version 0.1.2.9000},
  url = {https://CRAN.R-project.org/package=sure},
}

@Manual{pkg-VGAM,
  title = {VGAM: Vector Generalized Linear and Additive Models},
  author = {Thomas W. Yee},
  year = {2017},
  note = {R package version 1.0-3},
  url = {https://CRAN.R-project.org/package=VGAM},
}

@Manual{pkg-ordinal,
  title = {Ordinal---Regression Models for Ordinal Data},
  author = {R. H. B. Christensen},
  year = {2015},
  note = {R package version 2015.6-28},
  url = {http://www.cran.r-project.org/package=ordinal},
}

@Manual{pkg-rms,
  title = {Rms: Regression Modeling Strategies},
  author = {Frank E. Harrell},
  year = {2017},
  note = {R package version 5.1-1},
  url = {https://CRAN.R-project.org/package=rms},
}

@Manual{pkg-PResiduals,
  title = {PResiduals: Probability-Scale Residuals and Residual Correlations},
  author = {Charles Dupont and Jeffrey Horner and Chun Li and Qi Liu and Bryan Shepherd},
  year = {2016},
  note = {R package version 0.2-4},
  url = {https://CRAN.R-project.org/package=PResiduals},
}
