@article{Andrews:1984,
	Author = {Andrews, Frank M.},
	Journal = {Public opinion quarterly},
	Number = 48,
	Pages = {409--442},
	Title = {Construct validity and error components of survey measures: A structural modeling approach},
	Volume = 2,
	Year = 1984,
	url = {https://doi.org/10.1086/268840}
}
@article{Asparouhov:2023,
	Author = {Asparouhov, Tihomir and Muthen, Bengt},
	Journal = {Structural Equation Modeling},
	Number = 30,
	Pages = {1--31},
	Title = {Residual Structural Equation Models},
	Volume = 1,
	Year = 1984,
	url = {https://doi.org/10.1080/10705511.2022.2074422}
}
@article{Billiet:2000,
	Author = {Billiet, Jaak B. and McClendon, McKee J.},
	Journal = {Structural equation modeling},
	Number = 7,
	Pages = {608--628},
	Title = {Modeling acquiescence in measurement models for two balanced sets of items},
	Volume = 4,
	Year = 2000,
	url = {https://doi.org/10.1207/S15328007SEM0704_5}
}
@article{Bollen:1989,
	Author = {Bollen, Kenneth A.},
	Journal = {Sociological methods \& research},
	Number = 17,
	Pages = {303--316},
	Title = {A new incremental fit index for general structural equation models},
	Volume = 3,
	Year = 1989,
	url = {https://doi.org/10.1177/0049124189017003004}
}
@article{Choulakian:2003,
	Author = {Chulakian, Vartan},
	Journal = {Psychometrika},
	Number = 68,
	Pages = {473--475},
	Title = {The optimality of the centroid method},
	Volume = 3,
	Year = 2003,
	url = {https://doi.org/10.1007/BF02294738}
}
@article{DeCastellarnau:2021,
	Author = {DeCastellarnau, Anna and Saris, Willem E.},
	Journal = {Structural Equation Modeling: A Multidisciplinary Journal},
	Number = 28,
	Pages = {572--581},
	Title = {Correcting correlation and covariance matrices for measurement errors before further analysis},
	Volume = 4,
	Year = 2021,
	url = {https://doi.org/10.1080/10705511.2020.1870229}
}
@article{delaFuente:2020,
	Author = {de la Fuente, Javier and Abad, Francisco J.},
	Journal = {Psicothema},
	Number = 32,
	Pages = {590--597},
	Title = {Comparing Methods for Modeling Acquiescence in Multidimensional Partially Balanced Scales},
	Volume = 4,
	Year = 2020,
	url = {http://10.7334/psicothema2020.96}
}
@article{DeMars:2014,
	Author = {DeMars, Christine E.},
	Journal = {Applied Psychological Measurement},
	Number = 5,
	Pages = {406--409},
	Title = {An illustration of the effects of ignoring a secondary factor},
	Volume = 38,
	Year = 2014,
	url = {https://doi.org/10.1177/0146621614529360}
}
@article{Eysenck:1950,
	Author = {Eysenck, H. J.},
	Journal = {Psychological Review},
	Number = 57,
	Pages = {38--53},
	Title = {Criterion analysis--An application of the hypothetico-deductive method to factor analysis},
	Volume = 1,
	Year = 1950,
	url = {https://doi.org/10.1037/h0057657}
}
@article{Fabrigar:1999,
	Author = {Fabrigar, Leandre R. and Wegener, Duane T. and MacCallum, Robert C. and Strahan, Erin J.},
	Journal = {Psychological Methods},
	Number = 4,
	Pages = {272--299},
	Title = {Evaluating the use of exploratory factor analysis in psychological research},
	Volume = 3,
	Year = 1999,
	url = {https://doi.org/10.1037/1082-989X.4.3.272}
}
@incollection{Fabrigar:2012,
	title = {Structural equation modeling},
	author = {Fabrigar, Leandre R. and Wegener, Duane T.},
	booktitle = {Applied multivariate statistics for the social sciences},
	pages = {549--594},
	year = {2012},
	publisher = {Routledge}
}
@article{Ferrando:2000,
	Author = {Ferrando, Pere J. and Lorenzo-Seva, Urbano},
	Journal = {Psicologica},
	Number = 21,
	Pages = {301--323},
	Title = {Unrestricted versus restricted factor analysis of multidimensional test items: some aspects of the problem and some suggestions},
	Year = 2000,
	url = {https://www.redalyc.org/pdf/169/Resumenes/Resumen_16921206_1.pdf}
}
@article{Ferrando:2010,
	Author = {Ferrando, Pere J. and Lorenzo-Seva, Urbano},
	Journal = {British Journal of Mathematical and Statistical Psychology},
	Number = 62,
	Pages = {427--448},
	Title = {Acquiescence as a source of bias and model and person misfit: A theoretical and empirical analysis},
	Volume = 2,
	Year = 2010,
	url = {https://doi.org/10.1348/000711009X470740}
}
@techreport{Ferrando:2013,
	author = {Ferrando, Pere J. and Lorenzo-Seva, Urbano},
	title = {Unrestricted item factor analysis and some relations with item response theory},
	institution = {Department of Psychology, Universitat Rovira i Virgili, Tarragona},
	Year = 2013,
	url = {http://psico.fcep.urv.es/utilitats/factor.}
}
@article{Ferrando:2016,
	Author = {Ferrando, Pere J. and Lorenzo-Seva, Urbano},
	Journal = {Psicologica},
	Number = 37,
	Pages = {235--247},
	Title = {A note on improving EAP trait estimation in oblique factor-analytic and item response theory models},
	Volume = 2,
	Year = 2016,
	url = {https://www.redalyc.org/articulo.oa?id=16946248007}
}
@article{Ferrando:2003,
	Author = {Ferrando, Pere J. and Lorenzo-Seva, Urbano and Chico, Eliseo},
	Journal = {Multivariate Behavioral Research},
	Number = 38,
	Pages = {353--374},
	Title = {Unrestricted factor analytic procedures for assessing acquiescent responding in balanced, theoretically unidimensional personality scales},
	Volume = 3,
	Year = 2003,
	url = {https://doi.org/10.1207/S15327906MBR3803_04}
}
@article{Joreskog:1969,
	Author = {Joreskog, K. G.},
	Journal = {Psychometrika},
	Number = 34,
	Pages = {183--202},
	Title = {A general approach to confirmatory maximum likelihood factor analysis.},
	Volume = 2,
	Year = 1969,
	url = {https://doi.org/10.1007/BF02289343}
}
@article{Lawley:1960,
	title = {Approximate methods in factor analysis},
	author = {Lawley, DN},
	journal = {British Journal of Statistical Psychology},
	volume = {13},
	number = {1},
	pages = {11--17},
	year = {1960},
	publisher = {Wiley Online Library}
}
@article{Lorenzo-Seva:2009,
	Author = {Lorenzo-Seva, Urbano and Ferrando, Pere J.},
	Journal = {British Journal of Mathematical and Statistical Psychology},
	Number = 62,
	Pages = {319--326},
	Title = {Acquiescent responding in partially balanced multidimensional scales},
	Volume = 2,
	Year = 2009,
	url = {https://doi.org/10.1348/000711007X265164}
}
@article{Maydeu-Olivares:2006,
	Author = {Maydeu-Olivares, Albert and Coffman, Donna L.},
	Journal = {Psychological methods},
	Number = 11,
	Pages = {344--362},
	Title = {Random intercept item factor analysis},
	Volume = 4,
	Year = 2006,
	url = {https://doi.org/10.1037/1082-989X.11.4.344}
}
@article{McDonald:1978,
	Author = {McDonald, Roderick P.},
	Journal = {Multivariate Behavioral Research},
	Number = 3,
	Pages = {319--325},
	Title = {Some checking procedures for extension analysis},
	Volume = 13,
	Year = 1978,
	url = {https://doi.org/10.1207/s15327906mbr1303_4}
}
@article{McDonald:2000,
	Author = {McDonald, Roderick P.},
	Journal = {Applied Psychological Measurement},
	Number = 24,
	Pages = {99--114},
	Title = {A basis for multidimensional item response theory},
	Volume = 2,
	Year = 2000,
	url = {https://doi.org/10.1177/01466210022031552}
}
@article{McDonald:1995,
	Author = {McDonald, Roderick P. and Mok, Magdalena M.C.},
	Journal = {Multivariate Behavioral Research},
	Number = 30,
	Pages = {23--40},
	Title = {Goodness of fit in item response models},
	Volume = 1,
	Year = 1995,
	url = {https://doi.org/10.1207/s15327906mbr3001_2}
}
@article{Messick:1966,
	Author = {Messick, Samuel},
	Journal = {ETS Research Bulletin Series},
	Volume = {1966},
	Number = {1},
	Title = {The psychology of acquiescence: an interpretation of research evidence 1},
	Pages = {i--44},
	Year = {1966},
	publisher = {Wiley Online Library}
}
@Manual{Morales-Vives:2012,
	title = {{PSYMAS}. Cuestionario de madurez psicol{\'o}gica [{PSYMAS}. Questionnaire of psychological maturity]},
	author = {Morales-Vives, Fabia and Camps, Elisa and Lorenzo-Seva, Urbano},
	organization = {TEA},
	address = {Madrid, Spain},
	year = {2012},
	url = {https://pseaconsultores.com/wp-content/uploads/2020/10/PSYMAS.-Cuestionario-de-Madurez-Psicologica.pdf/}
}
@article{Morales-Vives:2013,
	Author = {Morales-Vives, Fabia and Camps, Elisa and Lorenzo-Seva, Urbano},
	Journal = {European Journal of Psychological Assessment},
	Number = 29,
	Pages = {12--18},
	Title = {Development and Validation of the Psychological Maturity Assessment Scale ({PSYMAS})},
	Volume = 1,
	Year = 2013,
	url = {https://doi.org/10.1027/1015-5759/a000115}
}
@article{Morales-Vives:2018,
	title = {Predicting suicidal ideation in adolescent boys and girls: The role of psychological maturity, personality traits, depression and life satisfaction},
	author = {Morales-Vives, Fabia and Due{\~n}as, Jorge Manuel},
	journal = {The Spanish journal of psychology},
	volume = {21},
	pages = {E10},
	year = {2018},
	url = {https://doi.org/10.1017/sjp.2018.12}
}
@article{Morales-Vives:2020,
	Author = {Morales-Vives, Fabia and Camps, Elisa and Due{\~n}as, Jorge Manuel},
	Journal = {Psicothema},
	Number = 31,
	Pages = {84--91},
	Title = {Predicting academic achievement in adolescents: The role of maturity, intelligence and personality},
	Volume = 1,
	Year = 2020,
	url = {https://doi.org/10.1027/1015-5759/a000115}
}
@article{Morales-Vives:inpress,
	Author = {Morales-Vives, Fabia and Ferrando, P.J. and Due{\~n}as, Jorge Manuel and Mart{\'i}n-Arb{\'o}s, S. and Castarlenas, E},
	Journal = {Current Psychology},
	Title = {Are Older Teens More Frustrated than Younger Teens by the {COVID-19} Restrictions? The Role of Psychological Maturity, Personality Traits, Depression and Life Satisfaction.},
	Year = {in press},
	url = {https://doi.org/10.1007/s12144-023-04317-6}
}
@incollection{Muthen:1993,
	author = {Muthen, Bengt},
	title = {Goodness of Fit with Categorical and Other Non-Normal Variables},
	booktitle = {Testing Structural Equation Models},
	publisher = {Sage Publications},
	year = {1993},
	editor = {K.A. Bollen and S. J. Long},
	pages = {205--243}
}
@incollection{Nunnally:1978,
	author = {Nunnally, Jum C.},
	title = {An overview of psychological measurement},
	booktitle = {Clinical diagnosis of mental disorders},
	publisher = {Springer},
	year = {1978},
	editor = {B.B Wolman},
	pages = {97--146}
}
@article{Oberski:2013,
	Author = {Oberski, Daniel L. and Satorra, Albert},
	Journal = {Structural Equation Modeling: A Multidisciplinary Journal},
	Number = 20,
	Pages = {409--428},
	Title = {Measurement error models with uncertainty about the error variance},
	Volume = 3,
	Year = 2013,
	url = {https://doi.org/10.1080/10705511.2013.797820}
}
@Manual{RCore:2024,
	title = {{R}: A Language and Environment for Statistical Computing},
	author = {{R Core Team}},
	organization = {R Foundation for Statistical Computing},
	address = {Vienna, Austria},
	year = {2024},
	note = {{ISBN} 3-900051-07-0},
	url = {https://www.R-project.org/}
}
@article{Rosseel:2012,
	Author = {Rosseel, Yves},
	Journal = {Journal of Statistical Software},
	Number = 48,
	Pages = {1--36},
	Title = {lavaan: An {R} Package for Structural Equation Modeling.},
	Volume = 2,
	Year = 2012,
	url = {https://www.jstatsoft.org/v48/i02/}
}
@article{Savalei:2014,
	Author = {Savalei, Victoria and Falk, Carl F.},
	Journal = {Multivariate behavioral research},
	Number = 49,
	Pages = {407--424},
	Title = {Recovering substantive factor loadings in the presence of acquiescence bias: A comparison of three approaches},
	Volume = 5,
	Year = 2014,
	url = {https://doi.org/10.1037/1082-989X.4.3.272}
}
@incollection{Tanaka:1993,
	author = {Tanaka, Jeffrey S.},
	title = {An overview of psychological measurement},
	booktitle = {Testing Structural Equation Models},
	publisher = {Sage Publications},
	year = {1993},
	editor = {K.A. Bollen and S. J. Long},
	pages = {10--40}
}
@article{tenBerge:1999,
	Author = {ten Berge, Jos M. F.},
	Journal = {Multivariate Behavioral Research},
	Number = 34,
	Pages = {89--102},
	Title = {A legitimate case of component analysis of ipsative measures, and partialling the mean as an alternative to ipsatization},
	Volume = 4,
	Year = 2020,
	url = {https://doi.org/10.1207/s15327906mbr3401_4}
}
@article{tenBerge:1991,
	Author = {ten Berge, Jos M. F. and Kiers, Henk A. L.},
	Journal = {Psychometrika},
	Number = 56,
	Pages = {309--215},
	Title = {A numerical approach to the approximate and the exact minimum rank of a covariance matrix},
	Volume = 2,
	Year = 1991,
	url = {https://doi.org/10.1007/BF02294464}
}
@article{Vigil-Colet:2020,
	Author = {Vigil-Colet, Andreu and Navarro-Gonzalez, David and Morales-Vives, Fabia},
	Journal = {Psicothema},
	Number = 32,
	Pages = {108--114},
	Title = {To reverse or to not reverse Likert-type items: That is the question},
	Volume = 1,
	Year = 2020,
	url = {https://doi.org/10.7334/psicothema2019.286}
}
