
		@inproceedings{Kie02,
	Address = {Hong Kong, China},
	Author = {W. Kie{\ss}ling},
	Bibsource = {DBLP, http://dblp.uni-trier.de},
	Booktitle = {VLDB '02: 28th International Conference on Very Large Data Bases},
	Date-Modified = {2012-10-23 19:28:50 +0200},
	Pages = {311-322},
	Title = {{Foundations of Preferences in Database Systems}},
	Year = {2002}}
	
	@inproceedings{Kie02rewriting,
  title={{Preference SQL: Design, Implementation, Experiences}},
  author={Kie{\ss}ling, Werner and K{\"o}stler, Gerhard},
  booktitle={VLDB '02: 28th International Conference on Very Large Data Bases},
  pages={990--1001},
  year={2002}
}
	
@inproceedings{BKS01,
author={B{\"o}rzs{\"o}nyi, S. and Kossmann, D. and Stocker, K.},
booktitle={17th International Conference on Data Engineering},
title={{The Skyline Operator}},
year={2001},
pages={421-430},
doi={10.1109/ICDE.2001.914855},
ISSN={1063-6382},}

@inproceedings{RK13,
  title={{R-Pref: Rapid Prototyping of Database Preference Queries in R.}},
  author={Roocks, P. and Kie{\ss}ling, W.},
  booktitle={DATA '13: 2nd International Conference on Data Management Technologies and Applications},
  pages={104--111},
  year={2013}
}
	
	@Manual{rPref,
    title = {rPref: Database Preferences and Skyline Computation},
    author = {Patrick Roocks},
    year = {2016},
    note = {R package version 1.2},
    url = {http://www.p-roocks.de/rpref},
  }
	


@incollection{graphviz,
  title={{Graphviz and Dynagraph -- Static and Dynamic Graph Drawing Tools}},
  author={Ellson, John and Gansner, Emden R and Koutsofios, Eleftherios and North, Stephen C and Woodhull, Gordon},
  booktitle={Graph Drawing Software},
  pages={127--148},
  year={2004},
  publisher={Springer}
} 

  @Manual{rgraphviz,
    title = {Rgraphviz: Provides plotting capabilities for R graph objects},
    author = {Kasper Daniel Hansen and Jeff Gentry and Li Long and Robert Gentleman and Seth Falcon and Florian Hahne and Deepayan Sarkar},
    year = {2016},
    note = {R package version 2.18.0},
  }

	
		@inproceedings{prefana,
    title = {{Preference Analytics in EXASolution}},
    author = {Mandl, S. and Kozachuk, O. and Endres, M. and Kie{\ss}ling, W.},
		booktitle = {16th Conference on Database Systems for Business, Technology, and Web},
    	year={2015},
			url={http://www.btw-2015.de/res/proceedings/Hauptband/Ind/Mandl-Preference_Analytics_in_EXAS.pdf}
  }
	
	@inproceedings{scalagon,
  title={{Scalagon: An Efficient Skyline Algorithm for All Seasons}},
  author={Endres, M. and Roocks, P. and Kie{\ss}ling, W.},
  booktitle={DASFAA '15: Database Systems for Advanced Applications},
  pages={292--308},
  year={2015},
  organization={Springer}
}

	@Article{igraph,
    title = {{The igraph software package for complex network research}},
    author = {Csardi, G. and Nepusz, T.},
    journal = {InterJournal},
    volume = {Complex Systems},
    pages = {1695},
    year = {2006},
    url = {http://igraph.sf.net},
  }


  @Manual{dplyr,
		title = {dplyr: A Grammar of Data Manipulation},
    author = {Hadley Wickham and Romain Francois},
    year = {2016},
    note = {R package version 0.5.0},
    url = {https://CRAN.R-project.org/package=dplyr},
  }
	

@Book{ggplot,
    author = {Hadley Wickham},
    title = {ggplot2: Elegant Graphics for Data Analysis},
    publisher = {Springer-Verlag New York},
    year = {2009},
    isbn = {978-0-387-98140-6},
    url = {http://ggplot2.org},
  }
	
	@Manual{rcppparallel,
    title = {RcppParallel: Parallel Programming Tools for 'Rcpp'},
    author = {JJ Allaire and Romain Francois and Kevin Ushey and Gregory Vandenbrouck and Marcus Geelnard and {Intel}},
    year = {2016},
    note = {R package version 4.3.20},
    url = {https://CRAN.R-project.org/package=RcppParallel},
  }
	
	
	 @Manual{emoa,
    title = {emoa: Evolutionary Multiobjective Optimization Algorithms},
    author = {Olaf Mersmann},
    year = {2012},
    note = {R package version 0.5-0},
    url = {https://CRAN.R-project.org/package=emoa},
  }
	
	
	@Article{tunepareto,
    title = {{Multi-Objective Parameter Selection for Classifiers}},
    author = {Christoph M\"ussel and Ludwig Lausser and Markus Maucher and Hans A. Kestler},
    journal = {Journal of Statistical Software},
    year = {2012},
    volume = {46},
    number = {5},
    pages = {1--27},
    url = {http://www.jstatsoft.org/v46/i05/},
  }
	
	  @Manual{mco,
    title = {mco: Multiple Criteria Optimization Algorithms and Related Functions},
    author = {Olaf Mersmann},
    year = {2014},
    note = {R package version 1.0-15.1},
    url = {https://CRAN.R-project.org/package=mco},
  }
	
	@Manual{lazyeval,
    title = {lazyeval: Lazy (Non-Standard) Evaluation},
    author = {Hadley Wickham},
    year = {2016},
    note = {R package version 0.2.0},
    url = {https://CRAN.R-project.org/package=lazyeval},
  }
	
	@phdthesis{Roocks2016,
  author      = {Patrick Roocks},
  title       = {Relational and Algebraic Calculi for Database Preferences},
  year        = {2016},
	school = {University of Augsburg},
	url = {https://opus.bibliothek.uni-augsburg.de/opus4/frontdoor/index/index/docId/3760}
}@book{rcppparallel,
author = {J.~{Allaire, R.~Francois, K.~Ushey, G.~Vandenbrouck, M.~Geelnard, and {Intel}}},
title = {{RcppParallel: Parallel Programming Tools for 'Rcpp', }},
publisher = {R package version 4.3.20},
year = {2016},
url = {https://CRAN.R-project.org/package=RcppParallel}
}
@book{igraph,
author = {G.~{Csardi and T.~Nepusz}},
title = {{The igraph software package for complex network research}},
publisher = {InterJournal Complex Systems: 1695},
year = {2006},
url = {http://igraph.sf.net}
}
@book{scalagon,
author = {M.~{Endres, P.~Roocks, and W.~Kie{\ss}ling}},
title = {{Scalagon: An Efficient Skyline Algorithm for All Seasons}},
publisher = {In DASFAA '15: Database Systems for Advanced Applications,pages  Springer},
pages = {292--308},
year = {2015}
}
@book{rgraphviz,
author = {K.~D. {Hansen, J.~Gentry, L.~Long, R.~Gentleman, S.~Falcon, F.~Hahne, and D.~Sarkar}},
title = {{Rgraphviz: Provides plotting capabilities for R graph objects, }},
publisher = {R package version 2.18.0},
year = {2016}
}
@book{Kie02,
author = {W.~{Kie{\ss}ling}},
title = {{Foundations of Preferences in Database Systems}},
publisher = {In VLDB '02: 28th International Conference on Very Large DataBases pages  Hong Kong China},
pages = {311--322},
year = {2002}
}
@book{Kie02rewriting,
author = {W.~{Kie{\ss}ling and G.~K{\"o}stler}},
title = {{Preference SQL: Design, Implementation, Experiences}},
publisher = {In VLDB '02: 28th International Conference on Very Large DataBases pages},
pages = {990--1001},
year = {2002}
}
@book{prefana,
author = {S.~{Mandl, O.~Kozachuk, M.~Endres, and W.~Kie{\ss}ling}},
title = {{Preference Analytics in EXASolution}},
publisher = {In 16th Conference on Database Systems for Business,Technology and Web},
year = {2015},
url = {http://www.btw-2015.de/res/proceedings/Hauptband/Ind/Mandl-Preference_Analytics_in_EXAS.pdf}
}
@book{emoa,
author = {O.~{Mersmann}},
title = {{emoa: Evolutionary Multiobjective Optimization Algorithms, }},
publisher = {R package version 0.5-0},
year = {2012},
url = {https://CRAN.R-project.org/package=emoa}
}
@book{mco,
author = {O.~{Mersmann}},
title = {{mco: Multiple Criteria Optimization Algorithms and Related Functions, }},
publisher = {R package version 1.0-15.1},
year = {2014},
url = {https://CRAN.R-project.org/package=mco}
}
@book{tunepareto,
author = {C.~{M\"ussel, L.~Lausser, M.~Maucher, and H.~A. Kestler}},
title = {{Multi-Objective Parameter Selection for Classifiers}},
publisher = {Journal of Statistical Software 46 (5):},
pages = {1--27},
year = {2012},
url = {http://www.jstatsoft.org/v46/i05/}
}
@book{Roocks2016,
author = {P.~{Roocks}},
title = {{Relational and Algebraic Calculi for Database Preferences}},
publisher = {PhD thesis University of Augsburg natexlaba},
year = {2016},
url = {https://opus.bibliothek.uni-augsburg.de/opus4/frontdoor/index/index/docId/3760}
}
@book{rPref,
author = {P.~{Roocks}},
title = {{rPref: Database Preferences and Skyline Computation, natexlabb}},
publisher = {R package version 1.2},
year = {2016},
url = {http://www.p-roocks.de/rpref}
}
@book{lazyeval,
author = {H.~{Wickham}},
title = {{lazyeval: Lazy (Non-Standard) Evaluation, }},
publisher = {R package version 0.2.0},
year = {2016},
url = {https://CRAN.R-project.org/package=lazyeval}
}
@book{dplyr3,
author = {H.~{Wickham and R.~Francois}},
title = {{dplyr: A Grammar of Data Manipulation, }},
publisher = {R package version 0.5.0},
year = {2016},
url = {https://CRAN.R-project.org/package=dplyr}
}

@book{rcppparallel,
author = {J.~{Allaire, R.~Francois, K.~Ushey, G.~Vandenbrouck, M.~Geelnard, and {Intel}}},
title = {{RcppParallel: Parallel Programming Tools for 'Rcpp', }},
publisher = {R package version 4.3.20},
year = {2016},
url = {https://CRAN.R-project.org/package=RcppParallel}
}

