@Manual{rcore2016,
  title = {{R}: A Language and Environment for Statistical Computing},
  author = {{R Core Team}},
  organization = {{R} Foundation for Statistical Computing},
  address = {Vienna, Austria},
  year = {2016},
  url = {https://www.R-project.org/},
}

@Book{edwards1992,
  author = {A. W. F. Edwards},
  title = {Likelihood (Expanded Edition)},
  publisher = {John Hopkins},
  year = {1992},
}

@Article{bradley1952,
  author = {R. A. Bradley and M. E. Terry},
  title = {The Rank Analysis of Incomplete Block Designs {I}. {T}he Method of Paired Comparisons},
  journal = {Biometrika},
  year = {1952},
  volume = {39},
  pages = {324--345},
}

@Article{hankin2010,
  title = {A Generalization of the {Dirichlet} Distribution},
  author = {Robin K. S. Hankin},
  journal = {Journal of Statistical Software},
  year = {2010},
  volume = {33},
  number = {11},
  pages = {1--18},
  url = {https//doi.org/10.18637/jss.v033.i11},
}

@Article{hankin2008a,
  title = {Exact Tests for Two-Way Contingency Tables with Structural Zeros},
  author = {Robin K. S. Hankin},
  journal = {Journal of Statistical Software},
  year = {2008},
  volume = {28},
  number = {11},
  pages = {1--19},
  url = {https://doi.org/10.18637/jss.v028.i11},
}

@Article{turner2012,
  title = {Bradley-Terry Models in {R}: The {BradleyTerry2} Package},
  author = {Heather Turner and David Firth},
  journal = {Journal of Statistical Software},
  year = {2012},
  volume = {48},
  number = {9},
  pages = {1--21},
  url = {https://doi.org/10.18637/jss.v048.i09},
}

@Book{musser2009,
  author = {David R. Musser and Gillmer J. Derge and Atul Saini},
  title = {{S}{T}{L} Tutorial and Reference Guide: {C++} Programming with the {S}tandard {T}emplate {L}ibrary},
  year = {2009},
  isbn = {0321702123, 9780321702128},
  edition = {3rd},
  publisher = {Addison-Wesley Professional},
}

@Book{aitchison1986,
  author = {J. Aitchison},
  title = {The Statistical Analysis of Compositional Data},
  publisher = {The Blackburn Press},
  year = {1986},
}

@Book{luce1959,
  author = {R. Luce},
  title = {Individual Choice Behaviour: A Theoretical Analysis},
  publisher = {John Wiley \& Sons},
  year = {1959},
  address = {New York},
}

@Article{caron2012,
  author = {F. Caron and A. Doucet},
  title = {Efficient {B}ayesian Inference for Generalized {B}radley-{T}erry Models},
  journal = {Journal of Computational and Graphical Statistics},
  year = {2012},
  volume = {21},
  number = {1},
  pages = {174--196},
  url = {https://dx.doi.org/10.1080/10618600.2012.638220},
}

@Book{critchlow1985,
  author = {D. E. Critchlow},
  title = {Metric Methods for Analyzing Partially Ranked Data},
  publisher = {Springer-Verlag},
  year = {1985},
  address = {New York},
}

@Article{plackett1975,
  author = {R. L. Plackett},
  title = {The Analysis of Permutations},
  journal = {Applied Statistics},
  year = {1975},
  volume = {24},
  pages = {193--202},
}

@Misc{wikipedia_masterchef2017,
  author = {{Wikipedia}},
  title = {{MasterChef} {Australia} --- {Wikipedia,} The Free Encyclopedia},
  year = {2017},
  url = {https://en.wikipedia.org/w/index.php?title=MasterChef_Australia&oldid=761024807},
  note = {[Online; accessed 1-February-2017]},
}

@Misc{wikipedia_masterchef_australia_series6,
  author = {{Wikipedia}},
  title = {{MasterChef} {Australia} (Series 6) --- {Wikipedia,} The Free Encyclopedia},
  year = {2017},
  url = {https://en.wikipedia.org/w/index.php?title=MasterChef_Australia_(series_6)&oldid=762395535},
  note = {[Online; accessed 1-February-2017]},
}

@Article{hatzinger2012,
  title = {Prefmod: An {R} Package for Modeling Preferences Based on Paired Comparisons, Rankings, or Ratings},
  author = {R. Hatzinger and R. Dittrich},
  year = {2012},
  journal = {Journal of Statistical Software},
  volume = {48},
  issue = {10},
  pages = {1--31},
  url = {https://10.18637/jss.v048.i10},
}

@Article{wilks1938,
  author = {S. S. Wilks},
  title = {The Large-Sample Distribution of the Likelihood Ratio for Testing Composite Hypotheses},
  journal = {The Annals of Mathematical Statistics},
  year = {1938},
  volume = {9},
  number = {1},
  pages = {60--62},
  url = {http://www.jstor.org/stable/2957648},
}
