@Article{Scheike2007,
  author = {T. H. Scheike and Y. Sun},
  title = {Maximum Likelihood Estimation for Tied Survival Data under {C}ox Regression Model via {EM}-Algorithm},
  journal = {Lifetime Data Analysis},
  year = {2007},
  volume = {13},
  pages = {399-420},
  url = {https://dx.doi.org/10.1007/s10985-007-9043-3},
}

@Article{Cox,
  url = {http://dx.doi.org/10.1007/978-1-4612-4380-9_37},
  author = {D. R. Cox},
  journal = {Journal of the Royal Statistical Society B},
  number = {2},
  pages = {187-220},
  publisher = {John Wiley \& Sons},
  title = {Regression Models and Life-Tables},
  volume = {34},
  year = {1972},
}

@Article{FineGray1999,
  title = {A Proportional Hazards Model for the Subdistribution of a Competing Risk},
  author = {Jason P Fine and Robert J Gray},
  journal = {Journal of the American Statistical Association},
  volume = {94},
  year = {1999},
  number = {446},
  pages = {496--509},
  url = {https://dx.doi.org/10.1080/01621459.1999.10474144},
}

@Article{scheike2008predicting,
  title = {Predicting Cumulative Incidence Probability by   Direct Binomial Regression},
  author = {T. H. Scheike and M. J. Zhang and T. A. Gerds},
  journal = {Biometrika},
  volume = {95},
  number = {1},
  pages = {205--220},
  year = {2008},
  publisher = {Biometrika Trust},
  url = {https://dx.doi.org/10.1093/biomet/asm096},
}

@Article{Cheng1998prediction,
  title = {Prediction of Cumulative Incidence Function under the Proportional Hazards Model},
  author = {SC Cheng and Jason P Fine and LJ Wei},
  journal = {Biometrics},
  pages = {219--228},
  year = {1998},
  url = {https://dx.doi.org/10.2307/2534009},
  publisher = {JSTOR},
}

@Article{Scheike2011,
  author = {Thomas H. Scheike and Mei-Jie Zhang},
  title = {Analyzing Competing Risk Data Using the {R} {Timereg} Package},
  year = {2011},
  journal = {Journal of Statistical Software},
  volume = {38},
  issue = {2},
  number = {1-15},
  url = {https://dx.doi.org/10.18637/jss.v038.i02},
}

@Book{Therneau2000,
  author = {T. M. Therneau and P. M. Grambsch},
  title = {Modeling Survival Data: Extending the Cox Model},
  publisher = {Springer-Verlag},
  year = {2000},
  url = {https://dx.doi.org/10.1007/978-1-4757-3294-8},
}

@Article{Andersen2012,
  author = {P. K. Andersen and R. B. Geskus and T. {de Witte} and H. Putter},
  title = {Competing Risks in Epidemiology: Possibilities and Pitfalls},
  journal = {International Journal of Epidemiology},
  year = {2012},
  volume = {41},
  number = {3},
  pages = {861--870},
  url = {https://dx.doi.org/10.1093/ije/dyr213},
}

@Book{vaart98,
  author = {A. {van der Vaart}},
  publisher = {Cambridge University Press},
  title = {Asymptotic Statistics},
  year = {1998},
  url = {http://dx.doi.org/10.1017/CBO9780511802256},
}

@Article{benichou1990estimates,
  author = {J. Benichou and Mitchell H. Gail},
  title = {Estimates of Absolute Cause-Specific Risk in Cohort Studies},
  journal = {Biometrics},
  volume = {46},
  number = {3},
  pages = {813--826},
  url = {https://dx.doi.org/10.2307/2532098},
  year = {1990},
}

@Article{Breslow,
  author = {N. Breslow},
  title = {Covariance Analysis of Censored Survival Data},
  year = {1974},
  journal = {Biometrics},
  volume = {30},
  number = {1},
  pages = {89-99},
  url = {https://dx.doi.org/10.2307/2529620},
}

@Article{Efron,
  author = {B. Efron},
  title = {The Efficiency of {C}oxâ€™s Likelihood Function for Censored Data},
  year = {1977},
  journal = {Journal of American Statistical Association},
  volume = {72},
  number = {359},
  pages = {557-565},
  url = {https://dx.doi.org/10.2307/2286217},
}

@Misc{Gerds2001,
  author = {Ta Gerds and M Schumacher},
  booktitle = {Biometrika},
  isbn = {00063444},
  issn = {0006-3444},
  number = {2},
  pages = {572--580},
  title = {On Functional Misspecification of Covariates in the {C}ox Regression Model},
  url = {https://dx.doi.org/10.1093/biomet/88.2.572},
  volume = {88},
  year = {2001},
}

@Book{Tsiatis2006,
  author = {Anastasios A. Tsiatis},
  publisher = {Springer-Verlag},
  address = {New York},
  title = {{Semiparametric Theory and Missing Data}},
  year = {2006},
}

@Article{Reid1981,
  author = {Nancy Reid},
  journal = {The Annals of Statistics},
  mendeley-tags = {Reid1981},
  number = {1},
  pages = {78--92},
  title = {Influence Functions for Censored Data},
  volume = {9},
  url = {http://dx.doi.org/10.1214/aos/1176345334},
  year = {1981},
}

@Book{abgk,
  author = {P K Andersen and {\O} Borgan and R D Gill and N Keiding},
  title = {Statistical Models Based on Counting Processes},
  publisher = {Springer-Verlag},
  year = {1993},
  series = {Springer Series in Statistics},
  address = {New York},
  url = {http://dx.doi.org/10.1007/978-1-4612-4348-9},
}

@Article{andersen2012competing,
  title = {Competing Risks in Epidemiology: Possibilities and Pitfalls},
  author = {Per Kragh Andersen and Ronald B Geskus and Theo {de Witte} and Hein Putter},
  journal = {International journal of epidemiology},
  volume = {41},
  number = {3},
  pages = {861--870},
  year = {2012},
  url = {http://dx.doi.org/10.1093/ije/dyr213},
  publisher = {IEA},
}

@Article{gerds2012absolute,
  title = {Absolute Risk Regression for Competing Risks:   Interpretation, Link Functions, and Prediction},
  author = {T. A. Gerds and T. H. Scheike and P. K. Andersen},
  journal = {Statistics in Medicine},
  year = {2012},
  volume = {31},
  number = {29},
  pages = {3921--3930},
  url = {https://dx.doi.org/10.1002/sim.5459},
  publisher = {John Wiley \& Sons},
}

@Article{scheike2008flexible,
  title = {Flexible Competing Risks Regression Modeling and Goodness-of-Fit},
  author = {Thomas H Scheike and Mei-Jie Zhang},
  journal = {Lifetime data analysis},
  volume = {14},
  number = {4},
  pages = {464--483},
  year = {2008},
  url = {http://dx.doi.org/10.1007/s10985-008-9094-0},
  publisher = {Springer-Verlag},
}

@Article{lai1991estimating,
  title = {Estimating a Distribution Function with Truncated and Censored Data},
  author = {Tze Leung Lai and Zhiliang Ying},
  journal = {The Annals of Statistics},
  pages = {417--442},
  year = {1991},
  url = {http://dx.doi.org/10.1214/aos/1176347991},
  publisher = {JSTOR},
}

@Manual{PKGsurvival,
  title = {Survival: Survival Analysis},
  author = {Terry M Therneau},
  year = {2017},
  note = {R package version 2.41-3},
  url = {https://CRAN.R-project.org/package=survival},
}

@Manual{PKGrms,
  title = {Rms: Regression Modeling Strategies},
  author = {Frank E {Harrell Jr}},
  year = {2017},
  note = {R package version 5.1-1},
  url = {https://CRAN.R-project.org/package=rms},
}

@Manual{PKGmstate,
  title = {Mstate: Data Preparation, Estimation and Prediction in Multi-State Models},
  author = {Hein Putter and Liesbeth {de Wreede} and Marta Fiocco and {with contributions by Ronald Geskus}},
  year = {2016},
  note = {R package version 0.2.10},
  url = {https://CRAN.R-project.org/package=mstate},
}

@Manual{PKGrbenchmark,
  title = {Rbenchmark: Benchmarking Routine for R},
  author = {Wacek Kusnierczyk},
  year = {2012},
  note = {R package version 1.0.0},
  url = {https://CRAN.R-project.org/package=rbenchmark},
}

@Manual{PKGprofvis,
  title = {Profvis: Interactive Visualizations for Profiling R Code},
  author = {Winston Chang and Javier Luraschi},
  year = {2017},
  note = {R package version 0.3.3},
  url = {https://CRAN.R-project.org/package=profvis},
}

@Manual{PKGmets,
  title = {Mets: Analysis of Multivariate Event Times},
  author = {Klaus K. Holst and Thomas Scheike},
  year = {2017},
  note = {R package version 1.2.2},
  url = {https://CRAN.R-project.org/package=mets},
}
