@Manual{noncomplyR,
    title = {\pkg{noncomplyR}: Bayesian Analysis of Randomized Experiments with Non-Compliance},
    author = {Scott Coggeshall},
    year = {2017},
    note = {\textsf{R} package version 1.0},
    url = {https://CRAN.R-project.org/package=noncomplyR},
  }

@Manual{eefAnalytics,
    title = {\pkg{eefAnalytics}: Analysing Education Trials},
    author = {Adetayo Kasim and ZhiMin Xiao and Steve Higgings and Ewoud {De Troyer}},
    year = {2017},
    note = {\textsf{R} package version 1.0.6},
    url = {https://CRAN.R-project.org/package=eefAnalytics},
    }
    
@Manual{ivpack,
    title = {\pkg{ivpack}: Instrumental Variable Estimation.},
    author = {Yang Jiang and Dylan Small},
    year = {2014},
    note = {\textsf{R} package version 1.2},
    url = {https://CRAN.R-project.org/package=ivpack},
  }
  
@article{white1982instrumental,
  title={Instrumental Variables Regression with Independent Observations},
  author={White, Halbert},
  journal={Econometrica},
  volume={50},
  number={2},
  pages={483--499},
  year={1982},
  publisher={JSTOR}
}

@article{zhou2019bayesian,
  title = {A Bayesian Hierarchical Model Estimating CACE in Meta-Analysis of Randomized Clinical Trials with Noncompliance},
  author = {Zhou, Jincheng and Hodges, James S. and Suri, M. Fareed K. and Chu, Haitao},
  journal = {Biometrics},
  volume = {75},
  number = {3},
  pages = {978-987},
  year = {2019},
  publisher={Wiley Online Library}
}

@article{RN215,
  title={Principal Stratification in Causal Inference},
  author={Frangakis, Constantine E and Rubin, Donald B},
  journal={Biometrics},
  volume={58},
  number={1},
  pages={21--29},
  year={2002},
  publisher={Wiley Online Library}
}

@article{RN279,
  title={The Effect of Partial Noncompliance on the Power of a Clinical Trial},
  author={Freedman, Laurence S},
  journal={Controlled Clinical Trials},
  volume={11},
  number={3},
  pages={157--168},
  year={1990},
  publisher={Elsevier}
}

@article{zhou2021bayesian,
  title={A Bayesian Hierarchical CACE Model Accounting for Incomplete Noncompliance With Application to a Meta-analysis of Epidural Analgesia on Cesarean Section},
  author={Zhou, Jincheng and Hodges, James S and Chu, Haitao},
  journal={Journal of the American Statistical Association},
  volume={116},
  number={536},
  pages={1700--1712},
  year={2021},
  publisher={Taylor \& Francis}
}

@article{hudgens2006causal,
  title={Causal Vaccine Effects on Binary Postinfection Outcomes},
  author={Hudgens, Michael G and Halloran, M Elizabeth},
  journal={Journal of the American Statistical Association},
  volume={101},
  number={473},
  pages={51--64},
  year={2006},
  publisher={Taylor \& Francis}
}

@article{zhou2020rejoinder,
  title={Rejoinder to \lq CACE and meta-analysis (Letter to the editor)' by Stuart Baker},
  author={Zhou, Jincheng and Hodges, James S and Chu, Haitao},
  journal={Biometrics},
  volume={76},
  number={4},
  pages={1385},
  year={2020},
  publisher={NIH Public Access}
}

@article{baker2020cace,
  title={CACE and meta-analysis (Letter to the Editor)},
  author={Baker, Stuart G},
  journal={Biometrics},
  volume={76},
  number={4},
  pages={1383--1384},
  year={2020},
  publisher={The International Biometric Society}
}

@article{zhou2016bayesian,
  title={A Bayesian Approach to Estimating Causal Vaccine Effects on Binary Post-infection Outcomes},
  author={Zhou, Jincheng and Chu, Haitao and Hudgens, Michael G and Halloran, M Elizabeth},
  journal={Statistics in medicine},
  volume={35},
  number={1},
  pages={53--64},
  year={2016},
  publisher={Wiley Online Library}
}

@book{hedges2014statistical,
  title={Statistical Methods for Meta-Analysis},
  author={Hedges, Larry V and Olkin, Ingram},
  year={1985},
  publisher={Academic Press},
  address={Orlando, FL}
}

@article{baccini2017bayesian,
  title={Bayesian Inference for Causal Mechanisms with Application to a Randomized Study for Postoperative Pain Control},
  author={Baccini, Michela and Mattei, Alessandra and Mealli, Fabrizia},
  journal={Biostatistics},
  volume={18},
  number={4},
  pages={605--617},
  year={2017},
  publisher={Oxford University Press}
}

@article{gilbert2015surrogate,
  title={Surrogate Endpoint Evaluation: Principal Stratification Criteria and the Prentice Definition},
  author={Gilbert, Peter B and Gabriel, Erin E and Huang, Ying and Chan, Ivan SF},
  journal={Journal of causal inference},
  volume={3},
  number={2},
  pages={157--175},
  year={2015},
  publisher={De Gruyter}
}

@article{laird1990some,
  title={Some Statistical Methods for Combining Experimental Results},
  author={Laird, Nan M and Mosteller, Frederick},
  journal={International Journal of Technology Assessment in Health Care},
  volume={6},
  number={1},
  pages={5--30},
  year={1990},
  publisher={Cambridge University Press}
}

@article{hedges1998fixed,
  title={Fixed- and Random-Effects Models in Meta-Analysis},
  author={Hedges, Larry V and Vevea, Jack L},
  journal={Psychological Methods},
  volume={3},
  number={4},
  pages={486--504},
  year={1998},
  publisher={American Psychological Association}
}

@article{viechtbauer2010conducting,
  title={Conducting Meta-Analyses in \textsf{R} with the \pkg{metafor} Package},
  author={Viechtbauer, Wolfgang},
  journal={Journal of Statistical Software},
  volume={36},
  number={3},
  pages={1--48},
  year={2010}
}

@article{lin2010relative,
  title={On the Relative Efficiency of Using Summary Statistics Versus Individual-Level Data in Meta-Analysis},
  author={Lin, D Y and Zeng, D},
  journal={Biometrika},
  volume={97},
  number={2},
  pages={321--332},
  year={2010},
  publisher={Oxford University Press}
}

@article{RN244,
  title={Models for Longitudinal Data: A Generalized Estimating Equation Approach},
  author={Zeger, Scott L and Liang, Kung-Yee and Albert, Paul S},
  journal={Biometrics},
  volume={44},
  number={4},
  pages={1049--1060},
  year={1988}
}

@Manual{plummer2013rjags,
    title = {\pkg{rjags}: Bayesian Graphical Models using MCMC},
    author = {Martyn Plummer},
    year = {2018},
    note = {\textsf{R} package version 4-8},
    url = {https://CRAN.R-project.org/package=rjags},
  }

@Article{plummer2006coda,
    title = {CODA: Convergence Diagnosis and Output Analysis for MCMC},
    author = {Martyn Plummer and Nicky Best and Kate Cowles and Karen Vines},
    journal = {R News},
    year = {2006},
    volume = {6},
    number = {1},
    pages = {7--11},
  }


@Manual{max2017forestplot,
    title = {\pkg{forestplot}: Advanced Forest Plot Using `grid' Graphics},
    author = {Max Gordon and Thomas Lumley},
    year = {2017},
    note = {\textsf{R} package version 1.7.2},
    url = {https://CRAN.R-project.org/package=forestplot},
  }
  
@article{RN240,
   author = {Bannister-Tyrrell, Melanie and Miladinovic, Branko and Roberts, Christine L and Ford, Jane B},
   title = {Adjustment for Compliance Behavior in Trials of Epidural Analgesia in Labor Using Instrumental Variable Meta-Analysis},
   journal = {Journal of Clinical Epidemiology},
   volume = {68},
   number = {5},
   pages = {525--533},
   year = {2015},
   type = {Journal Article}
}

@article{RN282,
  title={The Use of Confidence or Fiducial Limits Illustrated in the Case of the Binomial},
  author={Clopper, Charles J and Pearson, Egon S},
  journal={Biometrika},
  volume={26},
  number={4},
  pages={404--413},
  year={1934},
  publisher={JSTOR}
}

@article{RN255,
   author = {Brooks, Stephen P and Gelman, Andrew},
   title = {General Methods for Monitoring Convergence of Iterative Simulations},
   journal = {Journal of Computational and Graphical Statistics},
   volume = {7},
   number = {4},
   pages = {434--455},
   year = {1998},
   type = {Journal Article}
}

@article{RN256,
   author = {Gelman, Andrew and Rubin, Donald B},
   title = {Inference from Iterative Simulation Using Multiple Sequences},
   journal = {Statistical Science},
   volume={7},
   number={4},
   pages = {457--472},
   year = {1992},
   type = {Journal Article}
}

@article{RN252,
   author = {Spiegelhalter, David J and Best, Nicola G and Carlin, Bradley P and Van Der Linde, Angelika},
   title = {Bayesian Measures of Model Complexity and Fit},
   journal = {Journal of the Royal Statistical Society: Series B (Statistical Methodology)},
   volume = {64},
   number = {4},
   pages = {583--639},
   year = {2002},
   type = {Journal Article}
}

@article{harville1977maximum,
  title={Maximum Likelihood Approaches to Variance Component Estimation and to Related Problems},
  author={Harville, David A},
  journal={Journal of the American Statistical Association},
  volume={72},
  number={358},
  pages={320--338},
  year={1977},
  publisher={Taylor \& Francis Group}
}

@book{lunn2012bugs,
  title={The BUGS Book: A Practical Introduction to Bayesian Analysis},
  author={Lunn, David and Jackson, Chris and Best, Nicky and Spiegelhalter, David and Thomas, Andrew},
  year={2012},
  publisher={Chapman and Hall/CRC},
  address={New York, NY}
}

@article{lewis2001forest,
  title={Forest Plots: Trying to See the Wood and the Trees},
  author={Lewis, Steff and Clarke, Mike},
  journal={BMJ},
  volume={322},
  number={7300},
  pages={1479--1480},
  year={2001},
  publisher={British Medical Journal Publishing Group}
}

@Manual{flegal2012mcmcse,
    title = {\pkg{mcmcse}: Monte Carlo Standard Errors for MCMC},
    author = {Flegal, James M and Hughes, John and Vats, Dootika and Dai, N},
    year = {2017},
    note = {\textsf{R} package version 1.3-2},
    url = {https://CRAN.R-project.org/package=mcmcse},
  }

@book{robert2013monte,
  title={Monte Carlo Statistical Methods},
  author={Robert, Christian and Casella, George},
  year={2004},
  publisher={Springer Science \& Business Media},
  address={New York, NY}
}

@article{kass1998markov,
  title={Markov Chain Monte Carlo in Practice: A Roundtable Discussion},
  author={Kass, Robert E and Carlin, Bradley P and Gelman, Andrew and Neal, Radford M},
  journal={The American Statistician},
  volume={52},
  number={2},
  pages={93--100},
  year={1998},
  publisher={Taylor \& Francis Group}
}

@article{cowles1996markov,
  title={Markov Chain Monte Carlo Convergence Diagnostics: A Comparative Review},
  author={Cowles, Mary Kathryn and Carlin, Bradley P},
  journal={Journal of the American Statistical Association},
  volume={91},
  number={434},
  pages={883--904},
  year={1996},
  publisher={Taylor \& Francis Group}
}

@book{RN207,
  title={Categorical Data Analysis},
  author={Agresti, Alan},
  year={2013},
  edition={Third Edition},
  publisher={John Wiley \& Sons},
  address={Hoboken, NJ}
}

@article{zhou2021noncompliance,
  title = {Estimating the Complier Average Causal Effect in a Meta-Analysis of Randomized Clinical Trials With Binary Outcomes Accounting for Noncompliance: A Generalized Linear Latent and Mixed Model Approach},
  author = {Zhou, Ting and Zhou, Jincheng and Hodges, James S and Lin, Lifeng and Chen, Yong and Cole, Stephen R and Chu, Haitao},
  journal = {American Journal of Epidemiology},
  volume = {191},
  number = {1},
  pages = {220--229},
  year = {2021},
  month = {09}
}

