@Article{Welford2012,
  author = {B. P. Welford},
  journal = {Technometrics},
  number = {3},
  pages = {419--420},
  title = {Note on a Method for Calculating Corrected Sums of   Squares and Products},
  volume = {4},
  year = {1962},
}

@Article{Chu2007,
  author =	 {Cheng-Tao Chu and Sang Kyun Kim and Yi-An Lin and
                  YuanYuan Yu and Gary Bradski and Andrew Y Ng and
                  Kunle Olukotun},
  editor =	 {Bernhard Sch\"{o}lkopf and John C Platt and Thomas
                  Hoffman},
  journal =	 {Advances in Neural Information Processing Systems},
  number =	 {23},
  pages =	 {281--288},
  publisher =	 {The MIT Press},
  title =	 {Map-Reduce for Machine Learning on Multicore},
  volume =	 {19},
  year =	 {2007},
}

@Misc{Storm,
  author =	 {{Storm User Group}},
  title =	 {Storm. {D}istributed and Fault-Tolerant Realtime
                  Ccomputations},
  url =		 {http://storm-project.net},
  urldate =	 {2013-07-29},
  year =	 {2013},
}

@Article{Michalak2012,
  author =	 {Sarah Michalak and Andrew DuBois and David DuBois
                  and Scott Vander Wiel and John Hogden},
  journal =	 {Journal of Computational and Graphical Statistics},
  number =	 {3},
  pages =	 {561--580},
  title =	 {Developing Systems for Real-Time Streaming Analysis},
  volume =	 {21},
  year =	 {2012},
}

@Article{Scott2010,
  author =	 {Steven L. Scott},
  journal =	 {Applied Stochastic Models in Business and Industry},
  number =	 {6},
  pages =	 {639--658},
  title =	 {A modern {B}ayesian look at the multi-armed bandit},
  volume =	 {26},
  year =	 {2010},
}

@Misc{S4,
  author =	 {Kishore Gopalakrishna and Flavio Junqueira and
                  Matthieu Morel and Leo Neumeyer and Bruce Robbins
                  and Daniel Gomez Ferro},
  title =	 {{S4}},
  url =		 {http://incubator.apache.org/s4/team/},
  urldate =	 {2013-07-29},
  year =	 {2013},
}

@Article{Owen2012,
  author =	 {Art B. Owen and Dean Eckles},
  journal =	 {The Annals of Applied Statistics},
  number =	 {3},
  pages =	 {895--927},
  title =	 {Bootstrapping data arrays of arbitrary order},
  volume =	 {6},
  year =	 {2012},
}

@Article{THOMPSON1933,
  author =	 {W. R Thompson},
  journal =	 {Biometrika},
  number =	 {3--4},
  pages =	 {285--294},
  title =	 {On the Likelihood that one Unknown Probability
                  Exceeds Another in view of the Evidence of two
                  Samples},
  volume =	 {25},
  year =	 {1933},
}

@InCollection{bottou-98x,
  address =	 {Cambridge, UK},
  author =	 {L\'{e}on Bottou},
  booktitle =	 {Online Learning and Neural Networks},
  editor =	 {David Saad},
  publisher =	 {Cambridge University Press},
  title =	 {Online Algorithms and Stochastic Approximations},
  year =	 {1998},
}

@Article{Zinkevich2010,
  author =	 {Martin A Zinkevich and Alex Smola and Markus Weimer},
  editor =	 {J Lafferty and C K I Williams and J Shawe-Taylor and
                  R S Zemel and A Culotta},
  journal =	 {Advances in Neural Information Processing Systems},
  number =	 {6},
  pages =	 {1--9},
  title =	 {Parallelized Stochastic Gradient Descent},
  volume =	 {23},
  year =	 {2010},
}

@InProceedings{Babcock2002,
  address =	 {New York, USA},
  author =	 {Brian Babcock and Shivnath Babu and Mayur Datar and
                  Rajeev Motwani and Jennifer Widom},
  booktitle =	 {Proceedings of the Twenty-First ACM
                  SIGMOD-SIGACT-SIGART Symposium on Principles of
                  Database Systems -- PODS'02},
  pages =	 {1--16},
  publisher =	 {ACM Press},
  title =	 {Models and issues in data stream systems},
  year =	 {2002},
}

@Article{Whittle1980,
  author =	 {P Whittle},
  journal =	 {Journal of the Royal Statistical Society B},
  number =	 {2},
  pages =	 {143--149},
  title =	 {Multi-armed bandits and the {G}ittins index},
  volume =	 {42},
  year =	 {1980},
}

@Article{Anagnostopoulos2012,
  author =	 {Christoforos Anagnostopoulos and Dimitris
                  K. {Tasoulis} and Niall M. Adams and Nicos
                  G. Pavlidis and David J. Hand},
  journal =	 {Statistical Analysis and Data Mining},
  number =	 {2},
  pages =	 {139--166},
  title =	 {Online linear and quadratic discriminant analysis
                  with adaptive forgetting for streaming
                  classification},
  volume =	 {5},
  year =	 {2012},
}

@Manual{StreamPackage,
  title =	 {stream: Infrastructure for Data Stream Mining},
  author =	 {Michael Hahsler and Matthew Bolanos and John
                  Forrest},
  year =	 {2014},
  note =	 {R package version 1.0-0},
  url =		 {http://CRAN.R-project.org/package=stream},
}


































































