@Article{Dubois,
  author  = {D. Dubois and H. Prade},
  title   = {The mean value of a fuzzy number},
  pages   = {279--300},
  volume  = {24},
  issue = {3},
  journal = {Fuzzy Sets and Systems},
  year    = {1987},
  url ={https://doi.org/10.1016/0165-0114(87)90028-5}
}

@Article{Bertoluzza1995,
  author  = {Bertoluzza, Carlo and Corral, Norberto and Salas, Antonia},
  title   = {On a new class of distances between fuzzy numbers.},
  number  = {2},
  pages   = {71-84},
  url     = {https://eudml.org/doc/39054},
  volume  = {2},
  journal = {Mathware and Soft Computing},
  year    = {1995},
}

@InCollection{ramos2019,
  author    = {Ramos-Guajardo, A.B. and Blanco-Fern\'{a}ndez, A. and Gonz\'{a}lez-Rodr\'{i}guez, G.},
  booktitle = {Soft Modeling in Industrial Manufacturing},
  title     = {Applying statistical methods with imprecise data to quality control in cheese manufacturing},
  editor    = {Grzegorzewski, P. and Kochanski, A. and Kacprzyk, J.},
  pages     = {127--147},
  publisher = {Springer},
  year      = {2019},
  url = {https://doi.org/10.1007/978-3-030-03201-2_8}
}

@Article{Silverman,
  author  = {B. W. Silverman and G. A. Young},
  title   = {The Bootstrap: To smooth or not to smooth?},
  pages   = {469--479},
  volume  = {74},
  number = {3},
  journal = {Biometrika},
  year    = {1987},
  url = {https://doi.org/10.2307/2336686}
}

@Book{ban_coroianu_pg,
  author    = {A.I. Ban and L. Coroianu and P. Grzegorzewski},
  title     = {Fuzzy Numbers: Approximations, Ranking and Applications},
  publisher = {Polish Academy of Sciences},
  address   = {Warsaw},
  year      = {2015},
}

@Article{puri1986,
  author  = {Puri, M.L. and Ralescu, D.A.},
  title   = {Fuzzy random variables},
  pages   = {409--422},
  volume  = {114},
  issue = {2},
  journal = {Journal of the Mathematical Analysis and Applications},
  year    = {1986},
  url = {https://doi.org/10.1016/0022-247X(86)90093-4}
}

@InCollection{romaniuk2019,
  author    = {Romaniuk, M.},
  booktitle = {Stochastic Models, Statistics and Their Applications},
  title     = {On Some Applications of Simulations in Estimation of Maintenance Costs and in Statistical Tests for Fuzzy Settings},
  editor    = {A. Steland and E. Rafaj{\l}owicz and O. Okhrin},
  pages     = {437--448},
  publisher = {Springer International Publishing},
  year      = {2019},
  url = {https://doi.org/10.1007/978-3-030-28665-1_33}
}

@Book{EfroTibs93,
  author    = {Bradley Efron and Robert J. Tibshirani},
  title     = {An Introduction to the Bootstrap},
  number    = {57},
  publisher = {Chapman \& Hall/CRC},
  series    = {Monographs on Statistics and Applied Probability},
  address   = {Boca Raton, Florida, USA},
  year      = {1993},
}

@Book{davison_hinkley_1997,
  author     = {Davison, A. C. and Hinkley, D. V.},
  title      = {Bootstrap Methods and their Application},
  url        = {https://doi.org/10.1017/CBO9780511802843},
  publisher  = {Cambridge University Press},
  series     = {Cambridge Series in Statistical and Probabilistic Mathematics},
  collection = {Cambridge Series in Statistical and Probabilistic Mathematics},
  place      = {Cambridge},
  year       = {1997},
}

@Article{gil,
  author  = {Gil, M.A. and Montenegro, M. and Gonz\'{a}lez-Rodr\'{i}guez, G. and Colubi, A. and Casals, M.R.},
  title   = {Bootstrap approach to the multi-sample test of means with imprecise data},
  pages   = {148--162},
  volume  = {51},
  issue = {1},
  journal = {Computational Statistics and Data Analysis},
  year    = {2006},
  url = {https://doi.org/10.1016/j.csda.2006.04.018}
}

@Article{Efron,
  author  = {Efron, B.},
  title   = {Bootstrap methods: Another look at the jackknife},
  pages   = {1--26},
  volume  = {7},
  issue = {1},
  journal = {Annals of Statistics},
  year    = {1979},
  url = {https://doi.org/10.1214/aos/1176344552}
}

@Article{Heilpern,
  author  = {Heilpern, S.},
  title   = {The expected value of a fuzzy number},
  pages   = {81--86},
  volume  = {47},
  issue = {1},
  journal = {Fuzzy Sets and Systems},
  year    = {1992},
  url = {https://doi.org/10.1016/0165-0114(92)90062-9}
}


@Article{COROIANU201326,
  author   = {Lucian Coroianu and Marek Gagolewski and Przemyslaw Grzegorzewski},
  title    = {Nearest piecewise linear approximation of fuzzy numbers},
  url      = {https://doi.org/10.1016/j.fss.2013.02.005},
  issn     = {0165-0114},
  
  pages    = {26-51},
  volume   = {233},
  journal  = {Fuzzy Sets and Systems},
  keywords = {Approximation of fuzzy numbers, Fuzzy number, Piecewise linear approximation},
  year     = {2013},
}

@Article{COLUBI2009344,
  author  = {Ana Colubi},
  title   = {Statistical inference about the means of fuzzy random variables: Applications to the analysis of fuzzy- and real-valued data},
  pages   = {344--356},
  volume  = {160},
  issue = {3},
  journal = {Fuzzy Sets and Systems},
  year    = {2009},
  url = {https://doi.org/10.1016/j.fss.2007.12.019}
}

@Article{Couso2014,
  author  = {Couso, I. and Dubois, D.},
  title   = {Statistical reasoning with set-valued information: Ontic vs. epistemic views},
  pages   = {1502--1518},
  volume  = {55},
  issue = {7},
  journal = {International Journal of Approximate Reasoning},
  year    = {2014},
  url = {https://doi.org/10.1016/j.ijar.2013.07.002}
}

@InCollection{grzegorzewski2021,
  author    = {Przemyslaw Grzegorzewski and Maciej Romaniuk},
  booktitle = {Joint Proceedings of IFSA-EUSFLAT-AGOP 2021 Conferences},
  title     = {Epistemic bootstrap for fuzzy data},
  pages     = {538--545},
  publisher = {Atlantis Press},
  year      = {2021},
  url = {https://doi.org/10.2991/asum.k.210827.071}
}



@Article{grzegorzewski_amcs2020,
  author  = {Grzegorzewski, P. and Hryniewicz, O. and Romaniuk, M.},
  title   = {Flexible resampling for fuzzy data},
  pages   = {281--297},
  volume  = {30},
  number = {2},
  journal = {International Journal of Applied Mathematics and Computer Science},
  year    = {2020},
  url = {https://doi.org/10.34768/amcs-2020-0022}
}

@Article{romaniuk_hryniewicz,
  author  = {Romaniuk, M. and Hryniewicz, O.},
  title   = {Interval-based, nonparametric approach for resampling of fuzzy numbers},
  pages   = {5883--5903},
  volume  = {23},
  journal = {Soft Computing},
  year    = {2019},
  url = {https://doi.org/10.1007/s00500-018-3251-5}
}

@Article{grzegorzewski_ijcis2020,
  author  = {Grzegorzewski, P. and Hryniewicz, O. and Romaniuk, M.},
  title   = {Flexible bootstrap for fuzzy data based on the canonical representation},
  pages   = {1650--1662},
  volume  = {13},
  issue = {1},
  journal = {International Journal of Computational Intelligence Systems},
  year    = {2020},
  url = {https://doi.org/10.2991/ijcis.d.201012.003}
}

@Article{delgado,
  author  = {M. Delgado and M.A. Vila and W. Voxman},
  title   = {On a canonical representation of a fuzzy number},
  pages   = {125--135},
  volume  = {93},
  issue = {1},
  journal = {Fuzzy Sets and Systems},
  year    = {1998},
  url = {https://doi.org/10.1016/S0165-0114(96)00144-3}
}

@Article{T09,
  author  = {W.~Trutschnig and G.~Gonz\'{a}lez-Rodr\'{i}guez and A.~Colubi and M.A.~Gil},
  title   = {A new family of metrics for compact, convex (fuzzy) sets based on a generalized concept of mid and spread},
  pages   = {3964--3972},
  volume  = {179},
   issue = {23},
  journal = {Information Sciences},
  year    = {2009},
  url = {https://doi.org/10.1016/j.ins.2009.06.023}
}

@Article{Chanas,
  author  = {S. Chanas},
  title   = {On the interval approximation of a fuzzy number},
  pages   = {353--356},
  volume  = {122},
  issue = {2},
  journal = {Fuzzy Sets and Systems},
  year    = {2001},
  url = {https://doi.org/10.1016/S0165-0114(00)00080-4}
}

@Article{gonzalezrodriguez,
  author  = {Gonz\'{a}lez-Rodr\'{i}guez, G. and Montenegro, M. and Colubi, A. and Gil, M.A.},
  title   = {Bootstrap techniques and fuzzy random variables: Synergy in hypothesis testing with fuzzy data},
  pages   = {2608--2613},
  volume  = {157},
  issue = {19},
  journal = {Fuzzy Sets and Systems},
  year    = {2006},
  url = {https://doi.org/10.1016/j.fss.2003.11.021}
}

@Article{LUBIANO2017128,
  author  = {Lubiano, M. A. and Salas, A. and Carleos, C. and de la Rosa de S{\'a}a, S.and Gil, M. A.},
  title   = {Hypothesis testing-based comparative analysis between rating scales for intrinsically imprecise data},
  pages   = {128--147},
  volume  = {88},
  journal = {International Journal of Approximate Reasoning},
  year    = {2017},
  url = {https://doi.org/10.1016/j.ijar.2017.05.007}
}


@InBook{Trutschnig2013,
  author    = {Trutschnig, Wolfgang and Lubiano, Mar{\'i}a Asunci{\'o}n and Lastra, Julia},
  booktitle = {Towards Advanced Data Analysis by Combining Soft Computing and Statistics},
  title     = {SAFD --- An R Package for Statistical Analysis of Fuzzy Data},
  url       = {https://doi.org/10.1007/978-3-642-30278-7_10},
  editor    = {Borgelt, Christian and Gil, Mar{\'i}a {\'A}ngeles and Sousa, Jo{\~a}o M.C. and Verleysen, Michel},
  pages     = {107--118},
  publisher = {Springer Berlin Heidelberg},
  address   = {Berlin, Heidelberg},
  year      = {2013},
}


@Article{8920048,
  author   = {M. {Romaniuk} and O. {Hryniewicz}},
  title    = {Discrete and smoothed resampling methods for interval-valued fuzzy numbers},
  url      = {https://doi.org/10.1109/TFUZZ.2019.2957253},
  issn     = {1941-0034},
  pages    = {599--611},
  volume   = {29},
  issue = {3},
  journal  = {IEEE Transactions on Fuzzy Systems},
  keywords = {Fuzzy sets;Numerical models;Gold;Kernel;Random variables;Smoothing methods;interval-valued fuzzy numbers;resampling;bootstrap;smoothed bootstrap;numerical simulation;similarity measure},
  year     = {2021},
}

@Article{LUBIANO2016918,
  author  = {Lubiano, M. A. and Montenegro, M. and Sinova, B. and de la Rosa de S{\'{a}}a, S. and Gil, M. A.},
  title   = {Hypothesis testing for means in connection with fuzzy rating scale-based data: algorithms and applications},
  pages   = {918--929},
  volume  = {251},
  issue = {3},
  journal = {European Journal of Operational Research},
  year    = {2016},
  url = {https://doi.org/10.1016/j.ejor.2015.11.016}
}

@Article{montenegro2004,
  author  = {Montenegro, M. and Colubi, A. and Casals, M.R. and Gil, M.A.},
  title   = {Asymptotic and Bootstrap techniques for testing the expected value of a fuzzy random variable},
  pages   = {31--49},
  volume  = {59},
  journal = {Metrika},
  year    = {2004},
  url = {https://doi.org/10.1007/s001840300270}
}


@InProceedings{GrzegorzewskiRom2021,
  author="Grzegorzewski, Przemyslaw
  and Romaniuk, Maciej",
  editor="Atanassov, Krassimir T.
  and Atanassova, Vassia
  and Kacprzyk, Janusz
  and Ka{\l}uszko, Andrzej
  and Krawczak, Maciej
  and Owsi{\'{n}}ski, Jan W.
  and Sotirov, Sotir S.
  and Sotirova, Evdokia
  and Szmidt, Eulalia
  and Zadro{\.{z}}ny, S{\l}awomir",
  title="Bootstrap Methods for Fuzzy Data",
  booktitle="Uncertainty and Imprecision in Decision Making and Decision Support: New Advances, Challenges, and Perspectives",
  year="2022",
  publisher="Springer International Publishing",
  address="Cham",
  pages="28--47",
    isbn="978-3-030-95929-6",
  url = "https://doi.org/10.1007/978-3-030-95929-6_3"
  }

@InCollection{grzegorzewski2019,
  author    = {Przemyslaw Grzegorzewski and Olgierd Hryniewicz and Maciej Romaniuk},
  booktitle = {Proceedings of EUSFLAT 2019},
  title     = {Flexible bootstrap based on the canonical representation of fuzzy numbers},
  url       = {https://doi.org/10.2991/eusflat-19.2019.68},
  isbn      = {978-94-6252-770-6},
  publisher = {Atlantis Press},
  issn      = {2589-6644},
  year      = {2019},
}


@article{gine,
	author =   {Gin\'{e}, E. and Zinn, J.},
	title =  {Bootstrapping general empirical measures},
	journal =  {Annals of Probability},
	year =     {1990},
	number = {2},
	volume =   {18},
	pages =    {851--869},
	url = {https://doi.org/10.1214/aop/1176990862}
}


@InProceedings{10.1007/978-3-031-08974-9_39,
author="Grzegorzewski, Przemyslaw
and Romaniuk, Maciej",
editor="Ciucci, Davide
and Couso, In{\'e}s
and Medina, Jes{\'u}s
and {\'{S}}l{\k{e}}zak, Dominik
and Petturiti, Davide
and Bouchon-Meunier, Bernadette
and Yager, Ronald R.",
title="Bootstrapped {K}olmogorov-{S}mirnov Test for Epistemic Fuzzy Data",
booktitle="Information Processing and Management of Uncertainty in Knowledge-Based Systems",
year="2022",
publisher="Springer International Publishing",
address="Cham",
pages="494--507",
isbn="978-3-031-08974-9",
url = "https://doi.org/10.1007/978-3-031-08974-9_39"
}

@Manual{FuzzyNumbersMan,
    title = {FuzzyNumbers Package: Tools to Deal with Fuzzy Numbers in R},
    author = {Marek Gagolewski and Jan Caha},
    year = {2021},
    url = {https://github.com/gagolews/FuzzyNumbers/},
  }
  
  
@Manual{bootMan,
  title = {boot: Bootstrap R (S-Plus) Functions},
  author = {Angelo Canty and B. D. Ripley},
  year = {2022},
  note = {R package version 1.3-28.1},
}


 @Manual{bootstrapMan,
    title = {bootstrap: Functions for the Book "An Introduction to the Bootstrap"},
    author = {Rob Tibshirani and Friedrich Leisch},
    year = {2019},
    note = {R package version 2019.6},
    url = {https://CRAN.R-project.org/package=bootstrap},
  }

@Manual{FuzzySTsMan,
    title = {FuzzySTs: Fuzzy Statistical Tools},
    author = {Redina Berkachy and Laurent Donze},
    year = {2020},
    note = {R package version 0.2},
    url = {https://CRAN.R-project.org/package=FuzzySTs},
  }
  
@Manual{SimPLFNMan,
    title = {Sim.PLFN: Simulation of Piecewise Linear Fuzzy Numbers},
    author = {Abbas Parchami},
    year = {2017},
    note = {R package version 1.0},
    url = {https://CRAN.R-project.org/package=Sim.PLFN},
  }
  
  
@Manual{RMan,
    title = {R: A Language and Environment for Statistical Computing},
    author = {{R Core Team}},
    organization = {R Foundation for Statistical Computing},
    address = {Vienna, Austria},
    year = {2023},
    url = {https://www.R-project.org/},
  }
  
@Manual{FuzzyResamplingMan,
    title = {FuzzyResampling: Resampling Methods for Triangular and Trapezoidal Fuzzy Numbers},
    author = {Maciej Romaniuk and Przemyslaw Grzegorzewski and Olgierd Hryniewicz},
    year = {2022},
    note = {R package version 0.6.0},
    url = {https://CRAN.R-project.org/package=FuzzyResampling},
  }