@Manual{ctvsuggest,
  title = {{CTVsuggest}: {CRAN} Task View Package Recommendations},
  author = {Dylan Dijk},
  year = {2023},
  note = {{R}~package version~0.0.0.9000},
  url = {https://dylandijk.github.io/CTVsuggest/}
}
@Article{cran,
  author = {Kurt Hornik and Uwe Ligges and Achim Zeileis},
  title = {Changes on {CRAN}},
  journal = {The R Journal},
  year = {2024},
  volume = {16},
  number = {4},
  pages = {2073-4859},
  url = {https://journal.R-project.org/news/RJ-2024-4-cran/}
}
@Article{bibentry,
  author = {Kurt Hornik and Duncan Murdoch and Achim Zeileis},
  title = {Who Did What? {T}he Roles of {R} Package Authors and How to Refer to Them},
  journal = {The R Journal},
  year = {2012},
  volume = {4},
  number = {1},
  pages = {64--69},
  month = {June},
  doi = {10.32614/RJ-2012-009}
}
@Article{rforge,
  author = {Stefan Theu{\ss}l and Achim Zeileis},
  title = {Collaborative Software Development Using {R}-{F}orge},
  journal = {The R Journal},
  year = {2009},
  volume = {1},
  number = {1},
  pages = {9--14},
  month = {May},
  doi = {10.32614/RJ-2009-007}
}
@Book{knitr,
  title = {Dynamic Documents with {R} and {knitr}},
  author = {Yihui Xie},
  publisher = {Chapman \& Hall/CRC},
  address = {Boca Raton},
  year = {2015},
  edition = {2nd},
  doi = {10.1201/9781315382487},
  url = {https://yihui.org/knitr/}
}
@Book{rmarkdown,
  title = {{R} Markdown: The Definitive Guide},
  author = {Yihui Xie and J. J. Allaire and Garrett Grolemund},
  publisher = {Chapman \& Hall/CRC},
  address = {Boca Raton},
  year = {2018},
  doi = {10.1201/9781138359444},
  url = {https://bookdown.org/yihui/rmarkdown}
}
@Article{ctv-intro,
  author = {Achim Zeileis},
  title = {{CRAN} Task Views},
  journal = {{R} News},
  year = {2005},
  volume = {5},
  number = {1},
  pages = {39--40},
  month = {May},
  url = {https://CRAN.R-project.org/doc/Rnews/}
}
@Manual{ctv-pkg,
  title = {{ctv}: {CRAN} Task Views},
  author = {Achim Zeileis and Kurt Hornik},
  year = {2024},
  note = {{R}~package version~0.9-6. \doi{10.32614/CRAN.package.ctv}},
  doi = {10.32614/CRAN.package.ctv}
}
@Manual{c2d4u,
  title = {{c2d4u}: A repository of {R} packages built using cran2deb4ubuntu},
  author = {Michael Rutter},
  year = {2021},
  note = {Launchpad repository},
  url = {https://launchpad.net/~c2d4u.team/+archive/ubuntu/c2d4u4.0+}
}
@Manual{r2u,
  title = {{r2u}: {CRAN} as {Ubuntu} Binaries},
  author = {Dirk Eddelbuettel},
  year = {2025},
  note = {APT Repository},
  url = {https://eddelbuettel.github.io/r2u/}
}
@Manual{pandoc,
  title = {{Pandoc}: A Universal Document Converter},
  author = {John MacFarlane},
  year = {2025},
  note = {Version~3.6.4},
  url = {https://pandoc.org/}
}
@Manual{r-base,
  title = {{R}: A Language and Environment for Statistical Computing},
  author = {{R Core Team}},
  organization = {R Foundation for Statistical Computing},
  address = {Vienna, Austria},
  year = {2025},
  url = {https://www.R-project.org/}
}
