@article{ohagan,
   author = {Anthony O'Hagan and John W. Stevens},
   title = {Bayesian Assessment of Sample Size for Clinical Trials of 
   Cost-Effectiveness},
   journal = {Medical Decision Making},
   volume = {21},
   number = {3},
   year = {2001}
}


@article{parm,
   author = {Peter Müller and Giovanni Parmigiani},
   title = {Optimal Design via Curve Fitting of Monte Carlo Experiments},
   journal = {Journal of the American Statistical Association},
   volume = {90},
   number = {432},
   year = {1995}
}


@article{inoue,
   author = {Lurdes Y.T. Inoue and Donald A. Berry and Giovanni Parmigiani},
   title = {Relationship Between Bayesian and Frequentist 
   Sample Size Determination},
   journal = {The American Statistician},
   volume = {59},
   number = {1},
   year = {2005}
}


@book{cohen,
   author = {Jacob Cohen},
   year = {1988},
   title = {Statistical Power Analysis for the Behavioral Sciences (2nd ed.)},
   publisher = {Lawrence Erlbaum Associates},
   address = {Hillsdale, NJ}
}


@book{gelman,
   author = {Andrew Gelman and John B. Carlin and Hal S. Stern},
   year = {2013},
   title = {Bayesian Data Analysis (3rd ed.)},
   publisher = {Chapman and Hall/CRC},
   address = {United Kingdom}
}


@book{desu,
   author = {M.M. Desu and Damaraju Raghavarao},
   year = {1990},
   title = {Sample Size Methodology},
   publisher = {Elsevier},
   address = {Massachusetts}
}


@book{thiemann,
   author = {Helena Chmura Kraemer and Sue Thiemann},
   year = {1987},
   title = {How Many Subjects? Statistical Power Analysis in Research},
   publisher = {Sage Publications},
   address = {Newbury Park}
}


@book{raiffa,
   author = {Howard Raiffa and Robert Schlaifer},
   year = {1961},
   title = {Applied Statistical Decision Theory},
   publisher = {Harvard University Graduate School of Business 
   Administration (Division of Research)},
   address = {Massachusetts}
}


@book{berger,
   author = {James O. Berger},
   year = {1985},
   title = {Statistical Decision Theory and Bayesian Analysis},
   publisher = {Springer New York},
   address = {New York, NY}
}


@article{ohara,
   author = {Steven G. Self and Robert H. Mauritsen and Jill O'Hara},
   title = {Power calculations for likelihood ratio tests in generalized linear models},
   journal = {Biometrics},
   volume = {48},
   number = {1},
   year = {1992}
}


@article{self,
   author = {Steven G. Self and Robert H. Mauritsen},
   title = {Power/Sample Size Calculations for Generalized Linear Models},
   journal = {Biometrics},
   volume = {44},
   number = {1},
   year = {1988}
}


@article{muller,
   author = {Keith E. Muller and Lisa M. Lavange and Sharon 
   Landesman Ramey and Craig T. Ramey},
   title = {Power Calculations for General Linear Multivariate Models INcluding Repeated
   Measures Applications},
   journal = {Journal of the American Statistical Association},
   volume = {87},
   number = {420},
   year = {1992}
}


@article{liu,
   author = {Guanghan Liu and Kung Yee Liang},
   title = {Sample Size Calculations for Studies with Correlated Observations},
   journal = {Biometrics},
   volume = {53},
   number = {3},
   year = {1997}
}


@article{lindley,
   author = {Dennis V. Lindley},
   title = {The Choice of Sample Size},
   journal = {The Statistician},
   volume = {46},
   number = {2},
   year = {1997}
}


@article{pham,
   author = {T. Pham-Gia},
   title = {On Bayesian Analysis, Bayesian Decision Theory and the Sample Size Problem},
   journal = {The Statistician},
   volume = {46},
   number = {2},
   year = {1997}
}


@article{cj,
   author = {C.J. Adcock},
   title = {Sample Size Determination: A Review},
   journal = {The Statistician},
   volume = {46},
   number = {2},
   year = {1997}
}


@article{joseph,
   author = {Lawrence Joseph and Roxane Du Berger and Patrick Belisle},
   title = {Bayesian and Mixed Bayesian/Likelihood Criteria for 
   Sample Size Determination},
   journal = {Statistics in Medicine},
   volume = {16},
   number = {7},
   year = {1997}
}


@article{joseph1997,
   author = {Lawrence Joseph and Patrick Belisle},
   title = {Bayesian Sample Size Determination for Normal
   Means and Differences Between Normal Means},
   journal = {The Statistician},
   volume = {46},
   number = {2},
   year = {1997}
}

@article{joseph1995,
   author = {Lawrence Joseph and David B.. Wolfson and Roxane 
   du Berger},
   title = {Sample Size Calculations for Binomial Proportions
   via Highest Posterior Density Intervals},
   journal = {The Statistician},
   volume = {44},
   number = {2},
   year = {1995}
}


@article{rahme,
   author = {Elham Rahme and Lawrence 
   and Theresa W. Gyorkos},
   title = {Bayesian Sample Size Determination for Estimating 
   Binomial Parameters from Data Subject to Misclassification},
   journal = {Journal of Royal Statistical Society},
   volume = {49},
   number = {1},
   year = {2000}
}


@article{wang,
   author = {Alan E. Gelfand and Fei Wang},
   title = {A simulation based approach to Bayesian sample size 
   determination for performance under a given model and for separating models},
   journal = {Statistical Science},
   volume = {17},
   number = {2},
   year = {2002}
}

@article{briggs,
   author = {Andrew H. Briggs and A.M. Gray},
   title = {Power and sample size calculations for stochastic 
   cost-effectiveness analysis},
   journal = {Medical Decision Making},
   volume = {18},
   number = {2},
   year = {1998}
}

@article{erik,
   author = {Erik Pulkstenis and Kaushik Patra and Jianliang Zhang},
   title = {A Bayesian paradigm for decision-making in proof-of-concept trials},
   journal = {Journal of Biopharmaceutical Statistics},
   volume = {27},
   number = {3},
   year = {2017}
}

@article{Ibrahim,
   author = {Joseph G. Ibrahim and Ming-Hui Chen and Amy Xia and Thomas Liu},
   title = {Bayesian Meta-Experimental Design: 
   Evaluating Cardiovascular Risk in New 
   Antidiabetic Therapies to Treat Type 2 Diabetes},
   journal = {Biometrics},
   volume = {68},
   number = {2},
   year = {2012}
}

@article{reyes,
   author = {Eric M. Reyes and Sujit K. Ghosh},
   title = {Bayesian Average Error Based Approach to Sample 
   Size Calculations for Hypothesis Testing},
   journal = {Biopharm},
   volume = {23},
   number = {3},
   year = {2013}
}

@article{weiss,
   author = {Robert Weiss},
   title = {Bayesian sample size calculations for hypothesis testing},
   journal = {The Statistician},
   volume = {46},
   number = {2},
   year = {2002}
}

@inbook{cross,
   author = {Ainslea Cross},
   booktitle = {A cluster randomized control trial of the effectiveness of 
   intermediate care
   clinics for diabetes},
   pages = {90-95},
   institution = {University of Derby},
   year = {2013},
   number = {National Institute for Health Research paper 08/1504/110},
   address = {University of Leicester}
}


@article{spiegelhalter,
   author = {David J. Spiegelhalter and Laurence S. Freedman and 
   Mahesh K.B. Parmar},
   title = {Applying Bayesian ideas in drug development and clinical trials},
   journal = {Statistics in Medicine},
   volume = {12},
   number = {15},
   year = {1993}
}

@article{berry,
   author = {Donald A. Berry},
   title = {Bayesian Clinical Trials},
   journal = {Nature Reviews Drug Discovery},
   volume = {5},
   number = {1},
   year = {2006}
}

@article{lee_zelen,
   author = {Sandra J. Lee and Marvin Zelen},
   title = {Clinical Trials and Sample Size Considerations: Another 
   Perspective},
   journal = {Statistical Science},
   volume = {15},
   number = {2},
   year = {2000}
}

@article{lee,
   author = {Jack Lee and Caleb T. Chu},
   title = {Bayesian clinical trials in action},
   journal = {Statistics in Medicine},
   volume = {31},
   number = {25},
   year = {2012}
}

@book{parmigiani,
   author = {Giovanni Parmigiani},
   year = {2002},
   title = {Modeling in Medical Decision Making: A Bayesian Approach},
   publisher = {Wiley},
   address = {Hoboken, NJ}
}

@book{berry2010,
   author = {Scott M. Berry and Bradley P. Carlin and J. Jack Lee and Peter Müller},
   year = {2010},
   title = {Bayesian Adaptive Methods for Clinical Trials},
   publisher = {Chapman \& Hall/CRC Biostatistics Series},
   address = {United Kingdom}
}


@Manual{samplesizemeans,
    title = {Package SampleSizeMeans},
    author = {Lawrence Joseph and Patrick Belisle},
    year = {2012},
    note = {R package version 1.1 },
    url = {https://cran.r-project.org/web/packages/
    SampleSizeMeans/SampleSizeMeans.pdf}
}
  
@Manual{samplesizeprop,
    title = {Package SampleSizeProportions},
    author = {Lawrence Joseph and Patrick Belisle},
    year = {2009},
    note = {R package version 1.0},
    url = {https://cran.r-project.org/web/packages/SampleSizeProportions/SampleSizeProportions.pdf}
}


@Manual{bayesassurance,
    title = {Package bayesassurance},
    author = {Jane Pan and Sudipto Banerjee},
    year = {2022},
    note = {R package version 0.1.0},
    url = {https://cran.r-project.org/web/packages/bayesassurance/bayesassurance.pdf}
}



@book{ggplot2,
    author = {Hadley Wickham},
    title = {ggplot2: Elegant Graphics for Data Analysis},
    publisher = {Springer-Verlag New York},
    year = {2016}, 
    isbn = {978-3-319-24277-4},
    url = {https://ggplot2.tidyverse.org}
}








