@Manual{Ruckdeschel+Kohl+Horbenko:2019,
  title = {RobExtremes: Optimally Robust Estimation for Extreme Value Distributions},
  author = {P. Ruckdeschel and M. Kohl and N. Horbenko},
  language = {English},
  year = {2019},
  note = {Contributions by S. Desmettre, G. Kroisandt, E. Massini, D. Pupashenko and B. Spangl; R package version 1.2.0},
  type = {R package},
  url = {http://robast.r-forge.r-project.org/},
}

@Manual{Heffernan+Stephenson:2018,
  title = {Ismev: An Introduction to Statistical Modeling of Extreme Values},
  author = {Janet E. Heffernan and Alec G. Stephenson},
  year = {2018},
  type = {R package},
  url = {https://CRAN.R-project.org/package=ismev},
}

@Article{Abella+Padilla+Castillo+Cazorla:2017,
  author = {Jaume Abella and Maria Padilla and Joan {del Castillo} and Francisco Cazorla},
  title = {Measurement-Based Worst-Case Execution Time Estimation Using the Coefficient of Variation},
  journal = {ACM Transactions on Design Automation of Electronic Systems (TODAES)},
  year = {2017},
  volume = {22},
  number = {4},
  pages = {72:1--72:29},
}

@Article{Balkema+deHaan:1974,
  author = {A. Balkema and Laurens {de Haan}},
  title = {Residual Life Time at Great Age},
  journal = {Annals of Probability},
  year = {1974},
  volume = {2},
  pages = {792--804},
}

@Book{Beirlant+Goegebeur+Segers+Teugels:2006,
  author = {Jan Beirlant and Yuri Goegebeur and Johan Segers and Jozef L. Teugels},
  title = {Statistics of Extremes: Theory and Applications},
  publisher = {John Wiley \& Sons},
  year = {2006},
  address = {Chichester, UK},
}

@Article{Castillo+Daoudi+Lockhart:2014,
  author = {Joan {del Castillo} and Jalila Daoudi and Richard Lockhart},
  title = {Methods to Distinguish Between Polynomial and Exponential Tails},
  journal = {Scandinavian Journal of Statistics},
  year = {2014},
  volume = {41},
  pages = {382--393},
  url = {https://doi.org/10.1111/sjos.12037},
}

@Manual{Castillo+Morina+Serra:2017,
  title = {\pkg{ercv}: Fitting Tails by the Empirical Residual Coefficient of Variation},
  author = {Joan {del Castillo} and David Moriña and Isabel Serra},
  year = {2017},
  note = {R package version 1.0.0},
  url = {https://CRAN.R-project.org/package=ercv},
}

@Article{Castillo+Padilla+Abella+Cazorla:2017,
  author = {Joan {del Castillo} and Maria Padilla and Jaume Abella and Francisco Cazorla},
  title = {Execution Time Distributions in Embedded Safety-Critical Systems Using Extreme Value Theory},
  journal = {International Journal of Systems Control and Information Processing},
  year = {2017},
  volume = {9},
  number = {4},
  pages = {348--361},
}

@Article{Castillo+Padilla:2016,
  author = {Joan {del Castillo} and Maria Padilla},
  title = {Modelling Extreme Values by the Residual Coefficient of Variation},
  journal = {Statistics and Operations Research Transactions},
  year = {2016},
  volume = {40},
  pages = {303--320},
}

@Article{Castillo+Serra:2015,
  author = {Joan {del Castillo} and Isabel Serra},
  title = {Likelihood Inference for Generalized Pareto Distribution},
  journal = {Computational Statistics \& Data Analysis},
  year = {2015},
  volume = {83},
  pages = {116--128},
}

@Article{Castillo+Hadi:1997,
  author = {Enrique Castillo and Ali S. Hadi},
  title = {Fitting the Generalized Pareto Distribution to Data},
  journal = {Journal of the American Statistical Association},
  year = {1997},
  volume = {92},
  pages = {1609 -- 1620},
}

@Article{Clauset+Shalizi+Newman:2009,
  author = {Aaron Clauset and Cosma Rohilla Shalizi and Mark Newman},
  title = {Power-Law Distributions in Empirical Data},
  journal = {SIAM Review},
  year = {2009},
  volume = {51},
  number = {4},
  pages = {661--703},
}

@Book{Coles:2001,
  author = {Stuart Coles},
  title = {An Introduction to Statistical of Extremes Values},
  publisher = {Springer-Verlag},
  year = {2001},
  address = {London},
}

@Book{deHaan+Ferreira:2007,
  author = {Laurens {de Haan} and Ana Ferreira},
  title = {Extreme Value Theory: An Introduction},
  publisher = {Springer-Verlag},
  year = {2007},
  address = {New York},
}

@Book{Embrechts+Kluppelberg+Mikosch:1997,
  author = {Paul Embrechts and Claudia Klüppelberg and Thomas Mikosch},
  title = {Modelling Extremal Events for Insurance and Finance},
  publisher = {Springer-Verlag},
  year = {1997},
  address = {Berlin},
}

@Article{Fisher+Tippett:1928,
  author = {Ronald Fisher and Leonard Tippett},
  title = {Limiting Forms of the Frequency Distribution of the Largest or Smallest Member of a Sample},
  journal = {Mathematical Proceedings of the Cambridge Philosophical Society},
  year = {1928},
  volume = {24},
  number = {2},
  pages = {180--190},
}

@Article{Gilleland+Ribatet+Stephenson:2013,
  author = {Eric Gilleland and Mathieu Ribatet and Alec Stephenson},
  title = {A Software Review for Extreme Value Analysis},
  journal = {Extremes},
  year = {2013},
  volume = {16},
  pages = {103--119},
}

@Article{Gillespie:2015,
  author = {Colin Gillespie},
  title = {Fitting Heavy Tailed Distributions: The poweRlaw Package},
  journal = {Journal of Statistical Software},
  year = {2015},
  volume = {64},
  number = {2},
  pages = {1--16},
}

@Article{Gomes+Pestana:2007,
  author = {M. Ivette Gomes and Dinis Pestana},
  title = {A Sturdy Reduced-Bias Extreme Quantile (VaR) Estimator},
  journal = {Journal of the American Statistical Association},
  year = {2007},
  volume = {102},
  pages = {280--292},
}

@Article{Gnedenko:1943,
  author = {Boris Vladimirovich Gnedenko},
  title = {Sur La Distribution Limite Du Terme Maximum D'une Serie Aleatoire},
  journal = {The Annals of Mathematics},
  year = {1943},
  volume = {44},
  number = {3},
  pages = {423--453},
}

@Article{Gupta+Kirmani:2000,
  author = {Ramesh Gupta and Syed N. U. A. Kirmani},
  title = {Residual Coefficient of Variation and Some Characterization Results},
  journal = {Journal of Statistical Planning and Inference},
  year = {2000},
  volume = {91},
  pages = {23--31},
}

@Book{Leadbetter+Lindgren+Rootzen:1983,
  author = {Ross Leadbetter and Georg Lindgren and Holger Rootzén},
  title = {Extremes and Related Properties of Random Sequences and Processes},
  publisher = {Springer-Verlag},
  year = {1983},
  address = {New York},
}

@Book{Markovich:2007,
  author = {Natalia Markovich},
  title = {Nonparametric Analysis of Univariate Heavy-Tailed Data},
  publisher = {John Wiley \& Sons},
  year = {2007},
  address = {Chichester, UK},
}

@Book{McNeil+Frey+Embrechts:2005,
  author = {Alexander McNeil and Rüdiger Frey and Paul Embrechts},
  title = {Quantitative Risk Management: Concepts, Techniques and Tools},
  publisher = {Princeton Series in Finance},
  year = {2005},
  address = {New Jersey},
}

@Book{Novak:2012,
  author = {Serguei Novak},
  title = {Extreme Value Methods with Applications to Finance},
  publisher = {CRC Press},
  year = {2012},
  address = {Boca Raton},
}

@Manual{Pfaff+McNeil:2012,
  title = {\pkg{evir}: Extreme Values in R},
  author = {Bernhard Pfaff and Alexander McNeil},
  year = {2012},
  note = {R package version 1.7-3},
  url = {https://CRAN.R-project.org/package=evir},
}

@Article{Pickands:1975,
  author = {James Pickands},
  title = {Statistical Inference Using Extreme Order Statistics},
  journal = {The Annals of Statistics},
  year = {1975},
  volume = {3},
  pages = {119--131},
}

@Book{Poovey:2007,
  author = {Jason Poovey},
  title = {Characterization of the EEMBC Benchmark Suite},
  publisher = {North Carolina State University},
  year = {2007},
  address = {Raleigh, NC},
}

@Manual{R:2017,
  title = {R: A Language and Environment for Statistical Computing},
  author = {{R Core Team}},
  organization = {R Foundation for Statistical Computing},
  address = {Vienna, Austria},
  year = {2017},
  url = {https://www.R-project.org/},
}

@Book{Resnick:2013,
  author = {Sidney Resnick},
  title = {Extreme Values,Regular Variation,and Point Processes},
  publisher = {Springer-Verlag},
  year = {2013},
  address = {New York},
}

@Manual{Ryan:2016,
  title = {\pkg{quantmod}: Quantitative Financial Modelling Framework},
  author = {Jeffrey A. Ryan},
  year = {2016},
  note = {R package version 0.4-7},
  url = {https://CRAN.R-project.org/package=quantmod},
}
