@Article{joe,
  author  = {Joe, Harry and Zhu, Rong},
  title   = {Generalized {P}oisson Distribution: the Property of Mixture of {P}oisson and Comparison with Negative {B}inomial Distribution},
  journal = {Biometrical Journal},
  year    = {2005},
  volume  = {47},
  number  = {2},
  pages   = {219-229},
  url     = {http://doi.org/10.1002/bimj.200410102},
}
@Article{vernic,
  author  = {Vernic, Raluca},
  title   = {On The Bivariate Generalized {P}oisson Distribution},
  journal = {ASTIN Bulletin: The Journal of the International Actuarial Association},
  year    = {1997},
  volume  = {27},
  number  = {01},
  pages   = {23-32},
  url = {https://doi.org/10.2143/AST.27.1.542065},
}
@Article{satterthwaite,
  author  = {Satterthwaite, FE},
  title   = {Generalized {P}oisson Distribution},
  journal = {The Annals of Mathematical Statistics},
  year    = {1942},
  volume  = {13},
  number  = {4},
  pages   = {410--417},
  url     = {http://doi.org/10.1214/aoms/1177731538},
}
@Article{hakan,
  author  = {Hakan Demirtas},
  title   = {On Accurate and Precise Generation of Generalized {P}oisson Variates},
  journal = {Communication in Statistics - Simulation and Computation},
  year    = {2017},
  volume  = {46},
  pages   = {489--499},
  issue   = {1},
  url     = {https://doi.org/10.1080/03610918.2014.968725},
}
@Book{consul2006lagrangian,
  title     = {Lagrangian Probability Distributions},
  publisher = {Springer},
  year      = {2006},
  author    = {Consul, Prem C and Famoye, Felix},
  url       = {https://link.springer.com/book/10.1007/0-8176-4477-6},
}
@Article{yahav2012generating,
  author  = {Yahav, Inbal and Shmueli, Galit},
  title   = {On generating multivariate {P}oisson data in management science applications},
  journal = {Applied Stochastic Models in Business and Industry},
  year    = {2012},
  volume  = {28},
  number  = {1},
  pages   = {91--102},
  url     = {http://doi.org/10.1002/asmb.901},
}
@Book{kemp1981,
  author    = {Kemp, A W},
  title     = {Frugal Methods of Generating Bivariate Discrete Random Variables},
  year      = {1981},
  pages     = {321--329},
  booktitle = {Statistical Distributions in Scientific Work},
  Publisher = {Springer},
  url       = {http://doi.org/10.1007/978-94-009-8549-0_28},
}
@Article{consul1988,
  author  = {P.C. Consul and M.M. Shoukri},
  title   = {Some Chance Mechanisms Related to a Generalized {P}oisson Probability Model},
  journal = {American Journal of Mathematical and Management Sciences},
  year    = {1988},
  volume  = {8},
  number  = {1-2},
  pages   = {181-202},
  url     = {http://doi.org/10.1080/01966324.1988.10737237},
}
@Article{demirtas2011practical,
  author  = {Demirtas, Hakan and Hedeker, Donald},
  title   = {A practical way for computing approximate lower and upper correlation bounds},
  journal = {The American Statistician},
  year    = {2011},
  volume  = {65},
  number  = {2},
  pages   = {104--109},
  url     = {http://doi.org/10.1198/tast.2011.10090},
}
@Article{thall1990some,
  author  = {Peter F. {Thall} and Stephen C. {Vail}},
  title   = {Some covariance models for longitudinal count data with overdispersion},
  journal = {Biometrics},
  year    = {1990},
  volume  = {46},
  number  = {3},
  pages   = {657--671},
  url     = {http://doi.org/10.2307/2532086},
}
@Article{deb1997demand,
  author  = {Deb, Partha and Trivedi, Pravin K},
  title   = {Demand for medical care by the elderly: a finite mixture approach},
  journal = {Journal of Applied Econometrics},
  year    = {1997},
  volume  = {12},
  number  = {3},
  pages   = {313--336},
  url     = {http://doi.org/10.1002/(SICI)1099-1255(199705)12:3<313::AID-JAE440>3.0.CO;2-G},
}
@article{consul1989generalized,
  title={Generalized {P}oisson distribution: properties and applications},
  author={Consul, Prem C},
  journal={Decker, New York},
  year={1989}
}
@Article{chen2001initialization,
  author  = {Chen, Huifen},
  title   = {Initialization for {NORTA}: Generation of random vectors with specified marginals and correlations},
  journal = {INFORMS Journal on Computing},
  year    = {2001},
  volume  = {13},
  number  = {4},
  pages   = {312--331},
  url   = {https://doi.org/10.1287/ijoc.13.4.312.9736},
}
@Article{Leppik1985,
  author  = {Leppik, I.E.},
  title   = {A double-blind crossover evaluation of progabide in partial seizures},
  journal = {Neurology},
  year    = {1985},
  volume  = {35},
}
@Manual{MixAll2019,
  title = {MixAll: Clustering and Classification using Model-Based Mixture Models},
  author = {Serge Iovleff},
  year = {2019},
  note = {R package version 1.5.1},
  url = {https://CRAN.R-project.org/package=MixAll},
}
@Book{ggplot2,
  author = {Hadley Wickham},
  title = {ggplot2: Elegant Graphics for Data Analysis},
  publisher = {Springer-Verlag New York},
  year = {2016},
  isbn = {978-3-319-24277-4},
  url = {https://ggplot2.tidyverse.org},
  }
@Manual{RNGforGPD2020,
  title = {RNGforGPD: Random Number Generation for Generalized {P}oisson Distribution},
  author = {Hesen Li and Ruizhe Chen and Hai Nguyen and Yu-Che Chung and Ran Gao and Hakan Demirtas},
  year = {2020},
  note = {R package version 1.1.0},
}
@Manual{mvtnorm,
  title = {{mvtnorm}: Multivariate Normal and t Distributions},
  author = {Alan Genz and Frank Bretz and Tetsuhisa Miwa and Xuefei Mi and Friedrich Leisch and Fabian Scheipl and Torsten Hothorn},
  year = {2020},
  note = {R package version 1.1-1},
  url = {https://CRAN.R-project.org/package=mvtnorm},
  }
@Manual{corpcor,
  title = {corpcor: Efficient Estimation of Covariance and (Partial) Correlation},
  author = {Juliane Schafer and Rainer Opgen-Rhein and Verena Zuber and Miika Ahdesmaki and A. Pedro Duarte Silva and Korbinian Strimmer.},
  year = {2017},
  note = {R package version 1.6.9},
  url = {https://CRAN.R-project.org/package=corpcor},
}
@Manual{robustbase2020,
  title = {robustbase: Basic Robust Statistics},
  author = {Martin Maechler and Peter Rousseeuw and Christophe Croux and Valentin Todorov and Andreas Ruckstuhl and Matias Salibian-Barrera and Tobias Verbeke and Manuel Koller and Eduardo L. T. Conceicao and Maria {Anna di Palma}},
  year = {2020},
  note = {R package version 0.93-6},
  url = {http://robustbase.r-forge.r-project.org/},
}
@Manual{matrix,
  title = {Matrix: Sparse and Dense Matrix Classes and Methods},
  author = {Douglas Bates and Martin Maechler},       
  year = {2019},  
  note = {R package version 1.2-18},
  url = {https://CRAN.R-project.org/package=Matrix},
}
@Article{vernic_2000, 
title={A Multivariate Generalization of the Generalized {P}oisson Distribution},
volume={30}, 
DOI={10.2143/AST.30.1.504626},
number={1}, 
journal={ASTIN Bulletin: The Journal of the International Actuarial Association}, publisher={Cambridge University Press}, author={Vernic, Raluca}, 
year={2000}, pages={57â€“67},
url = {https://doi.org/10.2143/AST.30.1.504626},
}