@Book{aitchison,
        author = {J. Aitchison},
        title = {The Statistical Analysis of Compositional Data},
        publisher = {Chapman \& Hall},
        address = {London},
        year = {1986},
        url = {http://links.jstor.org/sici?sici=0035-9246\%281982\%2944\%3A2\%3C139\%3ATSAOCD\%3E2.0.CO\%3B2-9}
}

@Book{cox,
        author = {T.F. Cox and M.A.A. Cox},
        title = {Multidimensional scaling},
        publisher = {Chapman \& Hall/CRC},
        address = {Boca Raton},
        year = {2001},
        url = {https://www.bibsonomy.org/bibtex/29a4eb97dc9592c07e19b9c4d8828a91a}
}

@Book{deza,
        author = {M.M. Deza and E. Deza},
        title = {Encyclopedia of Distances},
        publisher = {Springer-Verlag},
        address = {Heidelberg},
        year = {2013},
        url = {https://doi.org/10.1007/978-3-642-00234-2_1}
}

@Article{boumaza98,
        author = {R. Boumaza},
        title = {Analyse en composantes principales de distributions gaussiennes multidimensionnelles},
        journal = {Revue de Statistique Appliqu\'ee},
        volume = {XLVI},
        number = {2},
        year = {1998},
				pages = {5--20},
				url = {http://www.numdam.org/item?id=RSA_1998__46_2_5_0}
}

@Article{boumaza04,
        author = {R. Boumaza},
        title = {Discriminant Analysis with Independently Repeated Multivariate Measurements: An $L^2$ Approach},
        journal = {Computational Statistics and Data Analysis},
        volume = {47},
        number = {4},
        year = {2004},
				pages = {823--843},
				url = {https://doi.org/10.1016/j.csda.2004.01.001} 
}

@Manual{dad,
    title = {\pkg{dad}: Three-Way / Multigroup Data Analysis Through Densities},
    author = {R. Boumaza and P. Santagostini and S. Yousfi and G. Hunault and J. Bourbeillon and B. Pumo and S. Demotes-Mainard},
    year = {2021},
    note = {R Package version 3.4.6},
    url = {https://CRAN.R-project.org/package=dad},
  }

@Article{boumaza15,
        author = {R. Boumaza and S. Yousfi and S. Demotes-Mainard},
        title = {Interpreting the Principal Component Analysis of Multivariate Density Functions},
        journal = {Communications in Statistics - Theory and Methods},
       volume = {44},
        number = {16},
        year = {2015},
 				pages = {3321--3339},
 				url = {https://doi.org/10.1080/03610926.2013.824103}
}

@Article{delicado,
        author = {P. Delicado},
        title = {Dimensionality Reduction When Data Are Density Functions},
        journal = {Computational Statistics and Data Analysis},
        volume = {55},
        year = {2011},
				pages = {401--420},
				url = {https://doi.org/10.1016/j.csda.2010.05.008}
}

@Article{ade4,
    title = {The \pkg{ade4} Package -- {II}: Two-Table and {K}-Table Methods},
    author = {St\'ephane Dray and Anne-B\'eatrice Dufour and Daniel Chessel},
    journal = {R News},
    year = {2007},
    volume = {7},
    number = {2},
    pages = {47--52},
    url = {https://cran.r-project.org/doc/Rnews/},
}

@Manual{ks,
	title  = {\pkg{ks}: Kernel Smoothing},
	author = {T. Duong},
	year   = {2014},
	note   = {R~package version~1.9.3},
	url    = {http://CRAN.R-project.org/package=ks},
}

@Manual{multigroup,
    title = {\pkg{multigroup}: Multigroup Data Analysis},
    author = {Aida Eslami and El Mostafa Qannari and Stephanie Bougeard and Gaston Sanchez},
    year = {2020},
    note = {R package version 0.4.5},
    url = {https://CRAN.R-project.org/package=multigroup},
  }

@Article{eslami,
        author = {A. Eslami and E. M. Qannari and A. Kohler and S. Bougeard},
        title = {General Overview of Methods of Analysis of Multi-Group Datasets},
        journal = {Revue des Nouvelles Technologies de l'Information},
        volume = {25},
        year = {2013},
				pages = {108--123},
				url = {https://editions-rnti.fr/?inprocid=1001883}
}

@Article{febrero,
        author = {M. Febrero-Bande and M. Oviedo de la Fuente},
        title = {Statistical Computing in Functional Data Analysis: The R~Package \pkg{fda.usc}},
        journal = {Journal of Statistical Software},
        volume = {51},
        number = {4},
				pages = {1--28},
        year = {2012},
        url    = {http://www.jstatsoft.org/v51/i04/},
	}

@Book{filzmoser,
    title = {Applied Compositional Data Analysis. With Worked Examples in {R}},
    author = {Peter Filzmoser and Karel Hron and Matthias Templ},
    publisher = {Springer International Publishing. Springer Nature Switzerland AG, Cham, Switzerland},
    note = {Springer Series in Statistics},
    isbn = {978-3-319-96420-1},
    year = {2018},
  }

@Article{threeway,
    title = {Three-Way Component Analysis Using the R~Package \pkg{ThreeWay}},
    author = {P. Giordani and H.A.L. Kiers and M.A. {Del Ferraro}},
    journal = {Journal of Statistical Software},
    year = {2014},
    volume = {57},
    number = {7},
    pages = {1--23},
    url = {http://www.jstatsoft.org/v57/i07/},
  }

@Article{godin,
        author = {C. Godin and Y. Caraglio},
        title = {A Multiscale Model of Plant Topological Structures},
        journal = {Journal of Theoretical Biology},
        volume = {191},
        number = {1},
        year = {1998},
				pages = {1--46},
				url = {https://doi.org/10.1006/jtbi.1997.0561}
}

@Book{gan,
        author = {G. Gan and C. Ma and J. Wu},
        title = {Data Clustering: Theory, Algorithms and Applications},
        publisher = {ASA-SIAM Series on Statistics and Applied Probability},
        address = {SIAM,Philadelphia, ASA, Alexandria, VA},
        isbn = {0898716233},
        year = {2007}
}

@misc{insee,
    author = {INSEE},
    year = {2018},
    title = {Population active de 25 \`a 54 ans ayant un emploi et ch\^omeurs par cat\'egorie socioprofessionnelle et dipl\^ome par commune et 							d\'epartement (1968 \`a 2015)},
		subtitle = {Recensements harmonis\'es - S\'eries d\'epartementales et communales},
    url = {http://www.insee.fr/fr/statistiques/1893185},
    note = {Accessed = 2019-06-25} 
}

@Article{kiers,
				author = {H.A.L. Kiers},
				title = {Towards a Standardized Notation and Terminology in Multiway Analysis},
				journal = {Journal of Chemometrics},
				volume = {14},
				year = {2000},
				pages = {105--122},
				url = {https://doi.org/10.1002/1099-128X(200005/06)14:3<105::AID-CEM582>3.0.CO;2-I}
}

@Article{kneip,
        author = {A. Kneip and K.J. Utikal},
        title = {Inference for Density Families Using Functional Principal Component Analysis},
        journal = {Journal of the American Statistical Association},
        volume = {96},
        year = {2001},
				pages = {519--542},
				url = {https://doi.org/10.1198/016214501753168235}
}

@Book{krzanowski,
        author = {W.J. Krzanowski},
        title = {Principles of Multivariate Analysis},
        publisher = {Oxford University Press},
        address = {New-York},
        year = {1988},
        isbn = {978-0198507086}
}

@Article{lavit,
				author = {C. Lavit and Y. Escoufier and R. Sabatier and P. Traissac},
				title = {The ACT (STATIS Method)},
				journal = {Computational Statistics \& Data Analysis},
				volume = {18},
				year = {1994},
				pages = {97--119},
				url = {https://doi.org/10.1016/0167-9473(94)90134-1}
}

@Article{factominer,
    title = {\pkg{FactoMineR}: An R Package for Multivariate Analysis},
    author = {S. L\^e and J. Josse and F. Husson},
    journal = {Journal of Statistical Software},
    year = {2008},
    volume = {25},
    number = {1},
    pages = {1--18},
    url = {https://doi.org/10.18637/jss.v025.i01}
  }

@Article{ptak,
    title = {Spatio-Temporal Multiway Decompositions Using Principal Tensor Analysis on k-Modes: The R~Package \pkg{PTAk}.},
    author = {D.G. Leibovici},
    journal = {Journal of Statistical Software},
    year = {2010},
    volume = {34},
    number = {10},
    pages = {1--34},
    url = {http://www.jstatsoft.org/v34/i10/},
  }

@Book{mclachlan,
        author = {G.J. McLachlan},
        title = {Discriminant analysis and statistical pattern recognition},
        publisher = {Wiley},
        address = {New-York},
        year = {1992},
        url = {https://doi.org/10.1002/0471725293}
}

@Manual{cluster,
    title = {\pkg{cluster}: Cluster Analysis Basics and Extensions},
    author = {M. Maechler and P. Rousseeuw and A. Struyf and M. Hubert and K. Hornik},
    year = {2019},
    url = {https://CRAN.R-project.org/package=cluster},
    note = {R package version 2.1.0 --- For new features, see the 'Changelog' file (in the package source)},
  }

@Book{mardia,
        author = {K.V. Mardia and J.T. Kent and J.M. Bibby},
        title = {Multivariate Analysis},
        publisher = {Academic Press},
        address = {London},
        year = {1979},
        isbn = {0-12-471252-5}
}

@Manual{petersen,
    title = {\pkg{fdadensity}: Functional Data Analysis for Density Functions by Transformation to a Hilbert Space},
    author = {A. Petersen and P. Z. Hadjipantelis and H. G. Mueller},
    year = {2019},
    note = {R package version 0.1.2},
    url = {https://CRAN.R-project.org/package=fdadensity},
  }

@Manual{pradal,
        author = {C. Pradal and T. Cokelaer},
        title = {VPlants Documentation. Release 0.8},
        publisher = {\pkg{OpenAlea}. Software Environment for Plant Modeling},
        address = {INRIA, France},
        date = {January 11},
				year = {2010},
        url = {http://openalea.gforge.inria.fr/doc/vplants/newmtg/doc/_build/html/contents.html}
}

@Manual{fda,
    author = {J. O. Ramsay and S. Graves and G. Hooker},
    title = {\pkg{fda}: Functional Data Analysis},
    year = {2020},
    note = {R~Package version 5.1.4},
    url = {https://CRAN.R-project.org/package=fda},
  }

@Article{rudrauf,
    title = {Contribution \`a l'\'etude de l'architecture m\'edi\'evale: les caract\'eristiques des pierres \`a bossage des ch\^ateaux forts
             alsaciens.},
    author = {J.M. Rudrauf and R. Boumaza},
    journal = {Centre de Recherches Arch\'eologiques M\'edi\'evales de Saverne},
    year = {2001},
    volume = {5},
    pages = {5--38},
    url = {http://www.crams.fr/publications_detail.php?parPUBL=CFA05\#ancDebut}
  }

@Manual{tsagris,
    title = {\pkg{Compositional}: Compositional Data Analysis},
    author = {M. Tsagris and G. Athineou},
    year = {2020},
    note = {R package version 3.8},
    url = {https://CRAN.R-project.org/package=Compositional},
  }

@Manual{vandenboogaart,
    title = {\pkg{compositions}: Compositional Data Analysis},
    author = {K. Gerald {van den Boogaart} and Raimon Tolosana-Delgado and Matevz Bren},
    year = {2020},
    note = {R package version 1.40-5},
    url = {https://CRAN.R-project.org/package=compositions},
  }

@Book{mass,
    title = {Modern Applied Statistics with S},
    author = {W.N. Venables and B.D. Ripley},
    publisher = {Springer-Verlag},
    edition = {Fourth},
    address = {New York},
    year = {2002},
    note = {ISBN 0-387-95457-0},
    url = {http://www.stats.ox.ac.uk/pub/MASS4},
  }

@Book{wand,
        author = {M.P. Wand and M.C. Jones},
        title = {Kernel Smoothing},
        publisher = {Chapman and Hall},
        address = {London},
        year = {1995},
        isbn = {9780412552700}
}

@Article{yousfi,
        author = {S. Yousfi and R. Boumaza and D. Aissani and S. Adjabi},
        title = {Optimal Bandwith Matrices in Functional Principal Component Analysis of Density Functions},
        journal = {Journal of Statistical Computational and Simulation},
        volume = {85},
        number = {11},
        year = {2015},
 				pages = {2315-2330},
 				url = {https://doi.org/10.1080/00949655.2014.928293}
}

