
@Manual{kernsmooth,
    title = {KernSmooth: Functions for Kernel Smoothing Supporting Wand \& Jones (1995)},
    author = {Wand, M. and Ripley, B.},
    year = {2021},
    note = {R package version 2.23-16},
    url = {https://CRAN.R-project.org/package=KernSmooth},
 }
 
@Manual{kde1d,
    title = {kde1d: Univariate Kernel Density Estimation},
    author = {Thomas Nagler and Thibault Vatter},
    year = {2020},
    note = {R package version 1.0.3},
    url = {https://CRAN.R-project.org/package=kde1d},
} 
 
@Manual{densEstBayes,
    title = {densEstBayes: Density Estimation via Bayesian Inference Engines},
    author = {Matt P. Wand},
    year = {2021},
    note = {R package version 1.0-2},
    url = {https://CRAN.R-project.org/package=densEstBayes},
 }


@Manual{matlab,
    author = {Jenny Farmer and Donald J. Jacobs},
    title = {{MATLAB} tool for probability density assessment and nonparametric estimation},
    journal = {SoftwareX},
    volume = {18},
    pages = {101017},
    year = {2022},
    url = {https://doi.org/10.1016/j.softx.2022.101017},
    type = {Journal Article}
}

@article{pdf1,
   author = {Joakim Munkhammar and Lars Mattsson and Jesper Ryden},
   title = {Polynomial probability distribution estimation using the method of moments},
   journal = {PLoS One},
   volume = {12},
   number = {4},
   pages = {e0174573},
   year = {2017},
   url = {https://doi.org/10.1371/journal.pone.0174573},
   type = {Journal Article}
}

@misc{pdf2,
   author = {Abdoulaye Sidib√© and Gao Shu and Yunzhao Ma and Wei Wanqi},
   booktitle = {Proceedings of the 2nd International Conference on big data research},
   pages = {43-46},
   title = {Big Data Framework for Abnormal Vessel Trajectories Detection using Adaptive Kernel Density Estimation},  
   year = {2018},
   url = {https://doi.org/10.1145/3291801.3291816},
   type = {General}
}

@article{pdf3,
   author = {Luliang Tang and Zihan Kan and Xia Zhang and Fei Sun and Xue Yang and Qingquan Li},
   title = {A network Kernel Density Estimation for linear features in space-time analysis of big trace data},
   journal = {International Journal of Geographical Information Science: Human Dynamics in the Mobile and Big Data Era},
   volume = {30},
   number = {9},
   pages = {1717-1737},
   year = {2016},
   url = {https://doi.org/10.1080/13658816.2015.1119279},
   type = {Journal Article}
}


@article{pdf4,
   author = {S. Cavuoti and V. Amaro and M. Brescia and C. Vellucci and C. Tortora and G. Longo},
   title = {METAPHOR: a machine-learning-based method for the probability density estimation of photometric redshifts},
   journal = {Monthly Notices of the Royal Astronomical Society},
   volume = {465},
   number = {2},
   pages = {1959-1973},
   year = {2017},
   url = {https://doi.org/10.1017/S1743921317002186},
   type = {Journal Article}
}

@article{kdeR1,
    title = {{nprobust}: Nonparametric Kernel-Based Estimation and Robust Bias-Corrected Inference},
    author = {Sebastian Calonico and Matias D. Cattaneo and Max H. Farrell},
    journal = {Journal of Statistical Software},
    year = {2019},
    volume = {91},
    number = {8},
    pages = {1--33},
    url = {https://doi.org/10.18637/jss.v091.i08},
  }

@article{kdeR2,
   author = {Tristen Hayfield and Jeffrey S. Racine},
   title = {Nonparametric Econometrics: The np Package},
   journal = {Journal of Statistical Software},
   volume = {27},
   number = {5},
   year = {2008},
   url = {https://doi.org/10.18637/jss.v027.i05},
   type = {Journal Article}
}

@article{kdeR3,
   author = {Jonas Moss and Martin Tveten},
   title = {kdensity: An {R} package for kernel density estimation with parametric starts and asymmetric kernels},
   journal = {Journal of Open Source Software},
   pages = {1566},
   year = {2019},
   url = {https://doi.org/10.21105/joss.01566},
   type = {Journal Article}
}

@article{kdeR4,
   author = {Frank Konietschke and Marius Placzek and Frank Schaarschmidt and Ludwig A. Hothorn},
   title = {nparcomp: An {R} Software Package for Nonparametric Multiple Comparisons and Simultaneous Confidence Intervals},
   journal = {Journal of Statistical Software, Articles},
   volume = {64},
   number = {9},
   year = {2015},
   url = {https://doi.org/10.18637/jss.v064.i09},
   pages = {1--17},
   type = {Journal Article}
}

@article{kdeR5,
   author = {Sebastian, Calonico and Matias, D. Cattaneo and Max, H. Farrell},
   title = {nprobust: Nonparametric Kernel-Based Estimation and Robust Bias-Corrected Inference},
   journal = {Journal of Statistical Software},
   volume = {91},
   number = {1},
   pages = {1-33},
   year = {2019},
   url = {https://doi.org/10.18637/jss.v091.i08},
   type = {Journal Article}
}

@article{kdeR6,
   author = {Puchert, Patrik and Hermosilla, Pedro and Ritschel, Tobias and Ropinski, Timo},
   title = {Data-driven deep density estimation},
   journal = {Neural Computing and Applications},
   volume = {33},
   pages = {1-35},
   year = {2021},
   url = {https://doi.org/10.1007/s00521-021-06281-3},
   type = {Journal Article}
}

@article{KDEtutorial,
   author = {Yen-Chi Chen},
   title = {A tutorial on kernel density estimation and recent advances},
   journal = {Biostatistics and Epidemiology (Oxford, UK)},
   volume = {1},
   number = {1},
   pages = {161-187},
   year = {2017},
   url = {https://doi.org/10.1080/24709360.2017.1396742},
   type = {Journal Article}
}

@article{KDEdiffusion,
    author = {Z. I. Botev and J. F. Grotowski and D. P. Kroese},    
    title = {Kernel density estimation via
    diffusion},
    journal = {The Annals of Statistics},
    volume = {38},
    number = {5},
    pages = {2916--2957},
    publisher = {Institute of Mathematical Statistics},
    year = {2010},
    url = {https://doi.org/10.1214/10-AOS799}
}

@article{KDEcomp,
    author = {Alexander G Gray and Andrew W Moore},
    journal = {Society for Industrial and Applied Mathematics. Proceedings of the SIAM International Conference on Data Mining},
    pages = {203-},
    publisher = {Society for Industrial and Applied Mathematics},
    title = {Nonparametric Density Estimation: Toward Computational Tractability},
    year = {2003},
    url = {https://doi.org/10.1137/1.9781611972733.19}
}

@book{mem1,
   author = {Wu, Nailong},
   title = {The maximum entropy method},
   publisher = {Springer},
   address = {NY, USA},
   year = {1997},
   type = {Book}
}

@article{mem2,
   author = {Jacobs, Donald J.},
   title = {Best probability density function from limited sampling},
   journal = {Entropy},
   volume = {11},
   pages = {1001-1024},
   url = {https://doi.org/10.3390/e11041001},
   year = {2008},
   type = {Journal Article}
}

@article{PDFe1,
   author = {Jenny Farmer and Donald Jacobs},
   title = {High throughput nonparametric probability density estimation},
   journal = {PLoS One},
   volume = {13},
   number = {5},
   pages = {e0196937},
   year = {2018},
   url = {https://doi.org/10.1371/journal.pone.0196937},
   type = {Journal Article}
}

@article{PDFe2,
   author = {Jenny Farmer and Zach Merino and Alexander Gray and Donald Jacobs},
   title = {Universal Sample Size Invariant Measures for Uncertainty Quantification in Density Estimation},
   journal = {Entropy},
   volume = {21},
   number = {11},
   pages = {1120},
   year = {2019},
   url = { https://doi.org/10.3390/e21111120},
   type = {Journal Article}
}

@article{order,
   author = {Wilks, S. S.},
   title = {Order Statistics},
   journal = {Bull. Amer. Math. Soc.},
   volume = {54},
   number = {1},
   pages = {6-50},
   year = {1948},
   type = {Journal Article}
}


@article{benchden,
   author = {Thoralf Mildenberger and Henrike Weinert},
   title = {The benchden Package: Benchmark Densities for Nonparametric Density Estimation},
   journal = {Journal of Statistical Software, Articles},
   volume = {46},
   number = {14},
   year = {2012},
   url = {https://doi.org/10.18637/jss.v046.i14},
   pages = {1--14},
   type = {Journal Article}
}

@article{philentropy,
   author = {Hajk-Georg Drost},
   title = {Philentropy: Information Theory and Distance Quantification with {R}},
   journal = {The Journal of Open Source Software},
   volume = {3},
   pages = {765},
   year = {2018},
   url = {https://doi.org/10.21105/joss.00765},
   type = {Journal Article}
}

@article{stamp1,
   author = {Basford, K. E. and McLachlan, G. J. and York, M. G.},
   title = {Modelling the distribution of stamp paper thickness via finite normal mixtures: The 1872 Hidalgo stamp issue of Mexico revisited},
   journal = {Journal of Applied Statistics},
   volume = {24},
   number = {2},
   pages = {169-180},
   year = {1997},
   url = {https://doi.org/10.1080/02664769723783},
   type = {Journal Article}
}

@article{stamp2,
   author = {Brewer, Mark J.},
   title = {A {B}ayesian model for local smoothing in kernel density estimation},
   journal = {Statistics and Computing},
   volume = {10},
   number = {4},
   pages = {299-309},  
   year = {2000},
   url = {https://doi.org/10.1023/A:1008925425102},
   type = {Journal Article}
}

@article{stamp3,
   author = {Izenman, Alan J. and Sommer, Charles J.},
   title = {Philatelic Mixtures and Multimodal Densities},
   journal = {Journal of the American Statistical Association},
   volume = {83},
   number = {404},
   pages = {941-953},
   year = {1988},
   url = {https://doi.org/10.2307/2290118},
   type = {Journal Article}
}

@article{stamp4,
   author = {Sheather, S. J.},
   title = {The performance of six popular bandwidth selection methods on some real data sets.},
   journal = {Computational Statistics},
   volume = {7},
   pages = {225-250},
   year = {1992},
   type = {Journal Article}
}

