
@article{10.1371/journal.pcbi.1003118,
    author = {Lawrence, , Michael AND Huber, , Wolfgang AND Pag\`es, , Herv\'e AND Aboyoun, , Patrick AND Carlson, , Marc AND Gentleman, , Robert AND Morgan, , Martin T. AND Carey, , Vincent J.},
    journal = {PLoS Computational Biology},
    publisher = {Public Library of Science},
    title = {Software for Computing and Annotating Genomic Ranges},
    year = {2013},
    month = aug,
    volume = {9},
    pages = {e1003118},
    doi = {10.1371/journal.pcbi.1003118}
}        



