@Manual{R,
  title = {R: A Language and Environment for Statistical Computing},
  author = {{R Core Team}},
  organization = {R Foundation for Statistical Computing},
  address = {Vienna, Austria},
  year = {2016},
  note = {{ISBN} 3-900051-07-0},
  url = {https://www.R-project.org/},
}

@article{ihaka:1996,
  Author = {Ihaka, Ross and Gentleman, Robert},
	Journal = {Journal of Computational and Graphical Statistics},
	Number = 3,
	Pages = {299--314},
	Title = {R: A Language for Data Analysis and Graphics},
	Volume = 5,
	Year = 1996,
        url = {https://doi.org/10.1080/10618600.1996.10474713}
}

@article{FerrandoLorenzo-Seva:2019,
  Author = {Ferrando, Pere Joan and Lorenzo-Seva, Urbano},
	Journal = {Educational and Psychological Measurement},
	Title = {An External Validity Approach for Assessing Essential Unidimensionality in Correlated-Factor Models},
	Year = 2019,
        url = {https://doi.org/10.1177/0013164418824755}
}

@article{FerrandoLorenzo-Seva:2017,
  Author = {Ferrando, Pere Joan and Lorenzo-Seva, Urbano},
	Journal = {Psicothema},
	Pages = {236--241},
	Title = {Program FACTOR at 10: origins, development and future directions},
	Year = 2017,
	Volume = 29,
        url = {https://doi.org/10.7334/psicothema2016.304}
}

@article{Rodriguez:2016a,
  Author = {Rodriguez, A. and Reise, S. P. and Haviland, M. G.},
	Journal = {Psychological Methods},
	Number = 3,
	Pages = {137--150},
	Title = {Evaluating bifactor models: Calculating and interpreting statistical indices},
	Volume = 21,
	Year = 2016,
        url = {https://doi.org/10.1037/met0000045}
}

@article{Rodriguez:2016b,
  Author = {Rodriguez, A. and Reise, S. P. and Haviland, M. G.},
	Journal = {Journal of personality assessment},
	Number = 3,
	Pages = {223--237},
	Title = {Applying bifactor statistical indices in the evaluation of psychological measures},
	Volume = 98,
	Year = 2016,
        url = {https://doi.org/10.1080/00223891.2015.1089249}
}

@article{FerrandoLorenzo-Seva:2018a,
  Author = {Ferrando, Pere Joan and Lorenzo-Seva, Urbano},
	Journal = {Educational and Psychological Measurement},
	Number = 5,
	Pages = {762--780},
	Title = {Assessing the Quality and Appropriateness of Factor Solutions and Factor Score Estimates in Exploratory Item Factor Analysis},
	Volume = 78,
	Year = 2018,
        url = {https://doi.org/10.1177/0013164417719308}
}

@article{FerrandoLorenzo-Seva:2018b,
  Author = {Ferrando, Pere Joan and Lorenzo-Seva, Urbano},
	Journal = {Educational and Psychological Measurement},
	Title = {On the Added Value of Multiple Factor Score Estimates in Essentially Unidimensional Models},
	Year ={ in press},
        url = {https://doi.org/10.1177/0013164418773851}
}

@article{Furnham:1990,
  Author = {Furnham, A.},
	Journal = {Personality and Individual Differences},
	Number = 9,
	Pages = {923--929},
	Title = {The development of single trait personality theories},
	Volume = 11,
	Year = 1990,
        url = {https://doi.org/10.1016/0191-8869(90)90273-T}
}

@article{Reise:2013,
  Author = {Reise, S. P. and Bonifay, W. E. and Haviland, M. G.},
	Journal = {Journal of personality assessment},
	Number = 2,
	Pages = {129--140},
	Title = {Scoring and modeling psychological measures in the presence of multidimensionality},
	Volume = 95,
	Year = 2013,
        url = {https://doi.org/10.1080/00223891.2012.725437}
}

@incollection{Reise:2015,
  author = {Reise, S. P. and Cook, K. F. and Moore, T. M. },
  year = {2015},
  title = {Evaluating the impact of multidimensionality on unidimensional item response theory model parameters},
  booktitle = {Handbook of item response theory modeling},
  publisher = {Routledge},
  pages = {13--40}
}

@article{FloydWidaman:1995,
  Author = {Floyd, F. J. and Widaman, K. F.},
	Journal = {Psychological assessment},
	Number = 3,
	Pages = {286--299},
	Title = {Factor analysis in the development and refinement of clinical assessment instruments},
	Volume = 7,
	Year = 1995,
        url = {https://doi.org/10.1037/1040-3590.7.3.286}
}

@article{RaykovMarcoulides:2018,
  Author = {Raykov, T. and Marcoulides, G. A. },
	Journal = {Educational and Psychological Measurement},
	Number = 3,
	Pages = {504--516},
	Title = {On Studying Common Factor Dominance and Approximate Unidimensionality in Multicomponent Measuring Instruments with Discrete Items},
	Volume = 78,
	Year = 2018,
        url = {https://doi.org/10.1177/0013164416678650}
}

@article{Curran:2018,
  Author = {Curran, P. J. and Cole, V. T. and Bauer, D. J. and Rothenberg, W. A. and Hussong, A. M. },
	Journal = {Structural Equation Modeling: A Multidisciplinary Journal},
	Number = 6,
	Pages = {860--875},
	Title = {Recovering Predictorâ€“Criterion Relations Using Covariate-Informed Factor Score Estimates},
	Volume = 25,
	Year = 2018,
        url = {https://doi.org/10.1080/10705511.2018.1473773}
}

@article{Beauducel:2016,
  Author = {Beauducel, A. and Harms, C. and Hilger, N. },
	Journal = {International Journal of Statistics and Probability},
	Number = 6,
	Pages = {94--107},
	Title = {Reliability Estimates for Three Factor Score Estimators},
	Volume = 5,
	Year = 2016,
        url = {https://doi.org/10.5539/ijsp.v5n6p943}
}

@article{Haberman:2008,
  Author = {Haberman, S. J. },
	Journal = {Journal of Educational and Behavioral Statistics},
	Number = 2,
	Pages = {204--229},
	Title = {When can subscores have value?},
	Volume = 33,
	Year = 2008,
        url = {https://doi.org/10.3102/1076998607302636}
}

@article{FerrandoNavarro-Gonzalez:2018,
  Author = {Ferrando, Pere Joan and Navarro-Gonzalez, David},
	Journal = {Personality and Individual Differences},
	Number = 1,
	Pages = {81--86},
	Title = {Assessing the quality and usefulness of factor-analytic applications to personality measures: A study with the statistical anxiety scale},
	Volume = 123,
	Year = 2018,
        url = {https://doi.org/10.1016/j.paid.2017.11.014}
}

@article{Bartlett:1937,
  Author = {Bartlett, M. S.},
	Journal = {British Journal of Psychology},
	Pages = {97--104},
	Title = {The statistical conception of mental factors},
	Volume = 28,
	Year = 1937,
        url = {https://doi.org/10.1111/j.2044-8295.1937.tb00863.x}
}

@article{BockMislevy:1982,
  Author = {Bock, R. D. and Mislevy, R. J.},
	Journal = {Applied Psychological Measurement},
	Number = 4,
	Pages = {431--444},
	Title = {Adaptive EAP estimation of ability in a microcomputer environment},
	Volume = 6,
	Year = 1982,
        url = {https://doi.org/10.1177/014662168200600405}
}

@article{ChangStout:1993,
  Author = {Chang, H. and Stout, W.},
	Journal = {Psychometrika},
	Number = 1,
	Pages = {37--52},
	Title = {The asymptotic posterior normality of the latent trait in an IRT model},
	Volume = 58,
	Year = 1993,
        url = {https://doi.org/10.1007/BF02294469}
}

@incollection{WainerMislevy:2000,
  Author = {Wainer, H. and Mislevy, R. J.},
  year = {2000},
  title = {Item Response Theory, Item Calibration and Proficiency Estimations},
  booktitle = {Computerized Adaptive Testing: A Primer},
  publisher = {LEA},
  adress = {Mahwah, N.J.},
  editor = {Wainer, H.},
  pages = {61--101}
}

@article{Lorenzo-SevaFerrando:2013,
  Author = {Lorenzo-Seva, U. and Ferrando, P. J.},
	Journal = {Applied Psychological Measurement},
	Number = 6,
	Pages = {497--498},
	Title = {FACTOR 9.2: A Comprehensive Program for Fitting Exploratory and Semiconfirmatory Factor Analysis and IRT Models},
	Volume = 37,
	Year = 2013,
        url = {https://doi.org/10.1177/0146621613487794}
}

@Manual{psych,
  title = {psych: Procedures for Psychological, Psychometric, and Personality Research},
  author = {William Revelle},
  organization = { Northwestern University},
  address = { Evanston, Illinois},
  year = {2018},
  note = {R package version 1.8.10},
  url = {https://CRAN.R-project.org/package=psych},
}

@Manual{stats,
  title = {R: A Language and Environment for Statistical Computing},
  author = {{R Core Team}},
  organization = {R Foundation for Statistical Computing},
  address = {Vienna, Austria},
  year = {2018},
  url = {https://www.R-project.org/},
}

@Manual{optimbase,
  title = {optimbase: R port of the Scilab optimbase module},
  author = {Sebastien Bihorel and Michael Baudin},
  year = {2014},
  note = {R package version 1.0-9},
  url = {https://CRAN.R-project.org/package=optimbase},
}

@Article{mirt,
  title = {{mirt}: A Multidimensional Item Response Theory Package for the {R} Environment},
  author = {R. Philip Chalmers},
  journal = {Journal of Statistical Software},
  year = {2012},
  volume = {48},
  number = {6},
  pages = {1--29},
  doi = {10.18637/jss.v048.i06},
}

@article{Vigil-Colet:2008,
  Author = {Vigil-Colet, A. and Lorenzo-Seva, U. and Condon, L.},
	Journal = {Psicothema},
	Number = 1,
	Pages = {174--180},
	Title = {Development and validation of the statistical anxiety scale},
	Volume = 20,
	Year = 2008,
        url = {https://doi.org/10.1037/t62688-000}
}


@book{CarminesZeller:1991,
  author    = {Carmines, E. G. and Zeller, R. A.}, 
  title     = {Reliability and Validity Assessment},
  publisher = {SAGE},
  year      = 1991,
  volume = 17,
  isbn      = { 9780803913714}
}

@article{MershonGorsuch:1988,
  Author = {Mershon, B. and Gorsuch, R. L.},
	Journal = {Journal of Personality and Social Psychology},
	Number = 4,
	Pages = {675--680},
	Title = {Number of factors in the personality sphere: Does increase in factors increase predictability of real-life criteria?},
	Volume = 55,
	Year = 1988,
        url = {https://doi.org/10.1037/0022-3514.55.4.675}
}

@article{Goldberg:1972,
  Author = {Goldberg, L. R.},
	Journal = {Multivariate Behavioral Research Monographs},
	Number = 2,
	Pages = {59},
	Title = {Parameters of personality inventory construction and utilization: A comparison of prediction strategies and tactics},
	Volume = 72,
	Year = 1972}
}
