%% This BibTeX bibliography file was created using BibDesk.
%% http://bibdesk.sourceforge.net/


%% Created for Xuwen Zhu at 2017-12-02 23:52:34 -0500 


%% Saved with string encoding Unicode (UTF-8) 



@article{melnykov13c,
	Author = {Melnykov, V.},
	Date-Added = {2017-12-03 04:52:32 +0000},
	Date-Modified = {2017-12-03 04:52:32 +0000},
	Doi = {10.1016/j.jmva.2013.07.014},
	Journal = {Journal of Multivariate Analysis},
	Pages = {175-189},
	Title = {On the Distribution of Posterior Probabilities in Finite Mixture Models with Application in Clustering},
	Volume = {122},
	Year = {2013},
	Bdsk-Url-1 = {http://dx.doi.org/10.1016/j.jmva.2013.07.014}}

@article{gottardoetal09,
	Author = {Lo, K. and Hahne, F. and Brinkman, R. R and Gottardo, R.},
	Date-Added = {2017-12-03 04:47:16 +0000},
	Date-Modified = {2017-12-03 04:47:16 +0000},
	Doi = {10.1186/1471-2105-10-145},
	Journal = {BMC Bioinformatics},
	Number = {145},
	Title = {\pkg{flowClust}: a Bioconductor package for automated gating of flow cytometry data},
	Volume = {10},
	Year = {2009},
	Bdsk-Url-1 = {http://dx.doi.org/10.1186/1471-2105-10-145}}

@article{michaelandmelnykov16,
	Author = {Michael, S. and Melnykov, V.},
	Date-Added = {2017-09-22 00:39:34 +0000},
	Date-Modified = {2017-09-22 00:42:20 +0000},
	Doi = {10.1007/s00357-016-9216-4},
	Journal = {Journal of Classification},
	Number = {3},
	Pages = {412-441},
	Title = {Finite Mixture Modeling of Gaussian Regression Time Series with Application to Dendrochronology},
	Volume = {33},
	Year = {2016},
	Bdsk-Url-1 = {http://dx.doi.org/10.1007/s00357-016-9216-4}}

@article{crawford94,
	Author = {Crawford, S. L.},
	Doi = {10.1080/01621459.1994.10476467},
	Journal = {Journal of the American Statistical Association},
	Owner = {volmeln},
	Pages = {259-267},
	Title = {An application of the Laplace method to finite mixture distribution},
	Year = {1994},
	Bdsk-Url-1 = {http://dx.doi.org/10.1080/01621459.1994.10476467}}

@article{anderson35,
	Author = {E. Anderson},
	Date-Added = {2016-11-29 03:39:37 +0000},
	Date-Modified = {2016-11-29 03:39:37 +0000},
	Journal = {Bulletin of the American Iris Society},
	Owner = {maitra},
	Pages = {2-5},
	Timestamp = {2008.04.24},
	Title = {The {I}rises of the {Gaspe} Peninsula},
	Volume = {59},
	Year = {1935}}

@article{biernackietal03,
	Author = {C. Biernacki and G. Celeux and G. Govaert},
	Date-Added = {2016-11-29 03:39:37 +0000},
	Date-Modified = {2016-11-29 03:39:37 +0000},
	Journal = {Computational Statistics and Data Analysis},
	Pages = {561-575},
	Title = {Choosing Starting Values for the {EM} Algorithm for Getting the Highest Likelihood in Multivariate {G}aussian Mixture Models},
	Volume = {413},
	Year = {2003}}

@article{celeuxandgovaert92,
	Author = {Celeux, G. and Govaert, G.},
	Date-Added = {2016-11-29 03:39:37 +0000},
	Date-Modified = {2016-11-29 03:39:37 +0000},
	Doi = {10.1016/0167-9473(92)90042-E},
	Journal = {Computational Statistics and Data Analysis},
	Owner = {volmeln},
	Pages = {315-332},
	Timestamp = {2008.07.17},
	Title = {A Classification {EM} Algorithm for Clustering and Two Stochastic Versions},
	Volume = {14},
	Year = {1992},
	Bdsk-Url-1 = {http://dx.doi.org/10.1016/0167-9473(92)90042-E}}

@book{cookandweisberg94,
	Author = {Cook, D. and Weisberg, S.},
	Date-Added = {2016-11-29 03:39:37 +0000},
	Date-Modified = {2016-11-29 03:39:37 +0000},
	Publisher = {John Wiley \& Sons, New York.},
	Title = {An Introduction to Regression Graphics},
	Year = {1994}}

@article{dempsteretal77,
	Author = {Dempster, A. P. and Laird, N. M. and Rubin, D. B.},
	Date-Added = {2016-11-29 03:39:37 +0000},
	Date-Modified = {2016-11-29 03:39:37 +0000},
	Journal = {Journal of the Royal Statistical Society B},
	Pages = {1-38},
	Title = {Maximum Likelihood for Incomplete Data via the {EM} Algorithm (with Discussion)},
	Volume = {39},
	Year = {1977}}

@article{fisher36,
	Author = {Fisher, R. A.},
	Date-Added = {2016-11-29 03:39:37 +0000},
	Date-Modified = {2016-11-29 03:39:37 +0000},
	Doi = {10.1111/j.1469-1809.1936.tb02137.x},
	Journal = {The Annals of Eugenics},
	Owner = {volmeln},
	Pages = {179-188},
	Timestamp = {2008.12.12},
	Title = {The Use of Multiple Measurements in Taxonomic Poblems},
	Volume = {7},
	Year = {1936},
	Bdsk-Url-1 = {http://dx.doi.org/10.1111/j.1469-1809.1936.tb02137.x}}

@article{gillespieandneale06,
	Author = {Gillespie, N. A. and Neale, M. C.},
	Date-Added = {2016-11-29 03:39:37 +0000},
	Date-Modified = {2016-11-29 03:39:37 +0000},
	Doi = {10.1375/183242706777591380},
	Journal = {Twin Res Hum Genet},
	Number = {3},
	Pages = {412-23},
	Title = {A Finite Mixture Model for Genotype and Environment Interactions: Detecting Latent Population Heterogeneity},
	Volume = {9},
	Year = {2006},
	Bdsk-Url-1 = {http://dx.doi.org/10.1375/183242706777591380}}

@article{leeandmaclachlan14,
	Author = {Lee, S. X. and McLachlan, G. J.},
	Date-Added = {2016-11-29 03:39:37 +0000},
	Date-Modified = {2017-01-11 22:38:15 +0000},
	Doi = {10.1007/s11222-012-9362-4},
	Journal = {Journal of Statistical Software},
	Number = {12},
	Rating = {5},
	Read = {0},
	Title = {\pkg{EMMIXuskew}: Fitting Unrestricted Multivariate Skew $t$ Mixture Models},
	Volume = {55},
	Year = {2014},
	Bdsk-Url-1 = {http://dx.doi.org/10.1007/s11222-012-9362-4}}

@article{leeandmclachlan13a,
	Author = {Lee, S. X. and McLachlan, G. J.},
	Date-Added = {2016-11-29 03:39:37 +0000},
	Date-Modified = {2016-11-29 03:39:37 +0000},
	Journal = {Statistical Methods and Applications},
	Number = {4},
	Pages = {427-454},
	Title = {Model-based Clustering and Classification with Non-normal Mixture Distributions},
	Volume = {22},
	Year = {2013}}

@article{maitraandmelnykov10,
	Author = {Maitra, R. and Melnykov, V.},
	Date-Added = {2016-11-29 03:39:37 +0000},
	Date-Modified = {2016-11-29 03:39:37 +0000},
	Doi = {10.1198/jcgs.2009.08054},
	Journal = {Journal of Computational and Graphical Statistics},
	Number = {2},
	Owner = {volmeln},
	Pages = {354-376},
	Timestamp = {2008.12.12},
	Title = {Simulating Data to Study Performance of Finite Mixture Modeling and Clustering Algorithms},
	Volume = {19},
	Year = {2010},
	Bdsk-Url-1 = {http://dx.doi.org/10.1198/jcgs.2009.08054}}

@article{manly76,
	Author = {B. F. J. Manly},
	Date-Added = {2016-11-29 03:39:37 +0000},
	Date-Modified = {2016-11-29 03:39:37 +0000},
	Journal = {Biometrics Unit},
	Owner = {volmeln},
	Pages = {37-42},
	Title = {Exponential Data Transformations},
	Volume = {25},
	Year = {1976}}

@book{mclachlanandbasford88,
	Address = {New York},
	Author = {McLachlan, G. J. and Basford, K. E.},
	Date-Added = {2016-11-29 03:39:37 +0000},
	Date-Modified = {2016-11-29 03:39:37 +0000},
	Doi = {10.2307/2348072},
	Owner = {volmeln},
	Publisher = {Marcel Dekker},
	Timestamp = {2008.04.25},
	Title = {Mixture Models: Inference and Applications to Clustering},
	Year = {1988},
	Bdsk-Url-1 = {http://dx.doi.org/10.2307/2348072}}

@book{mclachlanandkrishnan08,
	Address = {New York},
	Author = {McLachlan, G. J. and Krishnan, T.},
	Date-Added = {2016-11-29 03:39:37 +0000},
	Date-Modified = {2016-11-29 03:39:37 +0000},
	Doi = {10.1002/9780470191613},
	Edition = {2nd},
	Keywords = {em},
	Posted-At = {2007-09-04 16:21:52},
	Publisher = {Wiley},
	Title = {The {EM} Algorithm and Extensions},
	Year = {2008},
	Bdsk-Url-1 = {http://dx.doi.org/10.1002/9780470191613}}

@book{mclachlanandpeel00,
	Address = {New York},
	Author = {G. J. McLachlan and D. Peel},
	Date-Added = {2016-11-29 03:39:37 +0000},
	Date-Modified = {2016-11-29 03:39:37 +0000},
	Publisher = {John Wiley \& Sons},
	Title = {Finite Mixture Models},
	Year = {2000}}

@article{parkandlord09,
	Author = {Byung-Jung Park and Dominique Lord},
	Date-Added = {2016-11-29 03:39:37 +0000},
	Date-Modified = {2016-11-29 03:39:37 +0000},
	Doi = {10.1016/j.aap.2009.03.007},
	Journal = {Accident Analysis \& Prevention},
	Number = {4},
	Owner = {volmeln},
	Pages = {683-691},
	Timestamp = {2009.03.007},
	Title = {Application of Finite Mixture Models for Vehicle Crash Data Analysis},
	Volume = {41},
	Year = {2009},
	Bdsk-Url-1 = {http://dx.doi.org/10.1016/j.aap.2009.03.007}}

@article{pratesetal13,
	Author = {Prates, M.O. and Cabral, C.R.B. and Lachos, V.H.},
	Date-Added = {2016-11-29 03:39:37 +0000},
	Date-Modified = {2017-01-11 22:37:56 +0000},
	Doi = {10.18637/jss.v054.i12},
	Issue = {12},
	Journal = {Journal of Statistical Software},
	Pages = {1-20},
	Title = {\pkg{mixsmsn}: Fitting Finite Mixture of Scale Mixture of Skew-Normal Distributions},
	Volume = {54},
	Year = {2013},
	Bdsk-Url-1 = {https://cran.r-project.org/web/packages/mixsmsn/index.html}}

@book{schlattmann09,
	Author = {Schlattmann, Peter},
	Date-Added = {2016-11-29 03:39:37 +0000},
	Date-Modified = {2016-11-29 03:39:37 +0000},
	Publisher = {Springer},
	Title = {Medical applications of finite mixture models},
	Year = {2009}}

@article{schwarz78,
	Author = {G. Schwarz},
	Date-Added = {2016-11-29 03:39:37 +0000},
	Date-Modified = {2016-11-29 03:39:37 +0000},
	Journal = {The Annals of Statistics},
	Pages = {461-464},
	Title = {Estimating the Dimensions of a Model},
	Volume = {6},
	Year = {1978}}

@misc{wangetal13,
	Author = {Wang, K. and Ng, A. and McLachlan, G.},
	Date-Added = {2016-11-29 03:39:37 +0000},
	Date-Modified = {2017-01-11 22:38:05 +0000},
	Doi = {10.1109/DICTA.2009.88},
	Note = {R package version 1.0.1},
	Title = {\pkg{EMMIXskew}: The {EM} Algorithm and Skew Mixture Distribution},
	Year = {2013},
	Bdsk-Url-1 = {http://dx.doi.org/10.1109/DICTA.2009.88}}

@article{ward63,
	Author = {Ward, J. H.},
	Date-Added = {2016-11-29 03:39:37 +0000},
	Date-Modified = {2016-11-29 03:39:37 +0000},
	Journal = {Journal of the American Statistical Association},
	Owner = {volmeln},
	Pages = {236-244},
	Timestamp = {2009.06.05},
	Title = {Hierarchical Grouping to Optimize an Objective Function},
	Volume = {58},
	Year = {1963}}

@article{zhuandmelnykov16,
	Author = {Zhu, X. and Melnykov, V.},
	Date-Added = {2016-11-29 03:39:37 +0000},
	Date-Modified = {2016-11-29 03:39:37 +0000},
	Doi = {10.1016/j.csda.2016.01.015},
	Journal = {Computational Statistics and Data Analysis},
	Title = {Manly Transformation in Finite Mixture Modeling},
	Year = {2016},
	Bdsk-Url-1 = {http://dx.doi.org/10.1016/j.csda.2016.01.015}}

@misc{zhuandmelnykov16a,
	Author = {Zhu, X. and Melnykov, V.},
	Date-Added = {2016-11-29 03:39:37 +0000},
	Date-Modified = {2017-09-25 13:24:04 +0000},
	Note = {R package version 0.1.9},
	Title = {\pkg{ManlyMix}: An {R} Package for Model-Based Clustering with Manly Mixture Models},
	Year = {2016},
	Bdsk-Url-1 = {https://cran.r-project.org/web/packages/ManlyMix/index.html}}
