@Manual{R,
  title = {R: A Language and Environment for Statistical Computing},
  author = {{R Core Team}},
  organization = {R Foundation for Statistical Computing},
  address = {Vienna, Austria},
  year = {2012},
  note = {{ISBN} 3-900051-07-0},
  url = {http://www.R-project.org/},
}

@article{ihaka:1996,
  Author = {Ihaka, Ross and Gentleman, Robert},
	Journal = {Journal of Computational and Graphical Statistics},
	Number = 3,
	Pages = {299--314},
	Title = {R: A Language for Data Analysis and Graphics},
	Volume = 5,
	Year = 1996}


@masterthesis{IVMVTSAD,
author = {Xiaoyue Cheng},
title = {Interactive Visualization for missing values, time series, and areal data},
year = {2015},
school = {Iowa State University}
}


@article{SAMGIS,
    author = {Moore, Dale A. and Carpenter, Tim E.},
    title = "{Spatial Analytical Methods and Geographic Information Systems: Use in Health Research and Epidemiology}",
    journal = {Epidemiologic Reviews},
    volume = {21},
    number = {2},
    pages = {143-161},
    year = {1999},
    month = {07},
    issn = {1478-6729},
    doi = {10.1093/oxfordjournals.epirev.a017993},
    url = {https://doi.org/10.1093/oxfordjournals.epirev.a017993},
    eprint = {http://oup.prod.sis.lan/epirev/article-pdf/21/2/143/6727658/21-2-143.pdf},
}


@book{EI,
  title = {Envisioning Information},
  author = {Tufte, Edward R.},
  year = {1990},
  publisher={Graphics Press}
}


@article{ACCAC,
author = { James A.   Dougenik  and  Nicholas R.   Chrisman  and  Duane R.   Niemeyer },
title = {{An Algorithm to Construct Continuous Area Cartograms}},
journal = {The Professional Geographer},
volume = {37},
number = {1},
pages = {75-81},
year  = {1985},
publisher = {Routledge},
doi = {10.1111/j.0033-0124.1985.00075.x},
URL = {https://doi.org/10.1111/j.0033-0124.1985.00075.x},
eprint = {https://doi.org/10.1111/j.0033-0124.1985.00075.x}
}

@inbook{ACTUC,
author = {Dorling, Daniel},
year = {2011},
month = {04},
pages = {252 - 260},
title = {Area Cartograms: Their Use and Creation},
volume = {59},
isbn = {9780470979587},
booktitle = {Concepts and Techniques in Modern Geography (CATMOG)},
doi = {10.1002/9780470979587.ch33}
}


@article{GOINO,
author = {Berry, Brian J. L. and Morrill, Richard L. and Tobler, Waldo R.},
volume = {16},
issue = {4},
pages = {39-44},
title = {Geographic Ordering of Information: New Opportunities},
publisher = {Association of American Geographers},
doi = {10.1111/j.0033-0124.1964.039_q.x},
year = {1964},
journal = {The Professional Geographer}
}


@article{ORC,
title = "On {R}ectangular {C}artograms",
journal = {{Computational Geometry}},
volume = "37",
number = "3",
pages = "175 - 187",
year = "2007",
note = "Special Issue on the 20th European Workshop on Computational Geometry",
issn = "0925-7721",
doi = {10.1016/j.comgeo.2006.06.002},
url = "http://www.sciencedirect.com/science/article/pii/S0925772106000770",
author = "Marc van Kreveld and Bettina Speckmann",
keywords = "Cartogram, Rectangular layout"
}


@Article{sf,
    author = {Edzer Pebesma},
    title = {{Simple Features for R: Standardized Support for Spatial Vector Data}},
    year = {2018},
    journal = {{The R Journal}},
    doi = {10.32614/RJ-2018-009},
    url = {https://doi.org/10.32614/RJ-2018-009},
    pages = {439--446},
    volume = {10},
    number = {1},
}

@Manual{sugarbag,
    title = {sugarbag: Create Tessellated Hexagon Maps},
    author = {Stephanie Kobakian and Dianne Cook},
    note = {https://srkobakian.github.io/sugarbag/,
    https://github.com/srkobakian/sugarbag},
    year = {2019}
  }
 
 
@online{abs2016,
  shortauthor = {{ABS}},
  author = {{Australian Bureau of Statistics}},
  title = {Australian Statistical Geography Standard (ASGS)},
  year = {2018},
  accessed = {{18 Dec 2019}},
  url = {https://www.abs.gov.au/websitedbs/D3310114.nsf/home/Australian+Statistical+Geography+Standard+(ASGS)}
}


@misc{NPR,
 author = {Montanaro, D.},
 title = {{NPR Battleground Map: Hillary Clinton Is Winning — And It's Not Close}},
 url = {https://www.npr.org/2016/10/18/498406765/npr-battleground-map-hillary-clinton-is-winning-and-its-not-close},
 year = {2016},
 accessed = {{18 Dec 2019}},
}

@misc{FiveThirtyEight,
 author = {Kanjana, J. and Mehta, D.},
 title = {{Who will win the presidency?}},
 url = {https://projects.fivethirtyeight.com/2016-election-forecast/},
 year = {2016},
 accessed = {{18 Dec 2019}},
}

@misc{WSJ,
 author = {Zitner,A. and Yeip, R. and Wolfe, J.},
 title = {{Draw the 2016 Electoral College Map}},
 url = {(http://graphics.wsj.com/elections/2016/2016-electoral-college-map-predictions/)},
 year = {2016},
 accessed = {{18 Dec 2019}},
}


@misc{WP,
 author = {Gamio, L. and Cameron D.},
 title = {{Poll: Redrawing the electoral map}},
 url = {https://www.washingtonpost.com/graphics/politics/2016-election/50-state-poll/},
 year = {2016},
 accessed = {{18 Dec 2019}},
}


@misc{AEC19,
  title = {Federal electoral boundary GIS data for free download},
  publisher = {{Australian Electoral Commission}},
  year = {2020},
  url = {https://www.aec.gov.au/Electorates/gis/files/national-esri-fe2019.zip}
}


@misc{TACA,
title = {{Australian Cancer Atlas}},
url = {https://atlas.cancer.org.au},
author = {{Cancer Council Queensland, Queensland University of Technology, and Cooperative Research Centre for Spatial Information}},
year = {2018},
version  = {09-2018},
Accessed = {10/09/2019}
}

@book{TVSSS,
place={Chichester},
title={{The Visualisation of Spatial Social Structure}},
publisher={John Wiley and Sons Ltd},
author={Dorling, Daniel},
year={2012}}


@book{DMAHP,
   author = {Walter, S. D.},
   title = {{Disease Mapping: A Historical Perspective}},
   publisher = {Oxford University Press},
   year = {2001},
   isbn={9780191723667},
   doi = {https://dx.doi.org/10.1093/acprof:oso/9780198515326.003.0012}
}


@article{NAC,
author = {Judy M. Olson},
title = {{Noncontiguous Area Cartograms}},
journal = {The Professional Geographer},
volume = {28},
number = {4},
pages = {371-380},
year  = {1976},
publisher = {Routledge},
doi = {10.1111/j.0033-0124.1976.00371.x},
URL = {https://doi.org/10.1111/j.0033-0124.1976.00371.x},
eprint = {https://doi.org/10.1111/j.0033-0124.1976.00371.x}
}


@inproceedings{ECGC,
pages = {33--36},
volume = {2002},
publisher = {IEEE},
booktitle = {{IEEE Symposium on Information Visualization, 2002. INFOVIS 2002}},
isbn = {076951751X},
year = {2002},
title = {{Efficient Cartogram Generation: A Comparison}},
language = {eng},
author = {Keim, D.A and North, S.C and Panse, C and Schneidewind, J},
}


@Book{PH,
    author = {Vit, Patricia and Pedro, Silvia R. M. and Roubik, David},
    title = {{Pot-Honey: A legacy of stingless bees}},
    publisher = {Springer-Verlag New York},
    year = {2013},
    isbn = {978-1-4614-4960-7},
     url = {http://dx.doi.org/10.1007/978-1-4614-4960-7}
}


@online{abs2011,
  shortauthor = {{ABS}},
  author = {{Australian Bureau of Statistics}},
  title = {{Statistical Area Level 2 (SA2) ASGS Ed 2011 Digital Boundaries in ESRI Shapefile Format}},
  year = {2011},
  publisher = {data cube: ESRI Shapefile, cat. no. 1270.0.55.001}, 
  accessed = {{18 Dec 2019}},
  notes = {https://www.abs.gov.au/AUSSTATS/abs@.nsf/DetailsPage/1270.0.55.001July%202011}
}


@inproceedings{CBATCC,
  title={{A Constraint-based Approach to Constructing Continuous Cartograms}},
  author={Kocmoud, C and House, D},
  booktitle={Proc. Symp. Spatial Data Handling},
  pages={236--246},
  year={1998}
}


@Manual{gganimate,
    title = {{gganimate: A Grammar of Animated Graphics}},
    author = {Thomas Lin Pedersen and David Robinson},
    year = {2019},
    note = {R package version 1.0.3},
    url = {https://CRAN.R-project.org/package=gganimate},
}


@online{BCM,
 URL = {https://alsino.io/static/papers/BeyondChoropleths_AlsinoSkowronnek.pdf},
 author = {Alsino Skowronnek},
  title = {{Beyond Choropleth Maps – A Review of Techniques to Visualize Quantitative Areal Geodata}},
 journal = {{Infovis Reading Group WS 2015/16}},
 year = {2016}
}


@article{TAAM,
   author = {Levison, M. E. and Haddon Jr, W.},
   title = {{The Area Adjusted Map. An Epidemiologic Device}},
   journal = {Public Health Reports},
   volume = {80},
   pages = {55-59},
   ISSN = {00946214},
   year = {1965},
   type = {Journal Article}
}

@inproceedings{MDAC,
author = {R. G. Cano and K. Buchin and T. Castermans and A. Pieterse and W. Sonke and B. Speckmann},
booktitle = {Computer Graphics Forum},
year = {2015},
month = {06},
volume={34},
number={3},
pages={361-370},
title = {{Mosaic Drawings and Cartograms}}, 
publisher = {Wiley Online Library}
}

@Manual{statebins,
    title = {statebins: Create United States Uniform Cartogram Heatmaps},
    author = {Bob Rudis},
    year = {2020},
    note = {R package version 1.4.0},
    url = {https://CRAN.R-project.org/package=statebins},
}

@Manual{absmapsdata,
  title = {absmapsdata: A catalogue of ready-to-use ASGS (and other) sf objects},
  author = {Will Mackey},
  year = {2022},
  note = {R package version 1.3.3},
}

 @Manual{cartogram,
    title = {cartogram: Create Cartograms with R},
    author = {Sebastian Jeworutzki},
    year = {2020},
    note = {R package version 0.2.2},
    url = {https://CRAN.R-project.org/package=cartogram},
  }


 @Manual{tilemaps,
    title = {tilemaps: Generate Tile Maps},
    author = {Kaelyn Rosenberg},
    year = {2020},
    note = {R package version 0.2.0},
    url = {https://CRAN.R-project.org/package=cartogram},
  }
