@book{braak,
author = {C.J.F.~ter {Braak}},
title = {{Permutation versus bootstrap significance tests in multiple regression and anova}},
publisher = {K.H.~J"ockel G.~Rothe and W.~Sendler editors it Bootstraping and Related Techniques 79-85 Springer},
year = {1992}
}
@book{draper,
author = {N.R.~{Draper and D.M.~Stoneman}},
title = {{Testing for the inclusion of variables in linear regression by a randomization technique}},
publisher = {it Technometrics  8: 695-698},
year = {1966}
}
@book{freedman,
author = {D.~{Freedman and D.~Lane}},
title = {{A nonstochastic interpretation of reported significance levels}},
publisher = {it Journal of Business and Economic Statistics 1:292-298},
year = {1983}
}
@book{Good,
author = {P.~{Good}},
title = {{Permutation, Parametric, and Bootstrap Tests of Hypotheses, 3rd edn}},
publisher = {Springer series in statistics},
year = {2005},
isbn = {0-387-20279-X}
}
@book{Mehta87,
author = {K.F.~{Hirji, C.R.~Mehta and N.R.~Patel}},
title = {{Computing distributions for exact logistic regression}},
publisher = {it Journal of the American Statistical Association 82:1110-1117},
year = {1987}
}
@book{Kennedy96,
author = {P.E.~{Kennedy and B.S.~Cade}},
title = {{Randomization tests for multiple regression}},
publisher = {it Communications in Statistics - Simulation and Computation 25(4):923-936},
year = {1996}
}
@book{Potter05,
author = {D.M.~{Potter}},
title = {{A permutation test for inference in logistic regression with small- and moderate-sized datasets}},
publisher = {Statistics in Medicine 24:693-708},
year = {2005}
}
@book{Nelder89,
author = {P.~{McCullagh and J.A.~Nelder}},
title = {{Generalized Linear Models, 2nd edn}},
publisher = {Chapman and Hall London},
year = {1989},
isbn = {0-412-31760-5}
}
@book{Mehta95,
author = {C.R.~{Mehta and N.R.~Patel}},
title = {{Exact logistic regression: theory and examples}},
publisher = {it Statistics in Medicine 14:2143-2160},
year = {1995}
}
@book{Mueller04,
author = {J.~{M\"uller and T.~Hothorn}},
title = {{Maximally selected two-sample statistics as a new tool for the identification and assessment of habitat factors with an application to breeding bird communities in oak forests}},
publisher = {it European Journal of Forest Research 123:219-228 .%bibitem[Xu and Grundwald 2008]Xu2008 S.~Xu G.~Grunwald and R.~Jones  A simulation study comparing likelihood and %non-likelihood approaches in analyzing overdispersed count data 2008.%    and Gentleman(1996)]R:Ihaka+Gentleman:1996%R.~Ihaka and R.~Gentleman.% R: A language for data analysis and graphics.% em Journal of Computational and Graphical Statistics 5%  (3):  1996.%},
pages = {299--314},
year = {2004},
url = {http://www.citebase.org/abstract?id=oai:arXiv.org:0809.1024%bibitem[Ihaka}
}


















