@Article{Breiman2001pil,
  author = {Leo Breiman},
  journal = {Machine Learning},
  pages = {5--32},
  title = {{Random Forests}},
  volume = {45},
  year = {2001},
  url = {https://doi.org/10.1023/a:1010933404324},
}

@Article{kohavi_john,
  author = {Ron Kohavi and George H. John},
  title = {Wrappers for Feature Subset Selection},
  journal = {Artif. Intell.},
  volume = {97},
  number = {1-2},
  year = {1997},
  issn = {0004-3702},
  pages = {273--324},
  url = {https://doi.org/10.1016/s0004-3702(97)00043-x},
}

@Article{benjamini_hochberg145,
  author = {Yoav Benjamini and Yosef Hochberg},
  issn = {00359246},
  journal = {J. of the Royal Statistical Society. Series B (Methodological)},
  number = {1},
  pages = {289--300},
  title = {Controlling the False Discovery Rate: A Practical and Powerful Approach to Multiple Testing},
  volume = {57},
  year = {1995},
  url = {https://doi.org/10.1111/j.2517-6161.1995.tb02031.x},
}

@Article{benjamini2001,
  author = {Yoav Benjamini and Daniel Yekutieli},
  journal = {The Annals of Statistics},
  number = {4},
  pages = {1165--1188},
  publisher = {The Institute of Mathematical Statistics},
  title = {The Control of the False Discovery Rate in Multiple Testing under Dependency},
  volume = {29},
  year = {2001},
}

@Article{holm,
  issn = {03036898, 14679469},
  author = {Sture Holm},
  journal = {Scandinavian Journal of Statistics},
  number = {2},
  pages = {65--70},
  publisher = {John Wiley \& Sons},
  title = {A Simple Sequentially Rejective Multiple Test Procedure},
  volume = {6},
  year = {1979},
  url = {https://doi.org/10.2307/4615733},
}

@Article{lasso145,
  issn = {00359246},
  author = {Robert Tibshirani},
  journal = {J. of the Royal Statistical Society. Series B (Methodological)},
  number = {1},
  pages = {267-288},
  title = {Regression Shrinkage and Selection via the Lasso},
  volume = {58},
  year = {1996},
  url = {https://doi.org/10.1111/j.2517-6161.1996.tb02080.x},
}

@Article{elastic_net145,
  issn = {13697412, 14679868},
  author = {Hui Zou and Trevor Hastie},
  journal = {J. of the Royal Statistical Society. Series B (Statistical Methodology)},
  number = {2},
  pages = {301-320},
  title = {Regularization and Variable Selection via the Elastic Net},
  volume = {67},
  year = {2005},
  dou = {10.1111/j.1467-9868.2005.00527.x},
}

@Article{Stoppiglia2003,
  author = {Herve Stoppiglia and Gerard Dreyfus and Remi Dubois and Yacine Oussar},
  journal = {Journal of Machine Learning Research},
  number = {7-8},
  pages = {1399--1414},
  title = {Ranking a Random Feature for Variable and Feature Selection},
  volume = {3},
  year = {2003},
  url = {https://doi.org/10.1162/153244303322753733},
}

@Article{Kursa2010a,
  author = {Miron B. Kursa and Aleksander Jankowski and Witold R. Rudnicki},
  journal = {Fundamenta Informaticae},
  number = {4},
  pages = {271--285},
  title = {Boruta – A System for Feature Selection},
  volume = {101},
  year = {2010},
  url = {https://doi.org/10.3233/fi-2010-288},
}

@Article{guyon2003introduction,
  title = {An Introduction to Variable and Feature Selection},
  author = {Isabelle Guyon and André Elisseeff},
  journal = {Journal of Machine Learning Research},
  volume = {3},
  number = {Mar},
  pages = {1157--1182},
  year = {2003},
  url = {https://doi.org/10.1162/153244303322753616},
}

@Article{guyon2002gene,
  title = {Gene Selection for Cancer Classification Using Support Vector Machines},
  author = {Isabelle Guyon and Jason Weston and Stephen Barnhill and Vladimir Vapnik},
  journal = {Machine learning},
  volume = {46},
  number = {1-3},
  pages = {389--422},
  year = {2002},
  url = {https://doi.org/10.1023/a:1012487302797},
}

@Article{cortes1995support,
  title = {Support-Vector Networks},
  author = {Corinna Cortes and Vladimir Vapnik},
  journal = {Machine Learning},
  volume = {20},
  number = {3},
  pages = {273--297},
  year = {1995},
  url = {https://doi.org/10.1007/bf00994018},
}

@InProceedings{zhao2007searching,
  title = {Searching for Interacting Features},
  author = {Zheng Zhao and Huan Liu},
  booktitle = {IJCAI},
  volume = {7},
  pages = {1156--1161},
  year = {2007},
}

@InProceedings{kononenko1994estimating,
  title = {Estimating Attributes: Analysis and Extensions of RELIEF},
  author = {Igor Kononenko},
  booktitle = {European Conference on Machine Learning},
  pages = {171--182},
  year = {1994},
  url = {https://doi.org/10.1007/3-540-57868-4_57},
}

@Article{peng2005feature,
  title = {Feature Selection Based on Mutual Information Criteria of Max-Dependency, Max-Relevance, and Min-Redundancy},
  author = {Hanchuan Peng and Fuhui Long and Chris Ding},
  journal = {IEEE Transactions on Pattern Analysis and Machine Intelligence},
  volume = {27},
  number = {8},
  pages = {1226--1238},
  year = {2005},
  url = {https://doi.org/10.1109/tpami.2005.159},
}

@Article{wang2013selecting,
  title = {Selecting Feature Subset for High Dimensional Data via the Propositional FOIL Rules},
  author = {Guangtao Wang and Qinbao Song and Baowen Xu and Yuming Zhou},
  journal = {Pattern Recognition},
  volume = {46},
  number = {1},
  pages = {199--214},
  year = {2013},
  url = {https://doi.org/10.1016/j.patcog.2012.07.028},
}

@Article{robnik2003theoretical,
  title = {Theoretical and Empirical Analysis of {ReliefF} and {RReliefF}},
  author = {Marko Robnik-Šikonja and Igor Kononenko},
  journal = {Machine Learning},
  volume = {53},
  number = {1-2},
  pages = {23--69},
  year = {2003},
  url = {https://doi.org/10.1023/a:1025667309714},
}

@Article{guyon2007competitive,
  title = {{Competitive Baseline Methods Set New Standards for the NIPS 2003 Feature Selection Benchmark}},
  author = {Isabelle Guyon and Jiwen Li and Theodor Mader and Patrick A Pletscher and Georg Schneider and Markus Uhr},
  journal = {Pattern Recognition Letters},
  volume = {28},
  number = {12},
  pages = {1438--1444},
  year = {2007},
  url = {https://doi.org/10.1016/j.patrec.2007.02.014},
}

@Article{DBLP:journals/corr/MnichR17,
  author = {Krzysztof Mnich and Witold R. Rudnicki},
  title = {All-Relevant Feature Selection Using Multidimensional Filters With Exhaustive Search},
  journal = {CoRR},
  volume = {abs/1705.05756},
  year = {2017},
  url = {http://arxiv.org/abs/1705.05756},
}

@Misc{Dua:2017,
  author = {Dua Dheeru and Efi {Karra Taniskidou}},
  year = {2017},
  title = {{UCI} Machine Learning Repository},
  url = {http://archive.ics.uci.edu/ml},
  institution = {University of California, Irvine, School of Information and Computer Sciences},
}

@Manual{MDFSpkg,
  title = {MDFS: MultiDimensional Feature Selection},
  author = {Radosław Piliszek and Krzysztof Mnich and Paweł Tabaszewski and Szymon Migacz and Andrzej Sułecki and Witold Remigiusz Rudnicki},
  year = {2018},
  note = {R package version 1.0.3},
  url = {https://CRAN.R-project.org/package=MDFS},
}

@Article{Draminski2007,
  author = {Michał Dramiński and Alvaro Rada-Iglesias and Stefan Enroth and Claes Wadelius and Jacek Koronacki and Jan Komorowski},
  title = {Monte Carlo Feature Selection for Supervised Classification},
  journal = {Bioinformatics},
  volume = {24},
  number = {1},
  year = {2007},
  issn = {1367-4803},
  pages = {110--117},
}

@Article{Draminski2018,
  author = {Michał Dramiński and Jacek Koronacki},
  title = {Rmcfs: An R Package for Monte Carlo Feature Selection and Interdependency Discovery},
  journal = {Journal of Statistical Software, Articles},
  volume = {85},
  number = {12},
  year = {2018},
  issn = {1548-7660},
  pages = {1--28},
  url = {https://doi.org/10.18637/jss.v085.i12},
}

@Manual{Rfast,
  title = {Rfast: A Collection of Efficient and Extremely Fast R Functions},
  author = {Manos Papadakis and Michail Tsagris and Marios Dimitriadis and Stefanos Fafalios and Ioannis Tsamardinos and Matteo Fasiolo and Giorgos Borboudakis and John Burkardt and Changliang Zou and Kleanthi Lakiotaki and Christina Chatzipantsiou.},
  year = {2018},
  note = {R package version 1.9.2},
  url = {https://CRAN.R-project.org/package=Rfast},
}
