@book{runit,
author = {M.~{Burger, K.~Juenemann, and T.~Koenig}},
title = {{RUnit: R Unit test framework, }},
publisher = {R package version 0.4.22},
year = {2009},
url = {http://CRAN.R-project.org/package=RUnit}
}
@book{svunit,
author = {P.~{Grosjean}},
title = {{SciViews-R: A GUI API for R}},
publisher = {UMH Mons Belgium},
year = {2009},
url = {http://www.sciviews.org/SciViews-R}
}
@book{codetools,
author = {L.~{Tierney}},
title = {{codetools: Code Analysis Tools for R, }},
publisher = {R package version 0.2-2},
year = {2009},
url = {http://CRAN.R-project.org/package=codetools}
}
@book{stringr,
author = {H.~{Wickham}},
title = {{stringr: Make it easier to work with strings., }},
publisher = {R package version 0.4},
year = {2010},
url = {http://CRAN.R-project.org/package=stringr}
}
@book{testthat,
author = {H.~{Wickham}},
title = {{testthat: Testthat code. Tools to make testing fun :), }},
publisher = {R package version 0.5},
year = {2011},
url = {http://CRAN.R-project.org/package=testthat}
}
@book{lubridate,
author = {H.~{Wickham and G.~Grolemund}},
title = {{lubridate: Make dealing with dates a little easier, }},
publisher = {R package version 0.1},
year = {2010},
url = {http://www.jstatsoft.org/v40/i03/}
}

