@Article{Becue04,
  author =	 {M B\'ecue-Bertaut and J Pag\`es},
  title =	 {A principal axes method for comparing multiple
                  contingency tables: {MFACT}},
  journal =	 {Computational Statistics and Data Analysis},
  year =	 2004,
  volume =	 45,
  number =	 3,
  pages =	 {481--503}
}

@Article{Becue14a,
  author =	 {M B\'ecue-Bertaut and J Pag\`es},
  title =	 {Correspondence analysis of textual data involving
                  contextual information: {CA-GALT} on principal
                  components},
  journal =	 {Advances in Data Analysis and Classification},
  volume =	 9,
  number =	 2,
  pages =	 {125--142},
  year =	 2015,
}

@Article{Becue14b,
  title =	 {Untangling the influence of several contextual
                  variables on the respondents' lexical choices. {A}
                  statistical approach},
  author =	 {B{\'e}cue-Bertaut, M{\'o}nica and Pages,
                  J{\'e}r{\^o}me and Kostov, Belchin},
  journal =	 {SORT -- Statistics and Operations Research
                  Transactions},
  volume =	 38,
  number =	 2,
  pages =	 {285--302},
  year =	 2014
}

@book{Beh14,
  title =	 {Correspondence Analysis: Theory, Practice and New
                  Strategies},
  author =	 {Beh, Eric J and Lombardo, Rosaria},
  year =	 2014,
  publisher =	 {John Wiley \& Sons}
}

@book{Benzecri73,
  author =	 {JP Benz\'ecri},
  title =	 {Analyse des Donn\'ees},
  publisher =	 {Dunod},
  year =	 1973,
}

@incollection{Bockenholt94,
  author =	 {U B\"ockenholt and Y Takane},
  title =	 {Linear Constraints in Correspondence Analysis},
  booktitle =	 {Correspondence Analysis in the Social Sciences},
  editor =	 {M Greenacre and J Blasius},
  publisher =	 {Academic Press},
  year =	 1994,
}

@Article{Efron79,
  author =	 {B Efron},
  title =	 {Bootstrap methods: Another look at the jackknife},
  journal =	 {The Annals of Statistics},
  year =	 1979,
  volume =	 7,
  number =	 1,
  pages =	 {1--26}
}

@book{Escofier88,
  author =	 {B Escofier and J Pag\`es},
  title =	 {Analyses factorielles simples et multiples},
  publisher =	 {Dunod},
  year =	 1988,
}

@book{Greenacre84,
  author =	 {M Greenacre},
  title =	 {Theory and Applications of Correspondence Analysis},
  publisher =	 {Academic Press},
  year =	 1984,
}

@book{Greenacre07,
  title =	 {Correspondence Analysis in Practice},
  author =	 {Greenacre, Michael},
  year =	 2007,
  publisher =	 {CRC Press}
}

@book{Husson10,
  author =	 {F Husson and S L\^e and J Pag\`es},
  title =	 {Exploratory Multivariate Analysis by Example Using
                  {R}},
  publisher =	 {Chapman \& Hall / CRC Press},
  year =	 2010
}

@article{Le08,
  author =	 {S L\^e and J Josse and F Husson},
  title =	 {{FactoMineR}: An {R} Package for Multivariate
                  Analysis},
  journal =	 {Journal of Statistical Software},
  year =	 2008,
  volume =	 25,
  number =	 1,
  pages =	 {1--18},
}

@book{Lebart98,
  author =	 {L Lebart and A Salem and L Berry},
  title =	 {Exploring Textual Data},
  publisher =	 {Kluwer},
  year =	 1998
}

@book{Murtagh05,
  author =	 {F Murtagh},
  title =	 {Correspondence Analysis and Data Coding with {Java}
                  and {R}},
  publisher =	 {Chapman \& Hall / CRC Press},
  year =	 2005
}

