@Manual{AdaptGauss,
  title = {AdaptGauss: Gaussian Mixture Models (GMM)},
  author = {Michael Thrun and Onno Hansen-Goos and Rabea Griese and Catharina Lippmann and Florian Lerch and Jorn Lotsch and Alfred Ultsch},
  year = {2017},
  note = {R package version 1.3.3},
  url = {https://CRAN.R-project.org/package=AdaptGauss},
}

@Manual{AdMit,
  title = {AdMit: Adaptive Mixture of Student-t Distributions},
  author = {David Ardia},
  year = {2017},
  note = {R package version 2.1.3},
  url = {https://CRAN.R-project.org/package=AdMit},
}

@Article{AmaDem,
  author = {A Amatya and H Demirtas},
  journal = {Journal of Statistical Computation and Simulation},
  number = {15},
  pages = {3129--3139},
  title = {Simultaneous Generation of Multivariate Mixed Data with {P}oisson and Normal Marginals},
  volume = {85},
  url = {https://doi.org/10.1080/00949655.2014.953534},
  year = {2015},
}

@Article{Baghban,
  title = {Application of Zero-Inflated {P}oisson Mixed Models in Prognostic Factors of {Hepatitis C}},
  author = {A A Baghban and A Pourhoseingholi and F Zayeri and A A Jafari and S M Alavian},
  journal = {BioMed Research International},
  year = {2013},
  url = {https://doi.org/10.1155/2013/403151},
}

@Article{Bahcall,
  title = {Complex Traits: Genetic Discovery, Heritability and Prediction},
  author = {O G Bahcall},
  journal = {Nature Reviews Genetics},
  year = {2015},
  volume = {16},
  number = {257},
  url = {https://doi.org/10.1038/nrg3947},
}

@Manual{Bgmm,
  title = {Bgmm: Gaussian Mixture Modeling Algorithms and the Belief-Based Mixture Modeling},
  author = {Przemyslaw Biecek and Ewa Szczurek},
  year = {2017},
  note = {R package version 1.8.3},
  url = {https://CRAN.R-project.org/package=bgmm},
}

@Article{Bhatt,
  author = {Madhuchhanda Bhattacharjee and Mangalathu S. Rajeevan and Mikko J. Sillanpää},
  title = {Prediction of Complex Human Diseases from Pathway-Focused Candidate Markers by Joint Estimation of Marker Effects: Case of Chronic Fatigue Syndrome},
  journal = {Human Genomics},
  year = {2015},
  volume = {9},
  number = {1},
  pages = {8},
  url = {https://doi.org/10.1186/s40246-015-0030-6},
}

@Manual{BhGLM,
  title = {BhGLM: Bayesian Hierarchical GLMs and Survival Models, with Application to Genetics and Epidemiology},
  author = {Nengjun Yi},
  year = {2017},
  note = {R package version 1.1.0},
  url = {http://www.ssg.uab.edu/bhglm/},
}

@Manual{Bimixt,
  title = {Bimixt: Estimates Mixture Models for Case-Control Data},
  author = {Michelle Winerip and Garrick Wallstrom and Joshua LaBaer},
  year = {2015},
  note = {R package version 1.0},
  url = {https://CRAN.R-project.org/package=bimixt},
}

@Manual{Bmixture,
  title = {Bmixture: Bayesian Estimation for Finite Mixture of Distributions},
  author = {Abdolreza Mohammadi},
  year = {2017},
  note = {R package version 0.5},
  url = {https://CRAN.R-project.org/package=bmixture},
}

@Article{Bouguila,
  author = {N Bouguila and D Ziou and E Monga},
  journal = {Statistics and Computing},
  pages = {215--225},
  title = {Practical {B}ayesian Estimation of a Finite Beta Mixture Through {G}ibbs Sampling and Its Applications},
  volume = {16},
  year = {2006},
  url = {https://doi.org/10.1007/s11222-006-8451-7},
}

@Manual{CAMAN,
  title = {CAMAN: Finite Mixture Models and Meta-Analysis Tools - Based on C.A.MAN},
  author = {Peter Schlattmann and Johannes Hoehne and Maryna Verba},
  year = {2016},
  note = {R package version 0.74},
  url = {https://CRAN.R-project.org/package=CAMAN},
}

@Manual{ClusterR,
  title = {ClusterR: Gaussian Mixture Models, K-Means, Mini-Batch-Kmeans and K-Medoids Clustering},
  author = {Lampros Mouselimis},
  year = {2017},
  note = {R package version 1.0.9},
  url = {https://CRAN.R-project.org/package=ClusterR},
}

@Article{Dai1,
  author = {Xiaofeng Dai and Timo Erkkilä and Olli Yli-Harja and Harri Lähdesmäki},
  title = {A Joint Finite Mixture Model for Clustering Genes from Independent {G}aussian and Beta Distributed Data},
  journal = {BMC Bioinformatics},
  year = {2009},
  volume = {10},
  number = {1},
  pages = {165},
  url = {https://doi.org/10.1186/1471-2105-10-165},
}

@Article{Dai2,
  author = {H Dai and R Charnigo},
  journal = {Biostatistics (Oxford, England)},
  number = {4},
  pages = {641--654},
  title = {Compound Hierarchical Correlated Beta Mixture With an Application to Cluster Mouse Transcription Factor {DNA} Binding Data},
  volume = {16},
  year = {2015},
  url = {http://doi.org/10.1093/biostatistics/kxv016},
}

@Article{Dave,
  author = {JW Davenport and JC Bezder and RJ Hathaway},
  shortauthor = {Davenport et al.},
  journal = {Computers \& Mathematics with Applications},
  number = {10},
  pages = {819--828},
  title = {Parameter Estimation for Finite Mixture Distributions},
  volume = {15},
  year = {1988},
}

@Article{DemHed,
  author = {H Demirtas and D Hedeker},
  journal = {The American Statistician},
  number = {2},
  pages = {104--109},
  title = {A Practical Way for Computing Approximate Lower and Upper Correlation Bounds},
  volume = {65},
  url = {https://doi.org/10.1198/tast.2011.10090},
  year = {2011},
}

@Article{Dem_Power,
  author = {H Demirtas and D Hedeker and R J Mermelstein},
  shortauthor = {Demirtas et al.},
  journal = {Statistics in Medicine},
  number = {27},
  pages = {3337--3346},
  title = {Simulation of Massive Public Health Data by Power Polynomials},
  volume = {31},
  year = {2012},
  url = {https://doi.org/10.1002/sim.5362},
}

@Manual{Distr,
  title = {Distr: Object Oriented Implementation of Distributions},
  author = {Matthias Kohl},
  year = {2017},
  note = {R package version 2.6.2},
  url = {https://CRAN.R-project.org/package=distr},
}

@Manual{DPP,
  title = {DPP: Inference of Parameters of Normal Distributions from a Mixture of Normals},
  author = {Luis M. Avila and Michael R. May and Jeff Ross-Ibarra},
  year = {2017},
  note = {R package version 0.1.1},
  url = {https://CRAN.R-project.org/package=DPP},
}

@Book{Elston,
  title = {Biostatistical Genetics and Genetic Epidemiology},
  author = {R C Elston and J M Olson and L Palmer},
  year = {2002},
  publisher = {John Wiley \& Sons},
  address = {Hoboken, New Jersey},
}

@Article{EmPied,
  author = {L J Emrich and M R Piedmonte},
  journal = {The American Statistician},
  pages = {302--304},
  title = {A Method for Generating High-Dimensional Multivariate Binary Variates},
  volume = {45},
  url = {https://doi.org/10.1080/00031305.1991.10475828},
  year = {1991},
}

@Article{Everitt,
  author = {B S Everitt},
  journal = {Statistical Methods in Medical Research},
  number = {2},
  pages = {107--127},
  title = {An Introduction to Finite Mixture Distributions},
  volume = {5},
  url = {https://doi.org/10.1177/096228029600500202},
  year = {1996},
}

@Article{FerrBarb_Ord,
  author = {P A Ferrari and A Barbiero},
  journal = {Multivariate Behavioral Research},
  number = {4},
  pages = {566--589},
  title = {Simulating Ordinal Data},
  volume = {47},
  url = {https://doi.org/10.1080/00273171.2012.692630},
  year = {2012},
}

@Article{FerrBarb_Pois,
  author = {A Barbiero and P A Ferrari},
  journal = {Applied Stochastic Models in Business and Industry},
  pages = {669--680},
  title = {Simulation of Correlated {P}oisson Variables},
  volume = {31},
  url = {https://doi.org/10.1002/asmb.2072},
  year = {2015},
}

@Article{Fisher,
  author = {R A Fisher},
  journal = {Proceedings of the London Mathematical Society Series 2},
  pages = {199--238},
  title = {Moments and Product Moments of Sampling Distributions},
  volume = {30},
  year = {1929},
}

@Article{Fleish,
  author = {A I Fleishman},
  journal = {Psychometrika},
  pages = {521--532},
  title = {A Method for Simulating Non-Normal Distributions},
  volume = {43},
  url = {https://doi.org/10.1007/BF02293811},
  year = {1978},
}

@Manual{Flexmix,
  title = {Flexmix: Flexible Mixture Modeling},
  author = {Bettina Gruen and Friedrich Leisch},
  year = {2017},
  note = {R package version 2.3-14},
  url = {https://CRAN.R-project.org/package=flexmix},
}

@Article{Frech,
  author = {M Fréchet},
  journal = {Revue de L'Institut International de Statistique / Review of the International Statistical Institute},
  pages = {23--40},
  title = {Les Tableaux De Corr\'{e}lation et Les Programmes Lin\'{e}aires},
  volume = {25},
  number = {1/3},
  url = {https://doi.org/10.2307/1401672},
  year = {1957},
}

@Article{Fridley,
  author = {B L Fridley and D Serie and G Jenkins and K White and W Bamlet and J D Potter and E L Goode},
  journal = {Genetic Epidemiology},
  pages = {418--426},
  title = {Bayesian Mixture Models for the Incorporation of Prior Knowledge to Inform Genetic Association Studies},
  volume = {34},
  number = {5},
  url = {https://doi.org/10.1002/gepi.20494},
  year = {2010},
}

@Article{Fu,
  url = {http://www.jstor.org/stable/41242556},
  author = {Rongwei Fu and Dipak K. Dey and Kent E. Holsinger},
  journal = {Biometrics},
  number = {3},
  pages = {1073-1082},
  title = {A Beta-Mixture Model for Assessing Genetic Population Structure},
  volume = {67},
  year = {2011},
}

@Manual{GenOrd,
  title = {GenOrd: Simulation of Discrete Random Variables with Given Correlation Matrix and Marginal Distributions},
  author = {Alessandro Barbiero and Pier Alda Ferrari},
  year = {2015},
  note = {R package version 1.4.0},
  url = {https://CRAN.R-project.org/package=GenOrd},
}

@Manual{Ggplot2,
  title = {Ggplot2: Create Elegant Data Visualisations Using the Grammar of Graphics},
  author = {Hadley Wickham and Winston Chang},
  year = {2016},
  note = {R package version 2.2.1},
  url = {https://CRAN.R-project.org/package=ggplot2},
}

@Article{Hall,
  author = {D B Hall},
  journal = {Biometrics},
  number = {4},
  pages = {1030--1039},
  title = {Zero-Inflated {P}oisson and Binomial Regression with Random Effects: A Case Study},
  volume = {56},
  url = {https://doi.org/10.1111/j.0006-341X.2000.01030.x},
  year = {2000},
}

@Article{Head2002,
  author = {T C Headrick},
  journal = {Computational Statistics \& Data Analysis},
  number = {4},
  pages = {685--711},
  title = {Fast Fifth-Order Polynomial Transforms for Generating Univariate and Multivariate Non-Normal Distributions},
  volume = {40},
  url = {https://doi.org/10.1016/S0167-9473(02)00072-5},
  year = {2002},
}

@Article{HeadKow,
  author = {T C Headrick and R K Kowalchuk},
  journal = {Journal of Statistical Computation and Simulation},
  pages = {229--249},
  title = {The Power Method Transformation: Its Probability Density Function, Distribution Function, and Its Further Use for Fitting Data},
  volume = {77},
  url = {https://doi.org/10.1080/10629360600605065},
  year = {2007},
}

@Article{HeadSaw1,
  author = {T C Headrick and S S Sawilowsky},
  journal = {Psychometrika},
  pages = {25--35},
  title = {Simulating Correlated Non-Normal Distributions: Extending the {F}leishman Power Method},
  volume = {64},
  url = {https://doi.org/10.1007/BF02294317},
  year = {1999},
}

@Article{Higham,
  author = {N Higham},
  journal = {IMA Journal of Numerical Analysis},
  pages = {329--343},
  title = {Computing the Nearest Correlation Matrix - A Problem from Finance},
  volume = {22},
  number = {3},
  url = {https://doi.org/10.1093/imanum/22.3.329},
  year = {2002},
}

@InCollection{Hoeff,
  title = {Scale-Invariant Correlation Theory},
  author = {W Hoeffding},
  year = {1994},
  booktitle = {The Collected Works of Wassily Hoeffding},
  series = {Springer Series in Statistics (Perspectives in Statistics)},
  editor = {N I Fisher and P K Sen},
  publisher = {Springer-Verlag},
  address = {New York},
  pages = {57--107},
  url = {https://doi.org/10.1007/978-1-4612-0865-5_4},
}

@Article{He,
  author = {H He and W Tang and W Wang and P Crits-Christoph},
  journal = {Shanghai Archives of Psychiatry},
  pages = {236--242},
  title = {Structural Zeroes and Zero-Inflated Models},
  volume = {26},
  number = {4},
  url = {https://doi.org/10.3969/j.issn.1002-0829.2014.04.008},
  year = {2014},
}

@Manual{Hurdlr,
  title = {Hurdlr: Zero-Inflated and Hurdle Modelling Using Bayesian Inference},
  author = {Earvin Balderama and Taylor Trippe},
  year = {2017},
  note = {R package version 0.1},
  url = {https://CRAN.R-project.org/package=hurdlr},
}

@Article{Ismail,
  author = {N Ismail and H Zamani},
  journal = {Casualty Actuarial Society E-Forum},
  pages = {1--28},
  title = {Estimation of Claim Count Data Using Negative Binomial, Generalized {P}oisson, Zero-Inflated Negative Binomial and Zero-Inflated Generalized {P}oisson Regression Models},
  volume = {41},
  number = {20},
  year = {2013},
}

@Article{Ji,
  author = {Y Ji and C Wu and P Liu and J Wang and K R Coombes},
  title = {Applications of Beta-Mixture Models in Bioinformatics},
  journal = {Bioinformatics},
  volume = {21},
  number = {9},
  pages = {2118-2122},
  year = {2005},
  url = {http://dx.doi.org/10.1093/bioinformatics/bti318},
}

@Book{KenStu,
  title = {The Advanced Theory of Statistics},
  author = {M Kendall and A Stuart},
  edition = {4th},
  year = {1977},
  publisher = {Macmillan},
  address = {New York},
}

@Article{Lambert,
  author = {D Lambert},
  journal = {Technometrics},
  pages = {1--14},
  title = {Zero-Inflated {P}oisson Regression, With an Application to Defects in Manufacturing},
  volume = {34},
  number = {1},
  year = {1992},
}

@Article{Larson,
  url = {http://www.jstor.org/stable/2347464},
  author = {Martin G. Larson and Gregg E. Dinse},
  journal = {Journal of the Royal Statistical Society. Series C (Applied Statistics)},
  number = {3},
  pages = {201-211},
  title = {A Mixture Model for the Regression Analysis of Competing Risks Data},
  volume = {34},
  year = {1985},
}

@Article{Lau1,
  author = {Bryan Lau and Stephen R. Cole and Stephen J. Gange},
  title = {Competing Risk Regression Models for Epidemiologic Data},
  journal = {American Journal of Epidemiology},
  volume = {170},
  number = {2},
  pages = {244-256},
  year = {2009},
  url = {http://dx.doi.org/10.1093/aje/kwp107},
}

@Article{Lau2,
  author = {Bryan Lau and Stephen R. Cole and Stephen J. Gange},
  title = {Parametric Mixture Models to Evaluate and Summarize Hazard Ratios in the Presence of Competing Risks with Time-Dependent Hazards and Delayed Entry},
  journal = {Statistics in Medicine},
  volume = {30},
  number = {6},
  pages = {654-665},
  year = {2011},
  url = {http://dx.doi.org/10.1002/sim.4123},
}

@Article{Laurila,
  author = {Kirsti Laurila and Bodil Oster and Claus L. Andersen and Philippe Lamy and Torben Orntoft and Olli Yli-Harja and Carsten Wiuf},
  title = {A Beta-Mixture Model for Dimensionality Reduction, Sample Classification and Analysis},
  journal = {BMC Bioinformatics},
  year = {2011},
  volume = {12},
  number = {1},
  pages = {215},
  url = {https://doi.org/10.1186/1471-2105-12-215},
}

@Article{Lewine,
  author = {R R J Lewine},
  title = {Sex Differences in Schizophrenia: Timing or Subtypes?},
  journal = {Psychological Bulletin},
  volume = {90},
  pages = {432-444},
  year = {1981},
}

@InCollection{Lorenz,
  author = {D L Solomon},
  publisher = {Springer-Verlag},
  pubstate = {New York},
  chapter = {2},
  title = {Using {RNA}-Seq Data to Detect Differentially Expressed Genes},
  booktitle = {Statistical Analysis of Next Generation Sequencing Data},
  editor = {S Datta and D Nettleton},
  year = {2014},
  pages = {25--49},
}

@Article{Ma,
  author = {Z Ma and A Leijon},
  journal = {IEEE Trans Pattern Anal Mach Intell},
  number = {11},
  pages = {2160--2173},
  title = {Bayesian Estimation of Beta Mixture Models with Variational Inference},
  volume = {33},
  url = {https://doi.org/10.1109/TPAMI.2011.63},
  year = {2011},
}

@Manual{Matrix,
  title = {Matrix: Sparse and Dense Matrix Classes and Methods},
  author = {Douglas Bates and Martin Maechler},
  year = {2017},
  note = {R package version 1.2-12},
  url = {https://CRAN.R-project.org/package=Matrix},
}

@Article{McLachlan,
  author = {G J McLachlan},
  journal = {Statistical Methods in Medical Research},
  pages = {27--48},
  title = {Cluster Analysis and Related Techniques in Medical Research},
  volume = {1},
  number = {1},
  year = {1992},
  url = {https://doi.org/10.1177/096228029200100103},
}

@Manual{Mclust,
  title = {Mclust: Gaussian Mixture Modelling for Model-Based Clustering, Classification, and Density Estimation},
  author = {Chris Fraley and Adrian E. Raftery and Luca Scrucca},
  year = {2017},
  note = {R package version 5.4},
  url = {https://CRAN.R-project.org/package=mclust},
}

@Manual{Mixdist,
  title = {Mixdist: Finite Mixture Distribution Models},
  author = {Peter MacDonald and {with contributions from Juan Du}},
  year = {2012},
  note = {R package version 0.5-4},
  url = {https://CRAN.R-project.org/package=mixdist},
}

@Manual{Mixpack,
  title = {Mixpack: Tools to Work with Mixture Components},
  author = {Marc Comas-Cufí and Josep Antoni Martín-Fernández and Glòria Mateu-Figueras},
  year = {2017},
  note = {R package version 0.3.6},
  url = {https://CRAN.R-project.org/package=mixpack},
}

@Manual{Mixtools,
  title = {Mixtools: Tools for Analyzing Finite Mixture Models},
  author = {Derek Young and Tatiana Benaglia and Didier Chauveau and David Hunter},
  year = {2017},
  note = {R package version 1.1.0},
  url = {https://CRAN.R-project.org/package=mixtools},
}

@Manual{Mixture,
  title = {Mixture: Mixture Models for Clustering and Classification},
  author = {Ryan P. Browne and Aisha ElSherbiny and Paul D. McNicholas},
  year = {2015},
  note = {R package version 1.4},
  url = {https://CRAN.R-project.org/package=mixture},
}

@Manual{MixtureInf,
  title = {MixtureInf: Inference for Finite Mixture Models},
  author = {Shaoting Li and Jiahua Chen and Pengfei Li},
  year = {2016},
  note = {R package version 1.1},
  url = {https://CRAN.R-project.org/package=MixtureInf},
}

@Manual{Mvtnorm1,
  title = {Mvtnorm: Multivariate Normal and t Distributions},
  author = {Alan Genz and Frank Bretz and Tetsuhisa Miwa and Xuefei Mi and Torsten Hothorn},
  year = {2017},
  note = {R package version 1.0-6},
  url = {https://CRAN.R-project.org/package=mvtnorm},
}

@Book{Mvtnorm2,
  title = {Computation of Multivariate Normal and t Probabilities},
  series = {Lecture Notes in Statistics},
  volume = {195},
  author = {Alan Genz and Frank Bretz},
  year = {2009},
  publisher = {Springer-Verlag},
  url = {https://doi.org/10.1007/978-3-642-01689-9},
  address = {Heidelberg},
}

@Article{Newcomer,
  author = {S R Newcomer and J F Steiner and E A Bayliss},
  journal = {The American Journal of Managed Care},
  number = {8},
  pages = {e324--32},
  title = {Identifying Subgroups of Complex Patients with Cluster Analysis},
  volume = {17},
  year = {2011},
}

@Manual{Nspmix,
  title = {Nspmix: Nonparametric and Semiparametric Mixture Estimation},
  author = {Yong Wang},
  year = {2017},
  note = {R package version 1.4-0},
  url = {https://CRAN.R-project.org/package=nspmix},
}

@Article{Pamulaparty,
  author = {L Pamulaparty and C V Guru Rao and M S Rao},
  journal = {Global Journal of Computer Science and Technology},
  number = {1},
  pages = {1--6},
  title = {Cluster Analysis of Medical Research Data Using {R}},
  volume = {16},
  year = {2016},
}

@Article{PolyCorr,
  author = {U Olsson and F Drasgow and N J Dorans},
  shortauthor = {Olsson et al.},
  journal = {Psychometrika},
  number = {3},
  pages = {337--347},
  title = {The Polyserial Correlation Coefficient},
  volume = {47},
  url = {https://doi.org/10.1007/BF02294164},
  year = {1982},
}

@Manual{Rebmix,
  title = {Rebmix: Finite Mixture Modeling, Clustering \& Classification},
  author = {Marko Nagode},
  year = {2017},
  note = {R package version 2.9.3},
  url = {https://CRAN.R-project.org/package=rebmix},
}

@Manual{Rmixmod,
  title = {Rmixmod: Supervised, Unsupervised, Semi-Supervised Classification with MIXture MODelling (Interface of MIXMOD Software)},
  author = {Florent Langrognet and Remi Lebret and Christian Poli and Serge Iovleff},
  year = {2016},
  note = {R package version 2.1.1},
  url = {https://CRAN.R-project.org/package=Rmixmod},
}

@Article{Schork,
  author = {N J Schork and D B Allison and B Thiel},
  journal = {Statistical Methods in Medical Research},
  pages = {155--178},
  title = {Mixture Distributions in Human Genetics Research},
  volume = {5},
  url = {https://doi.org/10.1177/096228029600500204},
  year = {1996},
}

@Article{Sham,
  author = {P. C. Sham and C. J. MacLean and K. S. Kendler},
  title = {A Typological Model of Schizophrenia Based on Age at Onset, Sex and Familial Morbidity},
  journal = {Acta Psychiatrica Scandinavica},
  volume = {89},
  number = {2},
  url = {http://dx.doi.org/10.1111/j.1600-0447.1994.tb01501.x},
  pages = {135--141},
  year = {1994},
}

@Article{SMCD2,
  author = {A C Fialkowski and H K Tiwari},
  title = {{SimMultiCorrData}: An {R} Package for Simulation of Correlated Non-Normal or Normal, Binary, Ordinal, Poisson, and Negative Binomial Variables},
  year = {2017},
  journal = {Manuscript submitted for publication},
}

@Manual{SMCD1,
  title = {SimMultiCorrData: Simulation of Correlated Data with Multiple Variable Types},
  author = {Allison Cynthia Fialkowski},
  year = {2017},
  note = {R package version 0.2.1},
  url = {https://CRAN.R-project.org/package=SimMultiCorrData},
}

@Article{Soneson,
  author = {C Soneson and M Delorenzi},
  journal = {BMC Bioinformatics},
  pages = {91},
  title = {A Comparison of Methods for Differential Expression Analysis of {RNA}-Seq Data},
  volume = {14},
  url = {https://doi.org/10.1186/1471-2105-14-91},
  year = {2013},
}

@Manual{Stats,
  title = {R: A Language and Environment for Statistical Computing},
  author = {{R Core Team}},
  organization = {R Foundation for Statistical Computing},
  address = {Vienna, Austria},
  year = {2017},
  url = {https://www.R-project.org/},
}

@Article{Teschendorff,
  author = {A E Teschendorff and F Marabita and M Lechner and T Bartlett and J Tegner and D Gomez-Cabrero and S Beck},
  journal = {Bioinformatics},
  title = {A Beta-Mixture Quantile Normalization Method for Correcting Probe Design Bias in {Illumina Infinium 450 k DNA} Methylation Data},
  year = {2013},
  volume = {29},
  url = {https://doi.org/10.1093/bioinformatics/bts680},
  pages = {189--196},
  number = {2},
}

@Article{Vaughan,
  author = {L K Vaughan and J Divers and M Padilla and D T Redden and H K Tiwari and D Pomp and D B Allison},
  shortauthor = {Vaughan et al.},
  journal = {Computational Statistics \& Data Analysis},
  number = {5},
  pages = {1755--1766},
  title = {The Use of Plasmodes as a Supplement to Simulations: A Simple Example Evaluating Individual Admixture Estimation Methodologies},
  volume = {53},
  url = {https://doi.org/10.1016/j.csda.2008.02.032},
  year = {2009},
}

@Manual{VGAM,
  title = {VGAM: Vector Generalized Linear and Additive Models},
  author = {Thomas W. Yee},
  year = {2017},
  note = {R package version 1.0-4},
  url = {https://CRAN.R-project.org/package=VGAM},
}

@Article{Welham,
  author = {J. Welham and G. Mclachlan and G. Davies and J. McGrath},
  title = {Heterogeneity in Schizophrenia; Mixture Modelling of Age-at-First-Admission, Gender and Diagnosis},
  journal = {Acta Psychiatrica Scandinavica},
  volume = {101},
  number = {4},
  url = {http://dx.doi.org/10.1034/j.1600-0447.2000.101004312.x},
  pages = {312--317},
  year = {2000},
}

@Article{YahShm,
  author = {I Yahav and G Shmueli},
  journal = {Applied Stochastic Models in Business and Industry},
  number = {1},
  pages = {91--102},
  title = {On Generating Multivariate {P}oisson Data in Management Science Applications},
  volume = {28},
  url = {https://doi.org/10.1002/asmb.901},
  year = {2012},
}

@Article{Zhang,
  author = {X Zhang and H Mallick and N Yi},
  journal = {Journal of Bioinformatics and Genomics},
  number = {2},
  pages = {1--9},
  title = {Zero-Inflated Negative Binomial Regression for Differential Abundance Testing in Microbiome Studies},
  volume = {2},
  url = {https://doi.org/10.18454/jbg.2016.2.2.1},
  year = {2016},
}

@Article{Zhou,
  author = {Y Zhou and X Wan and B Zhang and T Tong},
  journal = {Bioinformatics},
  pages = {btx768},
  title = {Classifying Next-Generation Sequencing Data Using a Zero-Inflated Poisson Model},
  url = {https://doi.org/10.1093/bioinformatics/btx768},
  year = {2017},
}

@Manual{Zic,
  title = {Zic: Bayesian Inference for Zero-Inflated Count Models},
  author = {Markus Jochmann},
  year = {2017},
  note = {R package version 0.9.1},
  url = {https://CRAN.R-project.org/package=zic},
}
