

@Unpublished{GSoC-statistics,
  author = {{Google Summer of Code}},
  title = {{ProgramStatistics: Program Information for Past Years}},
  note = {\url{http://code.google.com/p/google-summer-of-code/wiki/ProgramStatistics?ts=1315502962&updated=ProgramStatistics}},
  month = {11},
  year = {2011}
}



