@Proceedings{.2000,
  year = {2000},
  title = {GeoComputation}
}

@Article{Iturritxa.2015,
  author = {E. Iturritxa and N. Mesanza and A. Brenning},
  year = {2015},
  title = {Spatial Analysis of the Risk of Major Forest Diseases in {Monterey} Pine Plantations},
  pages = {880--889},
  volume = {64},
  number = {4},
  journal = {Plant Pathology},
  url = {https://doi.org/10.1111/ppa.12328}
}

@Article{JonesWebb.2008,
  author = {Rhonda Jones-Webb and Melanie Wall},
  year = {2008},
  title = {Neighborhood Racial/Ethnic Concentration, Social Disadvantage, and Homicide Risk: An Ecological Analysis of 10 US Cities},
  keywords = {African-American;Asian;Hispanic;homicide;racial/ethnic concentration;social disadvantage},
  pages = {662--676},
  volume = {85},
  number = {5},
  journal = {Journal of Urban Health},
  url = {https://doi.org/10.1007/s11524-008-9302-y}
}

@Article{Kuhn.2009,
  author = {Jürgen Kühn and Alexander Brenning and Marc Wehrhan and Sylvia Koszinski and Michael Sommer},
  year = {2009},
  title = {Interpretation of Electrical Conductivity Patterns by Soil Properties and Geological Maps for Precision Agriculture},
  pages = {490--507},
  volume = {10},
  number = {6},
  journal = {Precision Agriculture},
  url = {https://doi.org/10.1007/s11119-008-9103-z}
}

@Book{Longley.2011,
  author = {Paul Longley and Mike Goodchild and D. J. Maguire and D. W. Rhind},
  year = {2011},
  title = {Geographic Information Systems and Science},
  address = {Hoboken, N.J},
  edition = {3rd ed.},
  publisher = {{John Wiley {\&} Sons}},
  isbn = {0470721448}
}

@Article{McBratney.2000,
  author = {A. B. McBratney and I. O.A. Odeh and T. F.A. Bishop and M. S. Dunbar and T. M. Shatar},
  year = {2000},
  title = {An Overview of Pedometric Techniques for Use in Soil Survey},
  pages = {293--327},
  volume = {97},
  number = {3-4},
  journal = {Geoderma},
  url = {https://doi.org/10.1016/S0016-7061(00)00043-4}
}

@Article{Mergili.2015,
  author = {M. Mergili and J. Krenn and H-J Chu},
  year = {2015},
  title = {r.randomwalk v1, a Multi-Functional Conceptual Tool for Mass Movement Routing},
  pages = {4027--4043},
  volume = {8},
  number = {12},
  journal = {Geoscientific Model Development},
  url = {https://doi.org/10.5194/gmd-8-4027-2015}
}

@Article{Mergili.2015b,
  author = {Martin Mergili and Hanns Kerschner},
  year = {2015},
  title = {Gridded Precipitation Mapping in Mountainous Terrain Combining {GRASS} and {R}},
  keywords = {Alps;Climate data;ELEVATION;equilibrium  line altitude (ELA);EQUILIBRIUM-LINE ALTITUDES;HIGH-RESOLUTION;METEOROLOGICAL DATA;open source GIS;precipitation;RAINFALL;SOUTHERN NORWAY;spatial interpolation;TEMPERATURE},
  pages = {2--17},
  volume = {69},
  number = {1},
  journal = {Norsk Geografisk Tidsskrift-Norwegian Journal of Geography},
  url = {https://doi.org/10.1080/00291951.2014.992807}
}

@Article{Montgomery.1994,
  author = {D. R. Montgomery and W. E. Dietrich},
  year = {1994},
  title = {A Physically Based Model for the Topographic Control on Shallow Landsliding},
  pages = {1153--1171},
  volume = {30},
  number = {4},
  journal = {Water Resources Research},
  url = {https://doi.org/10.1029/93WR02979}
}

@Article{MorenoFernandez.2015,
  author = {Daniel Moreno-Fernández and Isabel Cañellas and Ignacio Barbeito and Mariola Sánchez-González and Alicia Ledo},
  year = {2015},
  title = {Alternative Approaches to Assessing the Natural Regeneration of {Scots} Pine in a Mediterranean Forest},
  keywords = {CHAID;Generalized linear mixed models;Negative binomial;NMDS;PCA;Random forests},
  pages = {569--583},
  volume = {72},
  number = {5},
  journal = {Annals of Forest Science},
  url = {https://doi.org/10.1007/s13595-015-0479-4}
}

@Article{Muenchow.2013,
  author = {Jannes Muenchow and Achim Bräuning and Eric {Frank Rodríguez} and Henrik {von Wehrden}},
  year = {2013},
  title = {Predictive Mapping of Species Richness and Plant Species' Distributions of a {Peruvian} Fog Oasis Along an Altitudinal Gradient},
  keywords = {biodiversity conservation;climatic gradient;El Nino Southern Oscillation (ENSO);La Nina;lomas;species distribution models;species richness model;tropical plant diversity},
  pages = {557--566},
  volume = {45},
  number = {5},
  journal = {Biotropica},
  url = {https://doi.org/10.1111/btp.12049}
}

@Article{Muenchow.2012,
  author = {Jannes Muenchow and Alexander Brenning and Michael Richter},
  year = {2012},
  title = {Geomorphic Process Rates of Landslides Along a Humidity Gradient in the Tropical {Andes}},
  keywords = {Denudation rate;Generalized additive model;Geomorphic work;Mass movements},
  pages = {271--284},
  volume = {139},
  journal = {Geomorphology},
  url = {https://doi.org/10.1016/j.geomorph.2011.10.029}
}

@Article{Muenchow.2017,
  author = {Jannes Muenchow and Petra Dieker and Jürgen Kluge and Michael Kessler and Henrik {von Wehrden}},
  year = {2017},
  title = {A review of ecological gradient research in the {Tropics}: identifying research gaps, future directions, and conservation priorities},
  journal = {Biodiversity and Conservation},
  url = {https://doi.org/10.1007/s10531-017-1465-y}
}

@Article{Muenchow.2013b,
  author = {Jannes Muenchow and Hannes Feilhauer and Achim Bräuning and Eric F. Rodr\'iguez and Fabian Bayer and Rodolfo A. Rodr\'iguez and Henrik {von Wehrden}},
  year = {2013},
  title = {Coupling ordination techniques and {GAM} to spatially predict vegetation assemblages along a climatic gradient in an {ENSO-affected} region of extremely high climate variability},
  keywords = {edaphic gradient;Multivariate statistics;Precipitation gradient;Species distribution;Tropical dry forest;Vegetation unit distribution},
  pages = {1154--1166},
  volume = {24},
  number = {6},
  journal = {Journal of Vegetation Science},
  url = {https://doi.org/10.1111/jvs.12038}
}

@Article{Muenchow.2013c,
  author = {Jannes Muenchow and Simon Hauenstein and Achim Bräuning and Rupert Bäumler and Eric Frank Rodr\'iguez and Henrik {von Wehrden}},
  year = {2013},
  title = {Soil Texture and Altitude, Respectively, Largely Determine the Floristic Gradient of the Most Diverse Fog Oasis in the {Peruvian} Desert},
  keywords = {altitudinal zonation;diversity gradient;dry tropics;edaphic gradient;ENSO;floristic modelling;La Nina;South America;spatial analysis;species richness},
  pages = {427--438},
  volume = {29},
  journal = {Journal of Tropical Ecology},
  url = {https://doi.org/10.1017/S0266467413000436}
}

@Book{Neteler.2008,
  author = {Markus Neteler and Helena Mitasova},
  year = {2008},
  title = {Open Source GIS: A GRASS GIS Approach},
  address = {New York},
  publisher = {Springer-Verlag}
}

@Article{Peters.2014,
  author = {Thorsten Peters and Achim Bräuning and Jannes Muenchow and Michael Richter},
  year = {2014},
  title = {An Ecological Paradox: High Species Diversity and Low Position of the Upper Forest Line in the {Andean} Depression},
  pages = {2134--2145},
  volume = {4},
  number = {11},
  journal = {Ecology and Evolution},
  url = {https://doi.org/10.1002/ece3.1078}
}

@InCollection{Pike.2008,
  author = {R. J. Pike and I. S. Evans and T. Hengl},
  title = {Geomorphometry: A Brief Guide},
  pages = {1--28},
  publisher = {Elsevier},
  isbn = {0123743451},
  series = {Developments in soil science},
  editor = {Tomislav Hengl and Hannes I. Reuter},
  booktitle = {Geomorphometry},
  year = {2008},
  address = {Amsterdam and Oxford}
}

@Article{Poggio.2015,
  author = {Laura Poggio and Alessandro Gimona},
  year = {2015},
  title = {Downscaling and Correction of Regional Climate Models Outputs with a Hybrid Geostatistical Approach},
  keywords = {Area-to-point interpolation;BIAS CORRECTION;Climate data;Disaggregation;EXAMPLE;IMPACTS;Pycnophylactic;Random forests;SCOTLAND;SIMULATIONS;SOIL;Soil water regime;VARIABLES;Variogram deconvolution},
  pages = {4--21},
  volume = {14},
  journal = {Spatial Statistics},
  url = {https://doi.org/10.1016/j.spasta.2015.04.006}
}

@Article{Pomara.2012,
  author = {Lars Y. Pomara and Kalle Ruokolainen and Hanna Tuomisto and Kenneth R. Young},
  year = {2012},
  title = {Avian Composition Co--varies with Floristic Composition and Soil Nutrient Concentration in {Amazonian} Upland Forests},
  pages = {545--553},
  volume = {44},
  number = {4},
  journal = {Biotropica},
  url = {https://doi.org/10.1111/j.1744-7429.2011.00851.x}
}

@Misc{Ripley.2016,
  author = {Brian Ripley and Douglas Bates and Saikat DebRoy},
  year = {2016},
  title = {R Data Import/Export},
  url = {https://cran.r-project.org/doc/manuals/r-release/R-data.html}
}

@Article{Rocchini.2013,
  author = {Duccio Rocchini and Luca Delucchi and Giovanni Bacaro and Paolo Cavallini and Hannes Feilhauer and Giles M. Foody and Kate S. He and Harini Nagendra and Claudio Porta and Carlo Ricotta and Sebastian Schmidtlein and Lucio Davide Spano and Martin Wegmann and Markus Neteler},
  year = {2013},
  title = {Calculating Landscape Diversity with Information-Theory Based Indices: A {GRASS GIS} Solution},
  keywords = {Biodiversity;Diversity metrics;GRASS GIS;landscape ecology;r.diversity;Spectral variability},
  pages = {82--93},
  volume = {17},
  journal = {Ecological Informatics},
  url = {https://doi.org/10.1016/j.ecoinf.2012.04.002}
}

@Book{Sherman.2014,
  author = {Gary Sherman},
  year = {2014},
  title = {The PyQGIS programmer's guide: Extending QGIS 2.x with Python},
  price = {(pbk.)},
  keywords = {Geoinformationssystem;Python},
  address = {Chugiak Alas.},
  publisher = {{Locate Press}},
  isbn = {978-0-9894217-2-0}
}

@Article{Vanselow.2014,
  author = {Kim Andre Vanselow and Cyrus Samimi},
  year = {2014},
  title = {Predictive Mapping of Dwarf Shrub Vegetation in an Arid High Mountain Ecosystem Using Remote Sensing and Random Forests},
  keywords = {Central Asia;common pool resources;degradation;desertification;firewood;modeling;Pamir;post-Soviet transformation;rangeland ecology;Tajikistan},
  pages = {6709--6726},
  volume = {6},
  number = {7},
  journal = {Remote Sensing},
  url = {https://doi.org/10.3390/rs6076709}
}

@Book{Wilson.2000,
  year = {2000},
  title = {Terrain Analysis: Principles and applications},
  url = {http://www.loc.gov/catdir/bios/wiley047/99089635.html},
  price = {{\pounds}58.50 : Formerly CIP},
  address = {New York and Chichester},
  publisher = {{John Wiley {\&} Sons}},
  isbn = {978-0-471-32188-0},
  editor = {John P. Wilson and John C. Gallant}
}

@Article{Zandler.2015,
  author = {H. Zandler and A. Brenning and C. Samimi},
  year = {2015},
  title = {Quantifying Dwarf Shrub Biomass in an Arid Environment: Comparing Empirical Methods in a High Dimensional Setting},
  keywords = {Arid Environment;Biomass;Empirical modeling;Landsat OLI;Multispectral remote sensing;RapidEye},
  pages = {140--155},
  volume = {158},
  journal = {Remote Sensing of Environment},
  url = {https://doi.org/10.1016/j.rse.2014.11.007}
}

@InProceedings{Inglada.2009,
  author = {Jordi Inglada and Emmanuel Christophe},
  title = {The {Orfeo Toolbox} remote sensing image processing software},
  pages = {IV--733},
  volume = {4},
  booktitle = {Geoscience and Remote Sensing Symposium, 2009 IEEE International, IGARSS 2009},
  year = {2009}
}

@Proceedings{IEEE.2009,
  year = {2009},
  title = {Geoscience and Remote Sensing Symposium, 2009 IEEE International, IGARSS 2009},
  institution = {IEEE}
}

@Article{Hengl.2015,
  author = {Tomislav Hengl and Pierre Roudier and Dylan Beaudette and Edzer Pebesma},
  year = {2015},
  title = {{plotKML}: Scientific Visualization of Spatio-Temporal Data},
  volume = {63},
  number = {5},
  journal = {Journal of Statistical Software},
  url = {https://doi.org/10.18637/jss.v063.i05}
}

@Book{Hengl.2008,
  year = {2008},
  title = {Geomorphometry: Concepts, Software, Applications},
  keywords = {Digital soil mapping;geomorphology;Image processing;Soil science},
  address = {Amsterdam and Oxford},
  edition = {1st ed.},
  volume = {v. 33},
  publisher = {Elsevier},
  isbn = {0123743451},
  series = {Developments in soil science},
  editor = {Tomislav Hengl and Hannes I. Reuter}
}

@Proceedings{.2012,
  year = {2012},
  title = {IEEE International Symposium on Geoscience and Remote Sensing IGARSS}
}

@Article{Bivand.2007,
  author = {R. Bivand},
  year = {2007},
  title = {Using the {R--GRASS} Interface},
  url = {http://fdo.osgeo.org/files/journal/final_pdfs/OSGeo_vol1_GRASS-R.pdf},
  pages = {36--38},
  volume = {1},
  journal = {OSGeo Journal}
}

@InProceedings{Bivand.2000,
  author = {R. Bivand and M. Neteler},
  title = {Open Source Geocomputation: Using the {R} Data Analysis Language Integrated with {GRASS GIS} and {PostgreSQL} Data Base Systems},
  url = {http://www.geocomputation.org/2000/GC009/Gc009.htm},
  booktitle = {GeoComputation},
  year = {2000}
}

@Book{Bivand.2013,
  author = {R. Bivand and E. Pebesma and V. Gómez-Rubio},
  year = {2013},
  title = {Applied Spatial Data Analysis with R},
  url = {https://doi.org/10.1007/978-1-4614-7618-4},
  keywords = {Cartography;Datenanalyse;Medizin / Gesundheit {\#} Grundlagen / Nachschlagewerke;R;Raumdaten;Statistics;Technik / Wissen {\#} Geographie;Technik / Wissen {\#} Sonstiges;Technik / Wissen {\#} Statistik},
  address = {New York},
  edition = {2nd},
  volume = {10},
  publisher = {Springer},
  isbn = {9781461476177},
  series = {Use R!}
}

@Article{Brenning.2005,
  author = {A. Brenning},
  year = {2005},
  title = {Spatial Prediction Models for Landslide Hazards: Review, Comparison and Evaluation},
  pages = {853--862},
  volume = {5},
  number = {6},
  journal = {Natural Hazards and Earth System Sciences},
  url = {https://doi.org/10.5194/nhess-5-853-2005}
}

@Article{Brenning.2015,
  author = {A. Brenning and M. Schwinn and A. P. Ruiz-Páez and J. Muenchow},
  year = {2015},
  title = {Landslide Susceptibility Near Highways is Increased by 1 Order of Magnitude in the {Andes} of {Southern Ecuador, Loja Province}},
  pages = {45--57},
  volume = {15},
  number = {1},
  journal = {Natural Hazards and Earth System Sciences},
  url = {https://doi.org/10.5194/nhess-15-45-2015}
}

@Article{Brenning.2008,
  author = {Alexander Brenning},
  year = {2008},
  title = {Statistical Geocomputing Combining {R} and {SAGA}: The Example of Landslide Susceptibility Analysis with Generalized Additive Models},
  pages = {23--32},
  volume = {19},
  journal = {Hamburger Beitr{\"a}ge zur Physischen Geographie und Landschafts{\"o}kologie}
}

@InProceedings{Brenning.2012,
  author = {Alexander Brenning},
  title = {Spatial Cross-Validation and Bootstrap for the Assessment of Prediction Rules in Remote Sensing: The {R} Package sperrorest},
  booktitle = {IEEE International Symposium on Geoscience and Remote Sensing IGARSS},
  year = {2012},
  url = {https://doi.org/10.1109/IGARSS.2012.6352393}
}

@Article{Brenning.2008b,
  author = {Alexander Brenning and Sylvia Koszinski and Michael Sommer},
  year = {2008},
  title = {Geostatistical Homogenization of Soil Conductivity Across Field Boundaries},
  keywords = {electromagnetic induction;EM38;Kriging;precision agriculture;soil electrical conductivity;spatial interpolation},
  pages = {254--260},
  volume = {143},
  number = {3-4},
  journal = {Geoderma},
  url = {https://doi.org/10.1016/j.geoderma.2007.11.007}
}

@Article{Brenning.2012b,
  author = {Alexander Brenning and Shilei Long and Paul Fieguth},
  year = {2012},
  title = {Detecting Rock Glacier Flow Structures Using Gabor Filters and {IKONOS} Imagery},
  keywords = {Debris-covered glacier;Flow patterns;Gabor filter;Multispectral remote sensing;Rock glacier;Terrain analysis;Texture filters},
  pages = {227--237},
  volume = {125},
  journal = {Remote Sensing of Environment},
  url = {https://doi.org/10.1016/j.rse.2012.07.005}
}

@Article{Brown.2016,
  author = {Patrick E. Brown},
  year = {2016},
  title = {Maps, Coordinate Reference Systems and Visualising Geographic Data with mapmisc},
  url = {https://journal.r-project.org/archive/2016/RJ-2016-005/RJ-2016-005.pdf},
  pages = {64--91},
  volume = {8},
  number = {1},
  journal = {The R Journal}
}

@Book{Chambers.2016,
  author = {John M. Chambers},
  year = {2016},
  title = {Extending {R}},
  address = {Boca Raton, Florida},
  publisher = {{Chapman {\&} Hall CRC}},
  isbn = {9781498775717},
  series = {The R Series}
}

@Book{Zuur.2017,
  author = {Alain F. Zuur and Elena N. Ieno},
  year = {2017},
  title = {A Beginner's Guide to Regression Models with Spatial and Temporal Correlation},
  address = {Newburgh, UK},
  publisher = {{Highland Statistics Ltd.}}
}

@Article{Chien.2016,
  author = {Lung-Chang Chien and Yuming Guo and Kai Zhang},
  year = {2016},
  title = {Spatiotemporal Analysis of Heat and Heat Wave Effects on Elderly Mortality in {Texas}, 2006-2011},
  keywords = {Distributed lagged nonlinear model;Heat index;Mortality;Spatial heterogeneity},
  pages = {845--851},
  volume = {562},
  journal = {Science of the Total Environment},
  url = {https://doi.org/10.1016/j.scitotenv.2016.04.042}
}

@Article{Conrad.2015,
  author = {O. Conrad and Benjamin Bechtel and M. Bock and H. Dietrich and E. Fischer and Lars Gerlitz and J. Wehberg and V. Wichmann and Jürgen Böhner},
  year = {2015},
  title = {{System for Automated Geoscientific Analyses (SAGA) v. 2.1.4}},
  pages = {1991--2007},
  volume = {8},
  number = {7},
  journal = {Geoscientific Model Development},
  url = {https://doi.org/10.5194/gmd-8-1991-2015}
}

@InCollection{Dillon.2003,
  author = {M. O. Dillon and M. Nakazawa and S. G. Leiva},
  title = {The Lomas Formations of Coastal {Peru}: Composition and Biogeographic History},
  pages = {1--9},
  volume = {10},
  publisher = {{Field Museum of Natural History}},
  series = {Botany},
  editor = {J. Haas and M. O. Dillon},
  booktitle = {El Ni{\~n}o in Peru: Biology and Culture over 10,000 Years},
  year = {2003},
  address = {Chigaco}
}

@Article{Dormann.2007,
  author = {Carsten F. Dormann and Jana M. McPherson and Miguel B. Araújo and Roger Bivand and Janine Bolliger and Gudrun Carl and Richard G. Davies and Alexandre Hirzel and Walter Jetz and W. D. Kissling and I. Kühn and R. Ohlemüller and P. R. Peres-Neto and B. Reineking and B. Schröder and F. M. Schurr and R. Wilson},
  year = {2007},
  title = {Methods to Account for Spatial Autocorrelation in the Analysis of Species Distributional Data: A Review},
  pages = {609--628},
  volume = {30},
  number = {5},
  journal = {Ecography},
  url = {https://doi.org/10.1111/j.2007.0906-7590.05171.x}
}

@Article{Eugster.2013,
  author = {Manuel J. A. Eugster and Thomas Schlesinger},
  year = {2013},
  title = {osmar: {OpenStreetMap and R}},
  url = {https://journal.r-project.org/archive/2013-1/eugster-schlesinger.pdf},
  pages = {53--63},
  volume = {5},
  number = {1},
  journal = {R Journal}
}

@Article{Fernandez.2012,
  author = {Miguel A. Luque Fernandez and Michael Schomaker and Peter R. Mason and Jean F. Fesselet and Yves Baudot and Andrew Boulle and Peter Maes},
  year = {2012},
  title = {Elevation and Cholera: An Epidemiological Spatial Analysis of the Cholera Epidemic in {Harare, Zimbabwe}, 2008-2009},
  volume = {12},
  journal = {BMC Public Health},
  url = {https://doi.org/10.1186/1471-2458-12-442}
}

@InCollection{Franklin.2000,
  author = {J. Franklin and P. McCullough and C. Gray},
  title = {Terrain Variables Used for Predictive Mapping of Vegetation Communities in {Southern California}},
  pages = {331--353},
  publisher = {{John Wiley {\&} Sons}},
  isbn = {978-0-471-32188-0},
  editor = {John P. Wilson and John C. Gallant},
  booktitle = {Terrain Analysis},
  year = {2000},
  address = {New York and Chichester}
}

@Article{Goetz.2011,
  author = {Jason N. Goetz and Richard H. Guthrie and Alexander Brenning},
  year = {2011},
  title = {Integrating Physical and Empirical Landslide Susceptibility Models Using Generalized Additive Models},
  keywords = {Digital terrain analysis;Factor of Safety;Generalized additive model;Landslide susceptibility modeling;logistic regression;SHALSTAB},
  pages = {376--386},
  volume = {129},
  number = {3-4},
  journal = {Geomorphology},
  url = {https://doi.org/10.1016/j.geomorph.2011.03.001}
}

@Article{GomezRubio.2005,
  author = {V. Gómez-Rubio and A. López-Qu\'ilez},
  year = {2005},
  title = {{RArcInfo}: Using {GIS} Data with {R}},
  keywords = {Arc/Info binary coverages;E00 files;Geographic Information Systems;R statistical programming language;spatial data analysis},
  pages = {1000--1006},
  volume = {31},
  number = {8},
  journal = {Computers {\&} Geosciences},
  url = {https://doi.org/10.1016/j.cageo.2005.02.009}
}

@Article{Graser.2015,
  author = {Anita Graser and Victor Olaya},
  year = {2015},
  title = {Processing: A {Python} Framework for the Seamless Integration of Geoprocessing Tools in {QGIS}},
  pages = {2219--2245},
  volume = {4},
  number = {4},
  journal = {ISPRS International Journal of Geo-Information},
  url = {https://doi.org/10.3390/ijgi4042219}
}

@Article{Grohmann.2004,
  author = {C. H. Grohmann},
  year = {2004},
  title = {Morphometric Analysis in {Geographic Information Systems}: Applications of Free Software {GRASS and R}},
  keywords = {Geographic Information Systems;GRASS-GIS;morphometric analysis;neotectonics;open-source software},
  pages = {1055--1067},
  volume = {30},
  number = {9-10},
  journal = {Computers {\&} Geosciences},
  url = {https://doi.org/10.1016/j.cageo.2004.08.002}
}

@Book{Haas.2003,
  year = {2003},
  title = {El Ni{\~n}o in Peru: Biology and Culture over 10,000 Years},
  address = {Chigaco},
  publisher = {{Field Museum of Natural History}},
  series = {Botany},
  editor = {J. Haas and M. O. Dillon}
}

@Article{Hengl.2010,
  author = {T. Hengl and G. B. M. Heuvelink and E. E. {van Loon}},
  year = {2010},
  title = {On the Uncertainty of Stream Networks Derived From Elevation Data: The Error Propagation Approach},
  keywords = {GEOSTATISTICS;MODELS},
  pages = {1153--1165},
  volume = {14},
  number = {7},
  journal = {Hydrology and Earth System Sciences},
  url = {https://doi.org/10.5194/hess-14-1153-2010}
}

@Article{Comber.2016,
  author = {Alexis Comber and Heiko Balzter and Beth Cole and Peter Fisher and Sarah C. M. Johnson and Booker Ogutu},
  year = {2016},
  title = {Methods to Quantify Regional differences in Land Cover Change},
  keywords = {land cover change;land use change;remote sensing accuracy;statistical analysis;visualization},
  volume = {8},
  number = {3},
  journal = {Remote Sensing},
  url = {https://doi.org/10.3390/rs8030176}
}

@Book{Zuur.2009,
  author = {Alain F. Zuur and Elena N. Ieno and Neil Walker and Anatoly A. Saveliev and Graham M. Smith},
  year = {2009},
  title = {Mixed Effects Models and Extensions in Ecology with R},
  address = {New York},
  publisher = {Springer-Verlag},
  isbn = {978-0-387-87457-9},
  series = {Statistics for Biology and Health}
}

@Manual{dodgr,
  title = {dodgr: Distances on Directed Graphs},
  author = {Mark Padgham and Andreas Peutschnig},
  year = {2017},
  note = {R package version 0.0.3},
  url = {https://CRAN.R-project.org/package=dodgr}
}

@Manual{gam,
  title = {gam: Generalized Additive Models},
  author = {Trevor Hastie},
  year = {2017},
  note = {R package version 1.14-4},
  url = {https://CRAN.R-project.org/package=gam}
}

@Manual{leaflet,
  title = {leaflet: Create Interactive Web Maps with the JavaScript 'Leaflet'
Library},
  author = {Joe Cheng and Bhaskar Karambelkar and Yihui Xie},
  year = {2017},
  note = {R package version 1.1.0},
  url = {https://CRAN.R-project.org/package=leaflet}
}

@Manual{mapedit,
  title = {mapedit: Interactive Editing of Spatial Data in R},
  author = {Tim Appelhans and Kenton Russell},
  year = {2017},
  note = {R package version 0.3.2},
  url = {https://CRAN.R-project.org/package=mapedit}
}

@Manual{maptools,
  title = {maptools: Tools for Reading and Handling Spatial Objects},
  author = {Roger Bivand and Nicholas Lewin-Koh},
  year = {2017},
  note = {R package version 0.9-2},
  url = {https://CRAN.R-project.org/package=maptools}
}

@Manual{mapview,
  title = {mapview: Interactive Viewing of Spatial Data in R},
  author = {Tim Appelhans and Florian Detsch and Christoph Reudenbach and Stefan Woellauer},
  year = {2017},
  note = {R package version 2.2.0},
  url = {https://CRAN.R-project.org/package=mapview}
}

@Manual{mgcv-2017-80,
  title = {mgcv: Mixed GAM Computation Vehicle with Automatic Smoothness
Estimation},
  author = {Simon Wood},
  year = {2017},
  note = {R package version 1.8-20},
  url = {https://doi.org/10.1111/j.1467-9868.2010.00749.x}
}

@Manual{nlme,
  title = {nlme: Linear and Nonlinear Mixed Effects Models},
  author = {José Pinheiro and Douglas Bates and {R-core}},
  year = {2017},
  note = {R package version 3.1-131},
  url = {https://CRAN.R-project.org/package=nlme}
}

@Manual{raster,
  title = {raster: Geographic Data Analysis and Modeling},
  author = {Robert J. Hijmans},
  year = {2017},
  note = {R package version 2.6-7},
  url = {https://CRAN.R-project.org/package=raster}
}

@Manual{reticulate-2017-80,
  title = {reticulate: R Interface to Python},
  author = {JJ Allaire and Yuan Tang and Marcus Geelnard},
  year = {2017},
  note = {R package version 1.3.1},
  url = {https://CRAN.R-project.org/package=reticulate}
}

@Manual{rgdal,
  title = {rgdal: Bindings for the 'Geospatial' Data Abstraction Library},
  author = {Roger Bivand and Tim Keitt and Barry Rowlingson},
  year = {2017},
  note = {R package version 1.2-16},
  url = {https://CRAN.R-project.org/package=rgdal}
}

@Manual{rgeos,
  title = {rgeos: Interface to Geometry Engine - Open Source ('GEOS')},
  author = {Roger Bivand and Colin Rundel},
  year = {2017},
  note = {R package version 0.3-26},
  url = {https://CRAN.R-project.org/package=rgeos}
}

@Manual{rgrass7,
  title = {rgrass7: Interface Between GRASS 7 Geographical Information System and R},
  author = {Roger Bivand},
  year = {2017},
  note = {R package version 0.1-10},
  url = {https://CRAN.R-project.org/package=rgrass7}
}

@Manual{rpostgis,
  title = {rpostgis: R Interface to a 'PostGIS' Database},
  author = {Mathieu Basille and David Bucklin},
  year = {2017},
  note = {R package version 1.3.0},
  url = {https://CRAN.R-project.org/package=rpostgis}
}

@Manual{RQGIS,
  title = {RQGIS: Integrating R with QGIS},
  author = {Jannes Muenchow and Patrick Schratz},
  year = {2017},
  note = {R package version 1.0.3},
  url = {https://CRAN.R-project.org/package=RQGIS}
}

@Manual{sf,
  title = {sf: Simple Features for R},
  author = {Edzer Pebesma},
  year = {2017},
  note = {R package version 0.5-5},
  url = {https://CRAN.R-project.org/package=sf}
}

@Manual{RPyGeo,
  title = {RPyGeo: ArcGIS Geoprocessing in R via Python},
  author = {Alexander Brenning},
  year = {2012},
  note = {R package version 0.9-3},
  url = {https://CRAN.R-project.org/package=RPyGeo}
}

@Manual{rPython,
  title = {rPython: Package Allowing R to Call Python},
  author = {Carlos J. Gil Bellosta},
  year = {2015},
  note = {R package version 0.0-6},
  url = {https://CRAN.R-project.org/package=rPython}
}

@Manual{GDAL,
  title = {GDAL - Geospatial Data Abstraction Library, version 2.2.2},
  author = {{GDAL Development Team}},
  organization = {Open Source Geospatial Foundation},
  year = {2017},
  url = {http://www.gdal.org}
}

@Manual{USGS,
  author = {{USGS}},
  title = {U.S. Geological Survey (USGS) Earth Resources Observation and Science (EROS) Center},
  url = {http://earthexplorer.usgs.gov/},
  year = {2017},
  note = {Last accessed 28 June 2017}
}

@Manual{GEOS,
  title = {GEOS - Geometry Engine Open Source, version 3.6.2},
  author = {{GEOS Development Team}},
  organization = {Open Source Geospatial Foundation},
  year = {2017},
  url = {https://trac.osgeo.org/geos}
}

@Manual{QGIS,
  title = {QGIS Geographic Information System, Version 2.18.14-Las Palmas},
  author = {{QGIS Development Team}},
  organization = {Open Source Geospatial Foundation},
  year = {2017},
  url = {http://www.qgis.org/}
}

@Manual{lastools,
  author = {{Rapidlasso}},
  title = {LAStools, Version 171124},
  year = {2017},
  url = {https://rapidlasso.com/lastools/}
}

@Manual{taudem,
  author = {D.G. Tarboton and I.N. Mohammed},
  title = {Terrain analysis using digital elevation models. TauDEM, Version 5},
  url = {http://hydrology. usu. edu/taudem/taudem5/index.html},
  year = {2017}
}

@Manual{ESRI.2017,
  title = {ArcGIS, Version 10.5},
  author = {{ESRI}},
  year = {2017},
  url = {http://www.arcgis.com}
}
