@inproceedings{Silles:IPAW10,
	Author = {Chris A. Silles and Andrew R. Runnalls},
	Booktitle = {Proceedings of the 3rd International Conference on Provenance and Annotation of Data and Processes},
	Pages = {64-72},
	Title = {Provenance-Awareness in {R}},
	Year = {2010}
}

@inproceedings{Runnalls:IPAW12,
	Address = {Berlin, Heidelberg},
	Author = {Runnalls, Andrew and Silles, Chris},
	Booktitle = {Proceedings of the 4th International Conference on Provenance and Annotation of Data and Processes},
	Doi = {10.1007/978-3-642-34222-6_25},
	Isbn = {978-3-642-34221-9},
	Location = {Santa Barbara, CA},
	Pages = {237--239},
	Publisher = {Springer-Verlag},
	Series = {IPAW'12},
	Title = {Provenance Tracking in {R}},
	Year = {2012}
}

@article{Liu:Bioinf14,
	Author = {Zhifa Liu and Stan Pounds},
	Journal = {BMC Bioinformatics},
	Number = {138},
	Title = {An {R} package that automatically collects and archives details for reproducible computing},
	Volume = {15},
	Year = {2014}
}

@inproceedings{Lerner:TAPP14,
	Address = {Cologne, Germany},
	Author = {Barbara S. Lerner and Emery R. Boose},
	Booktitle = {Proceedings of 6th USENIX Workshop on the Theory and Practice of Provenance (TaPP '14)},
	Month = {June},
	Title = {{RDataTracker}: Collecting Provenance in an Interactive Scripting Environment},
	Year = {2014}
}

@article{Lerner:Informatics,
	Author = {Barbara Lerner and Emery Boose and Luis Perez},
	Journal = {Informatics},
	Number = {12},
	Title = {Using Introspection to Collect Provenance in {R}},
	Url = {http://www.mdpi.com/2227-9709/5/1/12/htm},
	Volume = {5},
	Year = {2018}
}

@misc{recordr,
	Author = {Peter Slaughter and Matthew B. Jones and Christopher Jones and Lauren Palmer},
	Doi = {10.5063/F1GF0RF6},
	Title = {recordr},
	Year = {2018},
	Url = {https://github.com/NCEAS/recordr}
}

@article{Pasquier:CiSE18,
	Author = {Thomas Pasquier and Matthew K. Lau and Xueyuan Han and Elizabeth Fong and Barbara S. Lerner and Emery Boose and Merc\`{e} Crosas and Aaron Ellison and Margo Seltzer},
	Doi = {10.1109/MCSE.2018.042781334},
	Journal = {Computing in Science and Engineering},
	Month = {July},
	Number = {4},
	Pages = {111-124},
	Title = {Sharing and Preserving Computational Analyses for Posterity with \texttt{encapsulator}},
	Volume = {20},
	Year = {2018}
}

@article{Ellison:Ecology10,
	Author = {Aaron M. Ellison},
	Journal = {Ecology},
	Month = {September},
	Number = {9},
	Title = {Repeatability and Transparency in Ecological Research},
	Volume = {91},
	Year = {2010}
}

@article{McNutt:Science16,
	Author = {Marcia McNutt and Kerstin Lehnert and Brooks Hanson and Brian A. Nosek and Aaron M. Ellison,and John Leslie King},
	Journal = {Science},
	Month = {March},
	Number = {6277},
	Pages = {1024-1026},
	Title = {Liberating field science samples and data},
	Volume = {352},
	Year = {2016}
}


@article{Gentleman:CompGraphStat07,
	Author = {Robert Gentleman and Duncan Temple Lang},
	Journal = {Journal of Computational and Graphical Statistics},
	Number = {1},
	Pages = {1-23},
	Title = {Statistical Analyses and Reproducible Research},
	Volume = {16},
	Year = {2007}
}

@book{Xie:knitr13,
	Address = {Boca Raton},
	Author = {Y. Xie},
	Date-Added = {2018-12-19 15:39:48 -0500},
	Date-Modified = {2018-12-19 15:40:07 -0500},
	Keywords = {knitr, R},
	Publisher = {Chapman and Hall/CRC},
	Title = {Dynamic Documents with R and knitr},
	Year = {2013}}


@article{Peng:StatSoftware08,
	Author = {Roger Peng},
	Journal = {Journal of Statistical Software, Articles},
	Number = {7},
	Pages = {1--24},
	Title = {Caching and Distributing Statistical Analyses in {R}},
	Volume = {26},
	Year = {2008}
}


@misc{packrat,
    Key = {packrat},
    Title = {packrat},
    Year = {2019},
	Lastchecked = {November 28, 2018},
	Url = {https://rstudio.github.io/packrat/}
}


@article{Becker:StatSoftware17,
	Author = {Gabriel Becker and Cory Barr and Robert Gentleman and Michael Lawrence},
	Journal = {Journal of Statistical Software, Articles},
	Number = {1},
	Pages = {1--18},
	Title = {Enhancing Reproducibility and Collaboration via Management of {R} Package Cohorts},
	Volume = {82},
	Year = {2017}
}


@article{Biecek:StatSoftware17,
	Author = {Przemys{\l}aw Biecek and Marcin Kosi{\'n}ski},
	Journal = {Journal of Statistical Software, Articles},
	Number = {11},
	Pages = {1--28},
	Title = {archivist: An {R} Package for Managing, Recording and Restoring Data Analysis Results},
	Volume = {82},
	Year = {2017}
}


@article{Boettiger:RJournal17,
	Author = {Carl Boettiger and Dirk Eddelbuettel},
	Journal = {The R Journal},
	Month = {December},
	Number = {2},
	Pages = {527--536},
	Title = {An Introduction to {Rocker: Docker} Containers for {R}},
	Volume = {9},
	Year = {2017}
}


@article{Gelfond:RJournal18,
	Author = {Jonathan Gelfond and Martin Goros and Brian Hernandez and Alex Bokov},
	Journal = {The R Journal},
	Month = {July},
	Number = {1},
	Pages = {6--21},
	Title = {A System for an Accountable Data Analysis Process in {R}},
	Volume = {10},
	Year = {2018}
}

@inproceedings{Lerner:IPAW14,
	Address = {Cologne, Germany},
	Author = {Barbara S. Lerner and Emery R. Boose},
	Booktitle = {Proceedings of the International Provenance and Annotation Workshop},
	Month = {June},
	Title = {POSTER: {RDataTracker and DDG Explorer} --- Capture, Visualization and Querying of Provenance from {R} Scripts},
	Year = {2014}}

@inproceedings{Altintas:IPAW06,
	Address = {Chicago},
	Author = {Ilkay Altintas and Oscar Barney and Efrat Jaeger-Frank},
	Booktitle = {Proceedings of the International Provenance and Annotation Workshop},
	Month = {May},
	Pages = {118-132},
	Publisher = {Springer-Verlag},
	Title = {Provenance Collection Support in the {Kepler} Scientific Workflow System},
	Year = {2006}}

@article{Zhao:CCPE08,
	Author = {Jun Zhao and Carole Goble and Robert Stevens and Daniele Turi},
	Journal = {Concurrency and Computation: Practice and Experience},
	Number = {5},
	Pages = {463--472},
	Title = {Mining {Taverna's} semantic web of provenance},
	Volume = {20},
	Year = {2008}}

@article{Scheidegger:CCPE08,
	Author = {Carlos Scheidegger and David Koop and Emanuele Santos and Vo, Huy and Callahan, Steven and Freire, Juliana and Cl\'{a}udio Silva},
	Journal = {Concurrency and Computation: Practice and Experience},
	Number = {5},
	Pages = {473--483},
	Title = {Tackling the Provenance Challenge one layer at a time},
	Volume = {20},
	Year = {2008}}

@inproceedings{Leonardo:IPAW14,
	Address = {Cologne, Germany},
	Author = {Leonardo Murta and Vanessa Braganholo and Fernando Chirigati and David Koop and Juliana Freire},
	Booktitle = {Proceedings of IPAW 2014},
	Month = {June},
	Title = {noWorkflow: Capturing and Analyzing Provenance of Scripts},
	Year = {2014}}

@article{Herschel:VLDB18,
	Author = {Melanie Herschel and Ralf Diestelk{\"a}mper and Houssem Ben Lahmar},
	Journal = {VLDB Journal},
	Title = {A survey on provenance: What for? {W}hat form? {W}hat from?},
	Year = {2018}}

@article{Freire:2008yq,
	Author = {Juliana Freire and David Koop and Emanuele Santos and Cl?udio T. Silva},
	Journal = {Computing in Science and Engineering},
	Month = {May/June},
	Number = {3},
	Pages = {11--21},
	Title = {Provenance for Computational Tasks: A Survey},
	Volume = {10},
	Year = {2008}}

@article{Merkel:Docker14,
 author = {Merkel, Dirk},
 title = {Docker: Lightweight Linux Containers for Consistent Development and Deployment},
 journal = {Linux J.},
 issue_date = {March 2014},
 volume = {2014},
 number = {239},
 month = mar,
 year = {2014},
 issn = {1075-3583},
 articleno = {2},
 url = {http://dl.acm.org/citation.cfm?id=2600239.2600241},
 acmid = {2600241},
 publisher = {Belltown Media},
 address = {Houston, TX},
} 

 BibTeX | EndNote | ACM Ref

@article{Boettiger:SigOps15,
 author = {Boettiger, Carl},
 title = {An Introduction to Docker for Reproducible Research},
 journal = {SIGOPS Oper. Syst. Rev.},
 issue_date = {January 2015},
 volume = {49},
 number = {1},
 month = jan,
 year = {2015},
 issn = {0163-5980},
 pages = {71--79},
 numpages = {9},
 url = {http://doi.acm.org/10.1145/2723872.2723882},
 doi = {10.1145/2723872.2723882},
 acmid = {2723882},
 publisher = {ACM},
 address = {New York, NY, USA},
} 


@article{Pimentel:2019aa,
	Author = {Jo{\~a}o Felipe Pimentel and Juliana Freire and Leonardo Murta and Vanessa Braganholo},
	Journal = {ACM Comput. Surv.},
	Month = {June},
	Number = {3},
	Title = {A Survey on Collecting, Managing, and Analyzing Provenance from Scripts},
	Volume = {52},
	Year = {2019}}

@article{BeckerChambers1988,
author={Becker, R. A. and Chambers, J. M.},
year={1988},
title={Auditing of data analyses},
journal={SIAM Journal of Scientific and Statistical Computing},
volume={9},
pages={747-760},
}

@misc{provjson,
  author = {W3C},
  title = {{The PROV-JSON Serialization}},
  howpublished = "\url{https://openprovenance.org/prov-json/}",
  year = {2014}, 
  note = "[Online; accessed 18-July-2022]"
}

@misc{codedepends,
  author = {Duncan Temple Lang and Roger Peng and Deborah Nolan and Gabriel Becker},
  title = {{CodeDepends}},
  howpublished = "\url{https://github.com/duncantl/CodeDepends}",
  year = {2019},
  note = "[Online; accessed 19-July-2022]"
}



@misc{trackr,
  doi = {10.48550/ARXIV.1706.04440},
  url = {https://arxiv.org/abs/1706.04440},
  author = {Becker, Gabriel and Moore, Sara E. and Lawrence, Michael},
  keywords = {Computation (stat.CO), FOS: Computer and information sciences, FOS: Computer and information sciences},
  title = {trackr: A Framework for Enhancing Discoverability and Reproducibility of Data Visualizations and Other Artifacts in R},
  publisher = {arXiv},
  year = {2017},
  copyright = {arXiv.org perpetual, non-exclusive license}
}


@inproceedings{DKoop:2013fk,
	address = {Denver, CO},
	author = {D. Koop and J. Freire and C. T. Silva},
	booktitle = {First Workshop on Sustainable Software for Science: Practice and Experiences (WSSSPE1)},
	month = {November},
	title = {Enabling reproducible science with VisTrails},
	year = {2013}}


@inproceedings{Oliveira:2014aa,
	address = {Brazil},
	author = {Daniel de Oliveira and Flavio Costa and V{\'\i}tor Silva and Kary Oca{\~n}a and Marta Mattoso},
	booktitle = {in Proceedings of the 29th SBBD},
	month = {October},
	pages = {67--76},
	title = {Debugging Scientific Workflows with Provenance: Achievements and Lessons Learned},
	year = {2014}}


@inproceedings{Missier:2008vn,
	address = {Salt Lake City, Utah},
	author = {Paolo Missier and Suzanne Embury and Richard Stapenhurst},
	booktitle = {Provenance and Annotation of Data and Processes: Second International Provenance and Annotation Workshop, IPAW 2008},
	month = {June},
	number = {5272},
	pages = {174--185},
	publisher = {Springer-Verlag},
	series = {Lecture Notes in Computer Science},
	title = {Exploiting Provenance to Make Sense of Automated Decisions in Scientific Workflows},
	year = {2008}}


@article{Thavasimani:2019aa,
	author = {Priyaa Thavasimani and Jacek Ca{\l}a and Paolo Missier},
	journal = {IEEE Access},
	title = {Why-Diff: Exploiting Provenance to Understand Outcome Differences from Non-Identical Reproduced Workflows},
	year = {2019}}

@inproceedings{mitchell2019model,
  title={Model cards for model reporting},
  author={Mitchell, Margaret and Wu, Simone and Zaldivar, Andrew and Barnes, Parker and Vasserman, Lucy and Hutchinson, Ben and Spitzer, Elena and Raji, Inioluwa Deborah and Gebru, Timnit},
  booktitle={Proceedings of the conference on fairness, accountability, and transparency},
  pages={220--229},
  year={2019}
}

@misc{[mpd2021],
    title={Multilingual Provenance Debugger},
    author={Yoo, James and Li, Alison and Wonsil, Joseph},
    publisher={GitHub},
    url={https://github.com/jyoo980/MultilingualProvenanceDebugger},
    year={2021}
}

@misc{pocock2021tribuo,
  doi = {10.48550/ARXIV.2110.03022},
  url = {https://arxiv.org/abs/2110.03022},
  author = {Pocock, Adam},
  keywords = {Machine Learning (cs.LG), Machine Learning (stat.ML), FOS: Computer and information sciences, FOS: Computer and information sciences},
  title = {Tribuo: Machine Learning with Provenance in Java},
  publisher = {arXiv},
  year = {2021},
  copyright = {Creative Commons Attribution 4.0 International}
}

  
@phdthesis{wonsil2021raas, 
    series={Electronic Theses and Dissertations (ETDs) 2008+}, 
    title={Reproducibility as a service}, url={https://open.library.ubc.ca/collections/ubctheses/24/items/1.0398221}, 
    DOI={http://dx.doi.org/10.14288/1.0398221}, 
    school={University of British Columbia}, 
    author={Wonsil, Joseph}, 
    year={2021}, 
    collection={Electronic Theses and Dissertations (ETDs) 2008+}
}


@book{NAS:2019aa,
	author={{National Academies of Sciences, Engineering, and Medicine}},
	publisher = {National Academies Press},
	address = {Washington, DC},
	title = {Reproducibility and Replicability in Science},
	year = {2019}}
