@Article{Allard:2011,
  author =	 {D. Allard and D. D'Or and R. Froidevaux},
  title =	 {An efficient maximum entropy approach for
                  categorical variable prediction},
  journal =	 {European Journal of Soil Science},
  year =	 2011,
  volume =	 62,
  number =	 3,
  pages =	 {381--393},
  doi =
                  {10.1111/j.1365-2389.2011.01362.x}
}

@Article{Bogaert:2002,
  author =	 {P. Bogaert},
  title =	 {Spatial prediction of categorical variables: The
                  {Bayesian} maximum entropy approach},
  journal =	 {Stochastic Environmental Research and Risk
                  Assessment},
  year =	 2002,
  volume =	 16,
  pages =	 {425--448},
  url =
                  {http://www.springerlink.com/content/c0d0cgfmrmflqpp4}
}

@Article{Carle:1997,
  author =	 {S. F. Carle},
  title =	 {Implementation schemes for avoiding artifact
                  discontinuities in simulated annealing},
  journal =	 {Mathematical Geology},
  year =	 1997,
  volume =	 29,
  number =	 2,
  pages =	 {231--244},
  url =
                  {http://link.springer.com/article/10.1007\%2FBF02769630}
}

@Manual{Carle:1999,
  title =	 {{T-PROGS}: Transition Probability Geostatistical
                  Software},
  author =	 {S. F. Carle},
  year =	 1999,
  url =		 {http://gmsdocs.aquaveo.com/t-progs.pdf}
}

@Article{Carle+Fogg:1996,
  author =	 {S. F. Carle and G. E. Fogg},
  title =	 {Transition probability-based indicator
                  geostatistics},
  journal =	 {Mathematical Geology},
  year =	 1996,
  volume =	 28,
  number =	 4,
  pages =	 {453--476},
  url =
                  {http://www.springerlink.com/content/xp60436q01g76m7j/}
}

@Article{Carle+Fogg:1997,
  author =	 {S. F. Carle and G. E. Fogg},
  title =	 {Modeling Spatial Variability with One and
                  Multidimensional Continuous-Lag {Markov} Chains},
  journal =	 {Mathematical Geology},
  year =	 1997,
  volume =	 29,
  number =	 7,
  pages =	 {891--918},
  url =
                  {http://www.springerlink.com/content/l8330v823535745j/}
}

@Article{Christensen+Ribeiro:2002,
  title =	 {{geoRglm}: A package for generalised linear spatial
                  models},
  author =	 {Christensen, O. F. and Ribeiro Jr, P. J.},
  journal =	 {R News},
  year =	 2002,
  volume =	 2,
  number =	 2,
  pages =	 {26--28},
  note =	 {ISSN 1609-3631},
  url =		 {http://CRAN.R-project.org/doc/Rnews},
}

@Article{Conn+Gould+Toint:1991,
  author =	 {A. R. Conn and N. I. M. Gould and P. L. Toint},
  title =	 {A globally convergent augmented {Lagrangian}
                  algorithm for optimization with general constraints
                  and simple bounds},
  journal =	 {SIAM Journal of Numerical Analysis},
  year =	 1991,
  volume =	 28,
  number =	 2,
  pages =	 {545--572},
  url =		 {http://www.jstor.org/stable/2157828}
}

@Article{Goodman:1968,
  author =	 {L. A. Goodman},
  title =	 {The analysis of cross-classified data: Independence,
                  quasi-independence, and interaction in contingency
                  tables with and without missing entries},
  journal =	 {Journal of the American Statistical Association},
  year =	 1968,
  volume =	 63,
  pages =	 {1091--1131},
  url =		 {http://www.jstor.org/stable/2285873}
}

@Book{Goovaerts:1997,
  title =	 {Geostatistics for Natural Resources Evaluation},
  author =	 {P. Goovaerts},
  isbn =	 9780195115383,
  lccn =	 97002521,
  series =	 {Applied Geostatistics Series},
  year =	 1997,
  publisher =	 {Oxford University Press}
}

@Book{Higham:2008,
  title =	 {Functions of Matrices: Theory and Computation},
  author =	 {N. J. Higham},
  isbn =	 9780898717778,
  year =	 2008,
  publisher =	 {Society for Industrial and Applied Mathematics},
  address =	 {Philadelphia, PA, USA}
}

@Article{Li:2007,
  author =	 {W. Li},
  title =	 {A Fixed-Path {Markov} Chain Algorithm for
                  Conditional Simulation of Discrete Spatial
                  Variables},
  journal =	 {Mathematical Geology},
  year =	 2007,
  volume =	 39,
  number =	 2,
  pages =	 {159--176},
  url =
                  {http://www.springerlink.com/content/f120u5h45u147t1k/}
}

@Article{Li:2007a,
  author =	 {W. Li},
  title =	 {{Markov} Chain Random Fields for Estimation of
                  Categorical Variables},
  journal =	 {Mathematical Geology},
  year =	 2007,
  volume =	 39,
  pages =	 {321--335},
  url =
                  {http://www.springerlink.com/content/d0j5870n46k80351}
}

@Article{Li+Zhang:2007,
  author =	 {W. Li and C. Zhang},
  title =	 {A Random-Path {Markov} Chain Algorithm for
                  Simulating Categorical Soil Variables from Random
                  Point Samples},
  journal =	 {Soil Science Society of America Journal},
  year =	 2007,
  volume =	 71,
  number =	 3,
  pages =	 {656--668},
  url =
                  {https://dl.sciencesocieties.org/publications/sssaj/pdfs/71/3/656}
}

@Book{Norris:1998,
  title =	 {{Markov} Chains},
  author =	 {J. R. Norris},
  isbn =	 9780521633963,
  series =	 {Cambridge Series in Statistical and Probabilistic
                  Mathematics},
  year =	 1998,
  publisher =	 {Cambridge University Press}
}

@Misc{OpenMP:2008,
  author =	 {{OpenMP Architecture Review Board}},
  title =	 {{OpenMP} Application Program Interface, Version 3.0},
  month =	 may,
  year =	 2008,
  url =		 {http://www.openmp.org/mp-documents/spec30.pdf}
}

@Article{Pebesma:2004,
  title =	 {Multivariable geostatistics in {S}: The gstat
                  package},
  author =	 {E. J. Pebesma},
  journal =	 {Computers \& Geosciences},
  year =	 2004,
  number =	 7,
  volume =	 30,
  pages =	 {683--691},
  url =
                  {http://www.sciencedirect.com/science/article/pii/S0098300404000676}
}

@Article{Pickard:1980,
  author =	 {D. K. Pickard},
  title =	 {Unilateral {Markov} Fields},
  journal =	 {Advances in Applied Probability},
  year =	 1980,
  volume =	 12,
  number =	 3,
  pages =	 {655--671},
  url =		 {http://www.jstor.org/stable/1426425}
}

@Manual{Sartore:2013,
  title =	 {{spMC}: Continuous Lag Spatial Markov Chains},
  author =	 {L. Sartore},
  year =	 2013,
  note =	 {R package version 0.3.1},
  url =		 {http://CRAN.R-project.org/package=spMC}
}

@Manual{Schlather:2013,
  title =	 {{RandomFields: Simulation and Analysis of Random
                  Fields}},
  author =	 {M. Schlather},
  year =	 2013,
  note =	 {R package version 2.0.66},
  url =		 {http://CRAN.R-project.org/package=RandomFields}
}

@TechReport{Smith:2000,
  author =	 {L. A. Smith},
  title =	 {Mixed Mode {MPI/OpenMP} Programming},
  type =	 {{UK High-End Computing Technology Report}},
  year =	 2000,
  url =
                  {http://citeseerx.ist.psu.edu/viewdoc/download?rep=rep1\&type=pdf\&doi=10.1.1.97.398}
}

@Misc{MPIForum:1993,
  author =	 {{The MPI Forum}},
  title =	 {{MPI}: A Message Passing Interface},
  year =	 1993,
  url =
                  {http://citeseerx.ist.psu.edu/viewdoc/download?doi=10.1.1.52.5877\&rep=rep1\&type=pdf}
}






