@Article{ref-Leek:2015kp,
  author = {Jeffrey T Leek and Roger D Peng},
  title = {{Opinion: Reproducible Research Can Still Be Wrong: Adopting a Prevention Approach}},
  journal = {Proceedings of the National Academy of Sciences},
  year = {2015},
  volume = {112},
  number = {6},
  pages = {1645--1646},
  url = {https://doi.org/10.1073/pnas.1421412111},
}

@Article{ref-Waltemath:2016jw,
  author = {Dagmar Waltemath and Olaf Wolkenhauer},
  title = {{How Modeling Standards, Software, and Initiatives Support Reproducibility in Systems Biology and Systems Medicine}},
  journal = {Ieee Transactions on Biomedical Engineering},
  year = {2016},
  volume = {63},
  number = {10},
  pages = {1999--2006},
  url = {https://doi.org/10.1109/TBME.2016.2555481},
}

@Article{ref-Nosek:2015bz,
  author = {B A Nosek and G Alter and G C Banks and D Borsboom and S D Bowman and S J Breckler and S Buck and C D Chambers and G Chin and G Christensen and M Contestabile and A Dafoe and E Eich and J Freese and R Glennerster and D Goroff and D P Green and B Hesse and M Humphreys and J Ishiyama and D Karlan and A Kraut and A Lupia and P Mabry and T A Madon and N Malhotra and E Mayo-Wilson and M McNutt and E Miguel and E Levy Paluck and U Simonsohn and C Soderberg and B A Spellman and J Turitto and G VandenBos and S Vazire and E J Wagenmakers and R Wilson and T Yarkoni},
  title = {{Promoting an Open Research Culture}},
  journal = {Science},
  year = {2015},
  volume = {348},
  number = {6242},
  pages = {1422--1425},
  url = {https://doi.org/10.1126/science.aab2374},
}

@Article{ref-McNutt:2014bq,
  author = {M McNutt},
  title = {{Reproducibility}},
  journal = {Science},
  year = {2014},
  volume = {343},
  number = {6168},
  pages = {229--229},
  url = {https://doi.org/10.1126/science.1250475},
}

@Article{ref-Miguel:2014hr,
  author = {E Miguel and C Camerer and K Casey and J Cohen and K M Esterling and A Gerber and R Glennerster and D P Green and M Humphreys and G Imbens and D Laitin and T Madon and L Nelson and B A Nosek and M Petersen and R Sedlmayr and J P Simmons and U Simonsohn and M {Van der Laan}},
  title = {{Promoting Transparency in Social Science Research}},
  journal = {Science},
  year = {2014},
  volume = {343},
  number = {6166},
  pages = {30--31},
  url = {https://doi.org/10.1126/science.1245317},
}

@Article{ref-Ioannidis:2014cm,
  author = {John P A Ioannidis and Marcus R Munafo and Paolo Fusar-Poli and Brian A Nosek and Sean P David},
  title = {{Publication and Other Reporting Biases in Cognitive Sciences: Detection, Prevalence, and Prevention}},
  journal = {Trends in Cognitive Sciences},
  year = {2014},
  volume = {18},
  number = {5},
  pages = {235--241},
  url = {https://doi.org/10.1016/j.tics.2014.02.010},
}

@Article{ref-Richard:2014cn,
  author = {Blaustein Richard},
  title = {{Reproducibility Undergoes Scrutiny}},
  journal = {BioScience},
  year = {2014},
  volume = {64},
  number = {4},
  pages = {368--368},
}

@Article{ref-Goecks:2010ea,
  author = {Jeremy Goecks and Anton Nekrutenko and James Taylor and Galaxy Team},
  title = {{Galaxy: a Comprehensive Approach for Supporting Accessible, Reproducible, and Transparent Computational Research in the Life Sciences}},
  journal = {Genome biology},
  year = {2010},
  volume = {11},
  number = {8},
  url = {https://doi.org/10.1186/gb-2010-11-8-r86},
}

@Article{ref-Peng:2011et,
  author = {Roger D Peng},
  title = {{Reproducible Research in Computational Science}},
  journal = {Science},
  year = {2011},
  volume = {334},
  number = {6060},
  pages = {1226--1227},
  url = {https://doi.org/10.1126/science.1213847},
}

@Article{ref-Sidi:2018hk,
  author = {Yulia Sidi and Ofer Harel},
  title = {{The Treatment of Incomplete Data: Reporting, Analysis, Reproducibility, and Replicability}},
  journal = {Social Science {\&} Medicine},
  year = {2018},
  volume = {209},
  pages = {169--173},
  url = {https://doi.org/10.1016/j.socscimed.2018.05.037},
}

@Book{ref-wickham2015r,
  title = {R Packages: Organize, Test, Document, and Share Your Code},
  author = {Hadley Wickham},
  year = {2015},
  publisher = {{"} O'Reilly Media, Inc.{"}},
}

@Book{ref-wickham2016r,
  title = {R for Data Science: Import, Tidy, Transform, Visualize, and Model Data},
  author = {Hadley Wickham and Garrett Grolemund},
  year = {2016},
  publisher = {{"} O'Reilly Media, Inc.{"}},
}

@Article{ref-silge2016tidytext,
  title = {Tidytext: Text Mining and Analysis Using Tidy Data Principles in r},
  author = {Julia Silge and David Robinson},
  journal = {The Journal of Open Source Software},
  volume = {1},
  number = {3},
  pages = {37},
  year = {2016},
  url = {https://doi.org/10.21105/joss.00037},
}

@Book{ref-silge2017text,
  title = {Text Mining with R: A Tidy Approach},
  author = {Julia Silge and David Robinson},
  year = {2017},
  publisher = {{"} O'Reilly Media, Inc.{"}},
}

@Article{ref-silberzhan2018many,
  title = {Many Analysts, One Data Set: Making Transparent How Variations in Analytic Choices Affect Results},
  author = {Raphael Silberzhan and Eric L Uhlmann and Daniel P Martin and Pasquale Anselmi and Frederick Aust and Eli Awtrey and Štěpán Bahník and Feng Bai and Colin Bannard and Evelina Bonnier and {others}},
  journal = {Advances in Methods and Practices in Psychological Science},
  volume = {1},
  number = {3},
  pages = {337--356},
  year = {2018},
  publisher = {Sage Publications Sage CA: Los Angeles, CA},
  url = {https://doi.org/10.1177/2515245917747646},
}

@Article{ref-tidyverse,
  title = {Welcome to the {tidyverse}},
  author = {Hadley Wickham and Mara Averick and Jennifer Bryan and Winston Chang and Lucy D'Agostino McGowan and Romain François and Garrett Grolemund and Alex Hayes and Lionel Henry and Jim Hester and Max Kuhn and Thomas Lin Pedersen and Evan Miller and Stephan Milton Bache and Kirill Müller and Jeroen Ooms and David Robinson and Dana Paige Seidel and Vitalie Spinu and Kohske Takahashi and Davis Vaughan and Claus Wilke and Kara Woo and Hiroaki Yutani},
  year = {2019},
  journal = {Journal of Open Source Software},
  volume = {4},
  number = {43},
  pages = {1686},
  url = {https://doi.org/10.21105/joss.01686},
}

@Article{ref-majumder2013validation,
  title = {Validation of Visual Statistical Inference, Applied to Linear Models},
  author = {Mahbubul Majumder and Heike Hofmann and Dianne Cook},
  journal = {Journal of the American Statistical Association},
  volume = {108},
  number = {503},
  pages = {942--956},
  year = {2013},
  publisher = {Taylor \& Francis Group},
  url = {https://doi.org/10.1080/01621459.2013.808157},
}

@Article{ref-loy2016variations,
  title = {Variations of Q--Q Plots: The Power of Our Eyes!},
  author = {Adam Loy and Lendie Follett and Heike Hofmann},
  journal = {The American Statistician},
  volume = {70},
  number = {2},
  pages = {202--214},
  year = {2016},
  publisher = {Taylor \& Francis},
  url = {https://doi.org/10.1080/00031305.2015.1077728},
}

@Article{ref-loy2017model,
  title = {Model Choice and Diagnostics for Linear Mixed-Effects Models Using Statistics on Street Corners},
  author = {Adam Loy and Heike Hofmann and Dianne Cook},
  journal = {Journal of Computational and Graphical Statistics},
  volume = {26},
  number = {3},
  pages = {478--492},
  year = {2017},
  publisher = {Taylor \& Francis},
  url = {https://doi.org/10.1080/10618600.2017.1330207},
}

@Article{ref-wickham2015visualizing,
  title = {Visualizing Statistical Models: Removing the Blindfold},
  author = {Hadley Wickham and Dianne Cook and Heike Hofmann},
  journal = {Statistical Analysis and Data Mining: The ASA Data Science Journal},
  volume = {8},
  number = {4},
  pages = {203--225},
  year = {2015},
  publisher = {John Wiley \& Sons},
  url = {https://doi.org/10.1002/sam.11271},
}

@Article{ref-buja2009statistical,
  title = {Statistical Inference for Exploratory Data Analysis and Model Diagnostics},
  author = {Andreas Buja and Dianne Cook and Heike Hofmann and Michael Lawrence and Eun-Kyung Lee and Deborah F Swayne and Hadley Wickham},
  journal = {Philosophical Transactions of the Royal Society A: Mathematical, Physical and Engineering Sciences},
  volume = {367},
  number = {1906},
  pages = {4361--4383},
  year = {2009},
  publisher = {The Royal Society Publishing},
  url = {https://doi.org/10.1098/rsta.2009.0120},
}

@Manual{ref-datatable,
  title = {Data.table: Extension of `data.frame`},
  author = {Matt Dowle and Arun Srinivasan},
  year = {2019},
  note = {R package version 1.12.0},
  url = {https://CRAN.R-project.org/package=data.table},
}

@Manual{ref-gh,
  title = {Gh: 'GitHub' 'API'},
  author = {Jennifer Bryan and Hadley Wickham},
  year = {2017},
  note = {R package version 1.0.1},
  url = {https://CRAN.R-project.org/package=gh},
}


@misc{ref-tidystyle,
  author = {Wickham, Hadley},
  year = 2019,
  title = {The Tidyverse Style Guide},
  url = {https://style.tidyverse.org}
}
