@Manual{R,
  title = {R: A Language and Environment for Statistical Computing},
  author = {{R Core Team}},
  organization = {R Foundation for Statistical Computing},
  address = {Vienna, Austria},
  year = {2012},
  note = {{ISBN} 3-900051-07-0},
  url = {http://www.R-project.org/},
}

@article{ihaka:1996,
  Author = {Ihaka, Ross and Gentleman, Robert},
  Journal = {Journal of Computational and Graphical Statistics},
  Number = 3,
  Pages = {299--314},
  Title = {R: A Language for Data Analysis and Graphics},
  Volume = 5,
  Year = 1996,
  doi = {https://doi.org/10.1080/10618600.1996.10474713}
}

@Manual{shiny,
    title = {shiny: Web Application Framework for R},
    author = {Winston Chang and Joe Cheng and JJ Allaire and Carson Sievert and Barret Schloerke and Yihui Xie and Jeff Allen and Jonathan McPherson and Alan Dipert and Barbara Borges},
    year = {2022},
    note = {R package version 1.7.3},
    url = {https://CRAN.R-project.org/package=shiny},
  }

@book{mastering,
   title = {Mastering Shiny},
   author = {Hadley Wickham},
   year = {2020},
   publisher = {O'Reilly Media},
   url = {https://mastering-shiny.org/}
}

@book{golum,
  title={Engineering Production-Grade Shiny Apps},
  author={Fay, Colin and Rochette, S{\'e}bastien and Guyader, Vincent and Girard, Cervan},
  year={2021},
  publisher={Chapman and Hall/CRC},
  doi={https://doi.org/10.1201/9781003029878}
}

@article{Alston,
  author = {Alston, Jesse M. and Rick, Jessica A.},
  title = {A Beginner's Guide to Conducting Reproducible Research},
  journal = {The Bulletin of the Ecological Society of America},
  volume = {102},
  number = {2},
  pages = {e01801},
  doi = {https://doi.org/10.1002/bes2.1801},
  url = {https://esajournals.onlinelibrary.wiley.com/doi/abs/10.1002/bes2.1801},
  eprint = {https://esajournals.onlinelibrary.wiley.com/doi/pdf/10.1002/bes2.1801},
  year = {2021}
}

@article{Gentleman,
  author = {Robert Gentleman and Duncan Temple Lang},
  title = {Statistical Analyses and Reproducible Research},
  journal = {Journal of Computational and Graphical Statistics},
  volume = {16},
  number = {1},
  pages = {1-23},
  year  = {2007},
  publisher = {Taylor & Francis},
  doi = {10.1198/106186007X178663},
  URL = {https://doi.org/10.1198/106186007X178663},
  eprint = {https://doi.org/10.1198/106186007X178663}
}

@article{Peng,
  author = {Roger D. Peng},
  title = {Reproducible Research in Computational Science},
  journal = {Science},
  volume = {334},
  number = {6060},
  pages = {1226-1227},
  year = {2011},
  doi = {10.1126/science.1213847},
  URL = {https://www.science.org/doi/abs/10.1126/science.1213847},
  eprint = {https://www.science.org/doi/pdf/10.1126/science.1213847}
}

@Manual{datamods,
  title = {datamods: Modules to Import and Manipulate Data in 'Shiny'},
  author = {Victor Perrier and Fanny Meyer and Zauad Shahreer Abeer},
  year = {2022},
  note = {R package version 1.3.3},
  url = {https://CRAN.R-project.org/package=datamods}
}

@Manual{reglog,
  title = {shiny.reglog: Optional Login and Registration Module System for ShinyApps},
  author = {Michal Kosinski},
  year = {2022},
  note = {R package version 0.5.2},
  url = {https://statismike.github.io/shiny.reglog/},
}

@Manual{periscope,
  title = {periscope: Enterprise Streamlined 'Shiny' Application Framework},
  author = {Constance Brett and Isaac Neuhaus},
  year = {2022},
  note = {R package version 1.0.1},
  url = {https://CRAN.R-project.org/package=periscope}
}

@Manual{jsmodule,
  title = {jsmodule: 'RStudio' Addins and 'Shiny' Modules for Medical Research},
  author = {Jinseob Kim and Hyunki Lee},
  year = {2022},
  note = {R package version 1.3.0},
  url = {https://CRAN.R-project.org/package=jsmodule}
}

@Manual{shinyauthr,
  title = {shinyauthr: 'Shiny' Authentication Modules},
  author = {Paul Campbell},
  year = {2021},
  note = {R package version 1.0.0},
  url = {https://CRAN.R-project.org/package=shinyauthr}
}

@Article{testthat,
    author = {Hadley Wickham},
    title = {testthat: Get Started with Testing},
    journal = {The R Journal},
    year = {2011},
    volume = {3},
    pages = {5--10},
    url = {https://journal.r-project.org/archive/2011-1/RJournal_2011-1_Wickham.pdf}
}

@Manual{shinytest,
    title = {shinytest: Test Shiny Apps},
    author = {Winston Chang and G\'abor Cs\'ardi and Hadley Wickham},
    year = {2021},
    note = {R package version 1.5.1},
    url = {https://CRAN.R-project.org/package=shinytest}
}

@Manual{learnr,
    title = {learnr: Interactive Tutorials for R},
    author = {Barret Schloerke and JJ Allaire and Barbara Borges},
    year = {2020},
    note = {R package version 0.10.1},
    url = {https://CRAN.R-project.org/package=learnr},
}

@Manual{shinymeta,
  title = {shinymeta: Export Domain Logic from Shiny using Meta-Programming},
  author = {Joe Cheng and Carson Sievert},
  year = {2021},
  note = {R package version 0.2.0.3},
  url = {https://cran.r-project.org/web/packages/shinymeta/index.html}
}

@Manual{shinipsum,
  title = {shinipsum: Lorem-Ipsum Helper Function for 'shiny' Prototyping},
  author = {Colin Fay and Sebastien Rochette},
  year = {2020},
  note = {R package version 0.1.0},
  url = {https://cran.r-project.org/web/packages/shinipsum/index.html}
}

@Manual{shinymgr_citation,
  title = {shinymgr: A framework for building, managing, and stitching shiny modules into reproducible workflows.},
  author = {Laurence Clarfeld and Caroline Tang and Therese Donovan},
  year = {2024},
  publisher = {U.S. Geological Survey software release. Reston, VA.},
  note = {R package version 1.1.0},
  doi = {10.5066/P9UXPOBN},
}

@article{fisher1936use,
  title={The use of multiple measurements in taxonomic problems},
  author={Fisher, Ronald A},
  journal={Annals of eugenics},
  volume={7},
  number={2},
  pages={179--188},
  year={1936},
  publisher={Wiley Online Library},
  doi={https://doi.org/10.1111/j.1469-1809.1936.tb02137.x}
}

@article{wilkinson2016fair,
  title={The FAIR Guiding Principles for scientific data management and stewardship},
  author={Wilkinson, Mark D and Dumontier, Michel and Aalbersberg, IJsbrand Jan and Appleton, Gabrielle and Axton, Myles and Baak, Arie and Blomberg, Niklas and Boiten, Jan-Willem and da Silva Santos, Luiz Bonino and Bourne, Philip E and others},
  journal={Scientific data},
  volume={3},
  number={1},
  pages={1--9},
  year={2016},
  publisher={Nature Publishing Group},
  doi={https://doi.org/10.1038/sdata.2016.18}
}

@misc{FAIR,
  title={Make scientific data FAIR},
  author={Stall, Shelley and Yarmey, Lynn and Cutcher-Gershenfeld, Joel and Hanson, Brooks and Lehnert, Kerstin and Nosek, Brian and Parsons, Mark and Robinson, Erin and Wyborn, Lesley},
  year={2019},
  publisher={Nature Publishing Group},
  doi={https://doi.org/10.1038/d41586-019-01720-7}
}

@article{marwick2018packaging,
  title={Packaging data analytical work reproducibly using R (and friends)},
  author={Marwick, Ben and Boettiger, Carl and Mullen, Lincoln},
  journal={The American Statistician},
  volume={72},
  number={1},
  pages={80--88},
  year={2018},
  publisher={Taylor \& Francis},
  doi={https://doi.org/10.1080/00031305.2017.1375986}
}

@article{balantic2020ammonitor,
  title={AMMonitor: Remote monitoring of biodiversity in an adaptive framework with r},
  author={Balantic, Cathleen and Donovan, Therese},
  journal={Methods in Ecology and Evolution},
  volume={11},
  number={7},
  pages={869--877},
  year={2020},
  publisher={Wiley Online Library},
  doi={https://doi.org/10.1111/2041-210X.13397}
}

@article{stoudt2021principles,
  title={Principles for data analysis workflows},
  author={Stoudt, Sara and V{\'a}squez, V{\'a}leri N and Martinez, Ciera C},
  journal={PLOS Computational Biology},
  volume={17},
  number={3},
  pages={e1008770},
  year={2021},
  publisher={Public Library of Science San Francisco, CA USA},
  doi={https://doi.org/10.1371/journal.pcbi.1008770}
}

@Manual{rhino,
  title = {rhino: A Framework for Enterprise Shiny Applications},
  author = {Kamil Żyła and Jakub Nowicki and Leszek Siemiński and Marek Rogala and Recle Vibal and Tymoteusz Makowski},
  year = {2023},
  note = {https://appsilon.github.io/rhino/, https://github.com/Appsilon/rhino},
  doi={https://doi.org/10.32614/CRAN.package.rhino}
}

@misc{shinyblog,
  title = {Modularizing Shiny app code},
  year={2020},
  url = {https://shiny.posit.co/r/articles/improve/modules/},
  note = {Accessed: 2010-09-30}
}

@book{larman2004agile,
  title={Agile and iterative development: a manager's guide},
  author={Larman, Craig},
  year={2004},
  publisher={Addison-Wesley Professional}
}

@misc{sqlite2020hipp, 
  title={{SQLite}},
  url={https://www.sqlite.org/index.html},
  version={3.31.1},
  year={2020},
  author={Hipp, Richard D}
}

@Manual{renv,
  title = {renv: Project Environments},
  author = {Kevin Ushey},
  year = {2023},
  note = {R package version 0.17.3},
  url = {https://rstudio.github.io/renv/},
}

@Manual{dbi,
    title = {DBI: R Database Interface},
    author = {{R Special Interest Group on Databases (R-SIG-DB)} and Hadley Wickham and Kirill Müller},
    year = {2022},
    note = {R package version 1.1.3},
    url = {https://CRAN.R-project.org/package=DBI},
}
  
@Manual{reactable,
  title = {reactable: Interactive Data Tables Based on 'React Table'},
  author = {Greg Lin},
  year = {2022},
  note = {R package version 0.3.0},
  url = {https://CRAN.R-project.org/package=reactable},
} 

@Manual{RSQLite,
    title = {RSQLite: SQLite Interface for R},
    author = {Kirill Müller and Hadley Wickham and David A. James and Seth Falcon},
    year = {2022},
    note = {R package version 2.2.14},
    url = {https://CRAN.R-project.org/package=RSQLite},
  }


@Manual{shinyjs,
    title = {shinyjs: Easily Improve the User Experience of Your Shiny Apps in Seconds},
    author = {Dean Attali},
    year = {2021},
    note = {R package version 2.1.0},
    url = {https://CRAN.R-project.org/package=shinyjs},
  }

@Manual{shinydashboard,
    title = {shinydashboard: Create Dashboards with 'Shiny'},
    author = {Winston Chang and Barbara {Borges Ribeiro}},
    year = {2021},
    note = {R package version 0.7.2},
    url = {https://CRAN.R-project.org/package=shinydashboard},
  }
