@InProceedings{aggarwal2001,
  title = {On the Surprising Behavior of Distance Metrics in High Dimensional Space},
  author = {Charu C Aggarwal and Alexander Hinneburg and Daniel A Keim},
  editor = {Jan Van {den Bussche} and Victor Vianu},
  booktitle = {International Conference on Database Theory},
  pages = {420--434},
  year = {2001},
  organization = {Springer-Verlag},
}

@InCollection{aggarwal2013,
  title = {Time-Series Data Clustering},
  booktitle = {Data Clustering: Algorithms and Applications},
  author = {Charu C Aggarwal and Chandan K Reddy},
  year = {2013},
  publisher = {CRC Press},
  chapter = {15},
}

@Article{aghabozorgi2015,
  title = {Time-Series Clustering --- A Decade Review},
  author = {Saeed Aghabozorgi and Ali Seyed Shirkhorshidi and Teh Ying Wah},
  journal = {Information Systems},
  volume = {53},
  pages = {16--38},
  year = {2015},
  publisher = {Elsevier},
  url = {https://doi.org/10.1016/j.is.2015.04.007},
}

@Article{arbelaitz2013,
  title = {An Extensive Comparative Study of Cluster Validity Indices},
  author = {Olatz Arbelaitz and Ibai Gurrutxaga and Javier Muguerza and Jesús M Pérez and Iñigo Perona},
  journal = {Pattern Recognition},
  volume = {46},
  number = {1},
  pages = {243--256},
  year = {2013},
  publisher = {Elsevier},
  url = {https://doi.org/10.1016/j.patcog.2012.07.021},
}

@Book{bezdek1981,
  title = {Pattern Recognition with Fuzzy Objective Function Algorithms},
  author = {James C. Bezdek},
  year = {1981},
  publisher = {Kluwer Academic Publishers},
}

@InProceedings{begum2015,
  title = {Accelerating Dynamic Time Warping Clustering with a Novel Admissible Pruning Strategy},
  author = {Nurjahan Begum and Liudmila Ulanova and Jun Wang and Eamonn Keogh},
  year = {2015},
  isbn = {978-1-4503-3664-2/15/08},
  url = {https://doi.org/10.1145/2783258.2783286},
  publisher = {ACM},
  booktitle = {Conference on Knowledge Discovery and Data Mining},
  series = {KDD '15},
}

@InProceedings{berndt1994,
  title = {Using Dynamic Time Warping to Find Patterns in Time Series},
  author = {Donald J Berndt and James Clifford},
  booktitle = {KDD Workshop},
  volume = {10},
  number = {16},
  pages = {359--370},
  year = {1994},
  organization = {Seattle, WA},
}

@Article{brandmaier2015,
  title = {{pdc}: An {R} Package for Complexity-Based Clustering of Time Series},
  author = {Andreas M. Brandmaier},
  journal = {Journal of Statistical Software},
  year = {2015},
  volume = {67},
  number = {5},
  pages = {1--23},
  url = {https://doi.org/10.18637/jss.v067.i05},
}

@Manual{clue,
  title = {{clue}: Cluster Ensembles},
  author = {Kurt Hornik},
  year = {2019},
  note = {R package version 0.3-57},
  url = {https://CRAN.R-project.org/package=clue},
}

@Manual{clustersarda,
  title = {{cluster}: Cluster Analysis Basics and Extensions},
  author = {Martin Maechler and Peter Rousseeuw and Anja Struyf and Mia Hubert and Kurt Hornik},
  year = {2019},
  note = {R package version 2.0.8},
  url = {https://CRAN.R-project.org/package=cluster},
}

@InProceedings{cuturi2011,
  title = {Fast Global Alignment Kernels},
  author = {Marco Cuturi},
  booktitle = {Proceedings of the 28th International Conference on Machine Learning (ICML-11)},
  pages = {929--936},
  year = {2011},
}

@InProceedings{cuturi2017,
  title = {Soft-{DTW}: a Differentiable Loss Function for Time-Series},
  author = {Marco Cuturi and Mathieu Blondel},
  booktitle = {Proceedings of the 34th International Conference on Machine Learning},
  pages = {894--903},
  year = {2017},
  editor = {Doina Precup and Yee Whye Teh},
  volume = {70},
  series = {Proceedings of Machine Learning Research},
  address = {International Convention Centre, Sydney, Australia},
  publisher = {PMLR},
  url = {http://proceedings.mlr.press/v70/cuturi17a.html},
}

@InProceedings{dau2016,
  title = {Semi-Supervision Dramatically Improves Time Series Clustering under Dynamic Time Warping},
  author = {Hoang Anh Dau and Nurjahan Begum and Eamonn Keogh},
  booktitle = {Proceedings of the 25th ACM International on Conference on Information and Knowledge Management},
  pages = {999--1008},
  year = {2016},
  organization = {ACM},
  url = {https://doi.org/10.1145/2983323.2983855},
}

@Manual{doParallel,
  title = {{doParallel}: Foreach Parallel Adaptor for the {'parallel'} Package},
  author = {{Microsoft Corporation} and Steve Weston},
  year = {2018},
  note = {R package version 1.0.14},
  url = {https://CRAN.R-project.org/package=doParallel},
}

@Article{durso2009,
  title = {Autocorrelation-Based Fuzzy Clustering of Time Series},
  author = {Pierpaolo D'Urso and Elizabeth Ann Maharaj},
  journal = {Fuzzy Sets and Systems},
  volume = {160},
  number = {24},
  pages = {3565--3589},
  year = {2009},
  publisher = {Elsevier},
  url = {https://doi.org/10.1016/j.fss.2009.04.013},
}

@Manual{foreach,
  title = {{foreach}: Provides Foreach Looping Construct for {R}},
  author = {{Revolution Analytics} and Steve Weston},
  year = {2017},
  note = {R package version 1.4.4},
  url = {https://CRAN.R-project.org/package=foreach},
}

@Article{giorgino2009,
  author = {Toni Giorgino},
  title = {Computing and Visualizing Dynamic Time Warping Alignments in {R}: The {dtw} Package},
  journal = {Journal of Statistical Software},
  year = {2009},
  volume = {31},
  number = {7},
  pages = {1--24},
  url = {https://doi.org/10.18637/jss.v031.i07},
}

@InCollection{hastie2009,
  booktitle = {The Elements of Statistical Learning 2nd Edition},
  title = {Cluster Analysis},
  author = {Trevor Hastie and Robert Tibshirani and Jerome Friedman},
  chapter = {14.3},
  year = {2009},
  publisher = {Springer-Verlag},
}

@Article{hornik2005,
  title = {A {CLUE} for {CLUster} Ensembles},
  author = {Kurt Hornik},
  journal = {Journal of Statistical Software},
  volume = {14},
  number = {12},
  pages = {1--25},
  year = {2005},
  publisher = {University of California, Los Angeles},
  url = {https://doi.org/10.18637/jss.v014.i12},
}

@Article{izakian2015,
  title = {Fuzzy Clustering of Time Series Data Using Dynamic Time Warping Distance},
  author = {Hesam Izakian and Witold Pedrycz and Iqbal Jamal},
  journal = {Engineering Applications of Artificial Intelligence},
  volume = {39},
  pages = {235--244},
  year = {2015},
  publisher = {Elsevier},
  url = {https://doi.org/10.1016/j.engappai.2014.12.015},
}

@InBook{kaufman1990,
  title = {Finding Groups in Data. An Introduction to Cluster Analysis},
  author = {Leonard Kaufman and Peter J. Rousseeuw},
  journal = {Wiley Series in Probability and Mathematical Statistics. Applied Probability and Statistics, New York: Wiley, 1990},
  volume = {1},
  year = {1990},
  chapter = {1},
  publisher = {John Wiley \& Sons},
}

@InProceedings{keogh2004,
  title = {Everything You Know about Dynamic Time Warping Is Wrong},
  author = {Chotirat Ann Ratanamahatana and Eamonn Keogh},
  booktitle = {Third Workshop on Mining Temporal and Sequential Data},
  year = {2004},
  organization = {Citeseer},
}

@Article{keogh2005,
  title = {Exact Indexing of Dynamic Time Warping},
  author = {Eamonn Keogh and Chotirat Ann Ratanamahatana},
  journal = {Knowledge and information systems},
  volume = {7},
  number = {3},
  pages = {358--386},
  year = {2005},
  publisher = {Springer-Verlag},
  url = {https://doi.org/10.1007/s10115-004-0154-9},
}

@Article{krishnapuram2001,
  title = {Low-Complexity Fuzzy Relational Clustering Algorithms for Web Mining},
  author = {Raghu Krishnapuram and Anupam Joshi and Olfa Nasraoui and Liyu Yi},
  journal = {IEEE transactions on Fuzzy Systems},
  volume = {9},
  number = {4},
  pages = {595--607},
  year = {2001},
  publisher = {IEEE},
  url = {https://doi.org/10.1109/91.940971},
}

@Article{lei2017,
  title = {Extending Information-Theoretic Validity Indices for Fuzzy Clustering},
  author = {Yang Lei and James C Bezdek and Jeffrey Chan and Nguyen Xuan Vinh and Simone Romano and James Bailey},
  journal = {IEEE Transactions on Fuzzy Systems},
  volume = {25},
  number = {4},
  pages = {1013--1018},
  year = {2017},
  publisher = {IEEE},
  url = {https://doi.org/10.1109/TFUZZ.2016.2584644},
}

@Article{leisch2006,
  title = {A Toolbox for k-Centroids Cluster Analysis},
  author = {Friedrich Leisch},
  journal = {Computational Statistics \& Data Analysis},
  volume = {51},
  number = {2},
  pages = {526--544},
  year = {2006},
  publisher = {Elsevier},
  url = {https://doi.org/10.1016/j.csda.2005.10.006},
}

@Article{lemire2009,
  title = {Faster Retrieval with a Two-Pass Dynamic-Time-Warping Lower Bound},
  journal = {Pattern Recognition},
  volume = {42},
  number = {9},
  pages = {2169 - 2180},
  year = {2009},
  issn = {0031-3203},
  url = {https://doi.org/10.1016/j.patcog.2008.11.030},
  author = {Daniel Lemire},
}

@Article{liao2005,
  title = {Clustering of Time Series Data: A Survey},
  author = {T Warren Liao},
  journal = {Pattern recognition},
  volume = {38},
  number = {11},
  pages = {1857--1874},
  year = {2005},
  publisher = {Elsevier},
  url = {https://doi.org/10.1016/j.patcog.2005.01.025},
}

@Misc{lichman2013,
  author = {M. Lichman},
  year = {2013},
  title = {{UCI} Machine Learning Repository},
  url = {http://archive.ics.uci.edu/ml},
  institution = {University of California, Irvine, School of Information and Computer Sciences},
}

@InCollection{meilua2003,
  title = {Comparing Clusterings by the Variation of Information},
  author = {Marina Meilă},
  booktitle = {Learning Theory and Kernel Machines},
  pages = {173--187},
  year = {2003},
  publisher = {Springer-Verlag},
  url = {https://doi.org/10.1007/978-3-540-45167-9_14},
}

@Article{montero2014,
  title = {{TSclust}: An {R} Package for Time Series Clustering},
  author = {Pablo Montero and José A. Vilar},
  journal = {Journal of Statistical Software},
  year = {2014},
  volume = {62},
  number = {1},
  pages = {1--43},
  url = {https://doi.org/10.18637/jss.v062.i01},
}

@InProceedings{paparrizos2015,
  author = {John Paparrizos and Luis Gravano},
  title = {{k-Shape}: Efficient and Accurate Clustering of Time Series},
  booktitle = {Proceedings of the 2015 ACM SIGMOD International Conference on Management of Data},
  series = {SIGMOD '15},
  year = {2015},
  isbn = {978-1-4503-2758-9},
  location = {Melbourne, Victoria, Australia},
  pages = {1855--1870},
  numpages = {16},
  url = {https://doi.org/10.1145/2949741.2949758},
  acmid = {2737793},
  publisher = {ACM},
  address = {New York, NY, USA},
}

@Article{petitjean2011,
  title = {A Global Averaging Method for Dynamic Time Warping, with Applications to Clustering},
  journal = {Pattern Recognition},
  volume = {44},
  number = {3},
  pages = {678 - 693},
  year = {2011},
  issn = {0031-3203},
  url = {https://doi.org/10.1016/j.patcog.2010.09.013},
  author = {François Petitjean and Alain Ketterlin and Pierre Gançarski},
}

@Manual{proxy,
  title = {{proxy}: Distance and Similarity Measures},
  author = {David Meyer and Christian Buchta},
  year = {2019},
  note = {R package version 0.4-23},
  url = {https://CRAN.R-project.org/package=proxy},
}

@Article{rani2012,
  title = {Recent Techniques of Clustering of Time Series Data: A Survey},
  author = {Sangeeta Rani and Geeta Sikka},
  journal = {International Journal of Computer Applications},
  volume = {52},
  number = {15},
  year = {2012},
  publisher = {Foundation of Computer Science},
  url = {https://doi.org/10.5120/8282-1278},
}

@Manual{rcore,
  title = {{R}: A Language and Environment for Statistical Computing},
  author = {{R Core Team}},
  organization = {R Foundation for Statistical Computing},
  address = {Vienna, Austria},
  year = {2019},
  url = {https://www.R-project.org/},
}

@Manual{rcppparallel,
  title = {{RcppParallel}: Parallel Programming Tools for {'Rcpp'}},
  author = {JJ Allaire and Romain Francois and Kevin Ushey and Gregory Vandenbrouck and Marcus Geelnard and {Intel}},
  year = {2018},
  note = {R package version 4.4.2},
  url = {https://CRAN.R-project.org/package=RcppParallel},
}

@Article{rousseeuw1987,
  title = {Silhouettes: a Graphical Aid to the Interpretation and Validation of Cluster Analysis},
  author = {Peter J Rousseeuw},
  journal = {Journal of computational and applied mathematics},
  volume = {20},
  pages = {53--65},
  year = {1987},
  publisher = {Elsevier},
  url = {https://doi.org/10.1016/0377-0427(87)90125-7},
}

@Article{sakoe1978,
  author = {H. Sakoe and S. Chiba},
  journal = {Acoustics, Speech and Signal Processing, IEEE Transactions on},
  title = {Dynamic Programming Algorithm Optimization for Spoken Word Recognition},
  year = {1978},
  volume = {26},
  number = {1},
  pages = {43-49},
  url = {https://doi.org/10.1109/TASSP.1978.1163055},
  issn = {0096-3518},
}

@Article{tsdist,
  title = {Distance Measures for Time Series in {R}: The {TSdist} Package},
  author = {Usue Mori and Alexander Mendiburu and Jose A. Lozano},
  journal = {{R} Journal},
  year = {2016},
  volume = {8},
  number = {2},
  pages = {451--459},
  url = {https://journal.r-project.org/archive/2016/RJ-2016-058/index.html},
}

@Article{wang2007,
  title = {On Fuzzy Cluster Validity Indices},
  author = {Weina Wang and Yunjie Zhang},
  journal = {Fuzzy sets and systems},
  volume = {158},
  number = {19},
  pages = {2095--2117},
  year = {2007},
  publisher = {Elsevier},
  url = {https://doi.org/10.1016/j.fss.2007.03.004},
}

@Article{wang2013,
  year = {2013},
  issn = {1384-5810},
  journal = {Data Mining and Knowledge Discovery},
  volume = {26},
  number = {2},
  title = {Experimental Comparison of Representation Methods and Distance Measures for Time Series Data},
  url = {https://doi.org/10.1007/s10618-012-0250-5},
  publisher = {Springer-Verlag},
  author = {Xiaoyue Wang and Abdullah Mueen and Hui Ding and Goce Trajcevski and Peter Scheuermann and Eamonn Keogh},
  pages = {275-309},
}
