%%%%%%%%%%%%%%%%%%%%%%%%%%%%%%%%%%%%%%%%%%%%%%%%%%%%%%%%%%%%%%%%
%% RDROBUST -- BIBTEX
%% Date   : 20-Mar-2015
%% Authors: Calonico, Cattaneo and Titiunik
%% Article: R Journal
%%%%%%%%%%%%%%%%%%%%%%%%%%%%%%%%%%%%%%%%%%%%%%%%%%%%%%%%%%%%%%%%

@article{Abadie-Imbens_2006_ECMA,
  author =	 {Abadie, Alberto and Guido W. Imbens},
  title =	 {Large Sample Properties of Matching Estimators for
                  Average Treatment Effects},
  journal =	 {Econometrica},
  volume =	 74,
  number =	 1,
  pages =	 {235--267},
  year =	 2006
}

@TechReport{Calonico-Cattaneo-Farrell_2015_wp,
  author =	 {Calonico, Sebastian and Matias D. Cattaneo and Max
                  H. Farrell},
  title =	 {On the Effect of Bias Estimation on Coverage
                  Accuracy in Nonparametric Estimation},
  institution =	 {University of Michigan},
  year =	 2015,
  type =	 {Working paper},
}

@article{Calonico-Cattaneo-Titiunik_2015_JASA,
  author =	 {Calonico, Sebastian and Matias D. Cattaneo and Rocio
                  Titiunik},
  title =	 {Optimal Data-Driven Regression Discontinuity Plots},
  journal =	 {Journal of the American Statistical Association},
  year =	 {{in press}},
  doi =		 {10.1080/01621459.2015.1017578},
}

@article{Calonico-Cattaneo-Titiunik_2014_ECMA,
  author =	 {Calonico, Sebastian and Matias D. Cattaneo and Rocio
                  Titiunik},
  title =	 {Robust Nonparametric Confidence Intervals for
                  Regression-Discontinuity Designs},
  journal =	 {Econometrica},
  volume =	 82,
  number =	 6,
  pages =	 {2295--2326},
  year =	 2014
}

@article{Calonico-Cattaneo-Titiunik_2014_ECMA-supplement,
  author =	 {Calonico, Sebastian and Matias D. Cattaneo and Rocio
                  Titiunik},
  title =	 {Supplement to `Robust Nonparametric Confidence
                  Intervals for Regression-Discontinuity Designs'},
  journal =	 {Econometrica Supplemental Material},
  volume =	 82,
  doi =		 {10.3982/ECTA11757},
  url =		 {http://dx.doi.org/10.3982/ECTA11757},
  year =	 2014
}

@article{Calonico-Cattaneo-Titiunik_2014_STATA,
  author =	 {Calonico, Sebastian and Matias D. Cattaneo and Rocio
                  Titiunik},
  title =	 {Robust Data-Driven Inference in the
                  Regression-Discontinuity Design},
  journal =	 {Stata Journal},
  volume =	 14,
  number =	 4,
  pages =	 {909--946},
  year =	 2014
}

@TechReport{Card-Lee-Pei-Weber_2014_wp,
  author =	 {Card, David and David S. Lee and Zhuan Pei and
                  Andrea Weber},
  title =	 {Inference on Causal Effects in a Generalized
                  Regression Kink Design},
  institution =	 {UC Berkley},
  type =	 {Working paper},
  year =	 2014
}

@article{Cattaneo-Farrell_2013_JoE,
  author =	 {Cattaneo, Matias D. and Max H. Farrell},
  title =	 {Optimal Convergence Rates, {B}ahadur Representation,
                  and Asymptotic Normality of Partitioning Estimators},
  journal =	 {Journal of Econometrics},
  volume =	 174,
  number =	 2,
  pages =	 {127--143},
  year =	 2013
}

@article{Cattaneo-Frandsen-Titiunik_2015_JCI,
  author =	 {Cattaneo, Matias D. and Brigham Frandsen and Rocio
                  Titiunik},
  title =	 {Randomization Inference in the Regression
                  Discontinuity Design: An Application to Party
                  Advantages in the {U.S. Senate}},
  journal =	 {Journal of Causal Inference},
  volume =	 3,
  number =	 1,
  pages =	 {1--24},
  year =	 2015
}

@book{Fan-Gijbels_1996_Book,
  author =	 {Fan, J. and I. Gijbels},
  title =	 {Local Polynomial Modelling and Its Applications},
  publisher =	 {Chapman \& Hall/CRC},
  address =	 {New York},
  year =	 1996
}

@article{ Hahn-Todd-vanderKlaauw_2001_ECMA,
  author =	 {Hahn, Jinyong and Petra Todd and Wilbert van der
                  Klaauw},
  title =	 {Identification and Estimation of Treatment Effects
                  with a Regression-Discontinuity Design},
  journal =	 {Econometrica},
  volume =	 69,
  number =	 1,
  pages =	 {201--209},
  year =	 2001
}

@incollection{ Heckman-Vytlacil_2007_Handbook,
  author =	 {Heckman, James J. and Edward J. Vytlacil},
  title =	 {Econometric Evaluation of Social Programs, Part {I}:
                  Causal Models, Structural Models and Econometric
                  Policy Evaluation},
  booktitle =	 {Handbook of Econometrics},
  volume =	 {VI},
  editor =	 {Heckman, James and E. Leamer},
  publisher =	 {Elsevier Science B.V.},
  pages =	 {4780--4874},
  year =	 2007
}

@article{ Imbens-Kalyanaraman_2012_REStud,
  author =	 {Imbens, Guido W. and Karthik Kalyanaraman},
  title =	 {Optimal Bandwidth Choice for the Regression
                  Discontinuity Estimator},
  journal =	 {Review of Economic Studies},
  volume =	 79,
  number =	 3,
  pages =	 {933--959},
  year =	 2012
}

@article{ Imbens-Wooldridge_2009_JEL,
  author =	 {Imbens, Guido W. and J. M. Wooldridge},
  title =	 {Recent Developments in the Econometrics of Program
                  Evaluation},
  journal =	 {Journal of Economic Literature},
  volume =	 47,
  number =	 1,
  pages =	 {5--86},
  year =	 2009
}

@article{ Imbens-Lemieux_2008_JoE,
  author =	 {Imbens, Guido and Thomas Lemieux},
  title =	 {Regression Discontinuity Designs: A Guide to
                  Practice},
  journal =	 {Journal of Econometrics},
  volume =	 142,
  number =	 2,
  pages =	 {615--635},
  year =	 2008
}

@article{ Lee_2008_JoE,
  author =	 {Lee, David S.},
  title =	 {Randomized Experiments from Non-random Selection in
                  {U.S. House} Elections},
  journal =	 {Journal of Econometrics},
  volume =	 142,
  number =	 2,
  pages =	 {675--697},
  year =	 2008
}

@article{ Lee-Lemieux_2010_JEL,
  author =	 {Lee, David S. and Thomas Lemieux},
  title =	 {Regression Discontinuity Designs in Economics},
  journal =	 {Journal of Economic Literature},
  volume =	 48,
  number =	 2,
  pages =	 {281--355},
  year =	 2010
}

@TechReport{ Porter_2003_wp,
  author =	 {Porter, Jack},
  title =	 {Estimation in the Regression Discontinuity Model},
  institution =	 {University of Wisconsin},
  type =	 {Working paper},
  year =	 2003
}

@book{ Wand-Jones_1995_Book,
  author =	 {Wand, M.P. and M.C. Jones},
  title =	 {Kernel Smoothing},
  publisher =	 {Chapman \& Hall/CRC},
  address =	 {Florida},
  year =	 1995
}

@Manual{rdrobust,
  title =	 {rdrobust: Robust Data-Driven Statistical Inference
                  in Regression-Discontinuity Designs},
  author =	 {Sebastian Calonico and Matias D. Cattaneo and Rocio
                  Titiunik},
  year =	 2015,
  note =	 {R package version 0.80},
  url =		 {http://CRAN.R-project.org/package=rdrobust},
}

@Manual{Stata13,
  author =	 {{StataCorp.}},
  title =	 {Stata Data Analysis Statistical Software:
                  Release~13},
  year =	 2013,
  organization = {StataCorp LP},
  address =	 {College Station, TX},
  url =		 {http://www.stata.com/}
}
@book{Calonico-Cattaneo-Titiunik_2014_Stata,
author = {S.~{Calonico, M.~D. Cattaneo, and R.~Titiunik}},
title = {{Robust data-driven inference in the regression-discontinuity design}},
publisher = {Stata Journal 14 (4): ,natexlabb},
pages = {909--946},
year = {2014}
}
@book{Hahn-Todd-vanderKlaauw_2001_ECMA,
author = {J.~{Hahn, P.~Todd, and W.~van~der Klaauw}},
title = {{Identification and estimation of treatment effects with a regression-discontinuity design}},
publisher = {Econometrica 69 (1):},
pages = {201--209},
year = {2001}
}
@book{Heckman-Vytlacil_2007_Handbook,
author = {J.~J. {Heckman and E.~J. Vytlacil}},
title = {{Econometric evaluation of social programs, part I: Causal models, structural models and econometric policy evaluation}},
publisher = {In J.~Heckman and E.~Leamer editors Handbook ofEconometrics volume~VI pages  Elsevier Science B.V.},
pages = {4780--4874},
year = {2007}
}
@book{Imbens-Lemieux_2008_JoE,
author = {G.~{Imbens and T.~Lemieux}},
title = {{Regression discontinuity designs: A guide to practice}},
publisher = {Journal of Econometrics 142 (2):},
pages = {615--635},
year = {2008}
}
@book{Imbens-Kalyanaraman_2012_REStud,
author = {G.~W. {Imbens and K.~Kalyanaraman}},
title = {{Optimal bandwidth choice for the regression discontinuity estimator}},
publisher = {Review of Economic Studies 79 (3):},
pages = {933--959},
year = {2012}
}
@book{Imbens-Wooldridge_2009_JEL,
author = {G.~W. {Imbens and J.~M. Wooldridge}},
title = {{Recent developments in the econometrics of program evaluation}},
publisher = {Journal of Economic Literature 47 (1):},
pages = {5--86},
year = {2009}
}
@book{Lee_2008_JoE,
author = {D.~S. {Lee}},
title = {{Randomized experiments from non-random selection in U.S. House elections}},
publisher = {Journal of Econometrics 142 (2):},
pages = {675--697},
year = {2008}
}
@book{Lee-Lemieux_2010_JEL,
author = {D.~S. {Lee and T.~Lemieux}},
title = {{Regression discontinuity designs in economics}},
publisher = {Journal of Economic Literature 48 (2):},
pages = {281--355},
year = {2010}
}
@book{Porter_2003_wp,
author = {J.~{Porter}},
title = {{Estimation in the regression discontinuity model}},
publisher = {Working paper University of Wisconsin},
year = {2003}
}
@book{Wand-Jones_1995_Book,
author = {M.~{Wand and M.~Jones}},
title = {{Kernel Smoothing}},
publisher = {Chapman & Hall/CRC Florida},
year = {1995}
}




