
@misc{amazon_amazon_2019,
	title = {Amazon {{EC2 Pricing}}},
	author = {Amazon},
	year = {2019},
	url = {https://aws.amazon.com/ec2/pricing/},
	journal = {Amazon Web Services, Inc.}
}

@misc{arend_minitab_2010,
	title = {Minitab 17 {{Statistical Software}}},
	author = {Arend, Dominic},
	year = {2010},
	
}

@article{arnholt_using_2018,
	title = {Using a {{Shiny}} App to Teach the Concept of Power},
	author = {Arnholt, Alan T.},
	year = {2018},
	url = {https://doi.org/10.1111/test.12186},
	journal = {Teaching Statistics}
}

@article{assaad_rapid_2014,
	title = {Rapid Publication-Ready {{MS}}-{{Word}} Tables for One-Way {{ANOVA}}},
	author = {Assaad, Houssein I. and Zhou, Lan and Carroll, Raymond J. and Wu, Guoyao},
	year = {2014},
	volume = {\textbf{3}},
	pages = {474},
	url = {https://doi.org/10.1186/2193-1801-3-474},
	journal = {SpringerPlus},
	number = {1}
}

@article{baker_1500_2016,
	title = {1,500 Scientists Lift the Lid on Reproducibility},
	author = {Baker, Monya},
	year = {2016},
	volume = {\textbf{533}},
	pages = {452},
	url = {https://doi.org/10.1038/533452a},
	journal = {Nature News},
	number = {7604}
}

@phdthesis{beck_investigating_2014,
	title = {Investigating the Use of Classification Models to Study Microbial Community Associations with Bacterial Vaginosis},
	author = {Beck, Daniel},
	year = {2014},
	
	school = {University of Idaho}
}

@book{beeley_web_2013,
	title = {Web {{Application Development}} with {{R Using Shiny}}},
	author = {Beeley, Chris},
	year = {2013},
	edition = {First},
	publisher = {{Olton: Packt Publishing Ltd}}
}

@article{burkhardt_perennial_2019,
	title = {Perennial Crop Legacy Effects on Nematode Community Structure in Semi-Arid Wheat Systems},
	author = {Burkhardt, Andy and Briar, Shabeg S. and Martin, John M. and Carr, Patrick M. and Lachowiec, Jennifer and Zabinski, Cathy and Roberts, David W. and Miller, Perry and Sherman, Jamie},
	year = {2019},
	url = {https://doi.org/10.1016/j.apsoil.2018.12.020},
	journal = {Applied Soil Ecology}
}


@misc{chang_shiny_2018,
	title = {{\textbf{Shiny}}: {{Web Application Framework}} for {{R}}},
	author = {Chang, Winston and Cheng, Joe and Allaire, J. J. and Xie, Yihui and McPherson, Jonathan},
	year = {2018},
	note = {R package version 1.2.0}
}

@techreport{charpentier_web_2013,
	title = {Web Application {{Security}}},
	author = {Charpentier, Jose},
	year = {2013},
	pages = {39},
	
	institution = {{Halmstad University}},
	number = {Network Project, 7.5 hp}
}

@article{chen_interactive_2018,
	title = {Interactive Calculator for Operating Characteristics of Phase {{I}} Cancer Clinical Trials Using Standard 3+3 Designs},
	author = {Chen, Zhengjia and Zheng, Youyun and Wang, Zhibo and Kutner, Michael and Curran, Walter J. and Kowalski, Jeanne},
	year = {2018},
	volume = {\textbf{12}},
	pages = {145--153},
	url = {https://doi.org/10.1016/j.conctc.2018.10.006},
	journal = {Contemporary Clinical Trials Communications}
}

@misc{cheng_shiny_2017,
	title = {Shiny - {{Modularizing Shiny}} App Code},
	author = {Cheng, Joe},
	year = {2017},
	url = {https://shiny.rstudio.com/articles/modules.html},
	journal = {Shiny from RStudio}
}

@misc{cheng_shiny_2019,
	title = {Shiny - {{Modularizing Shiny}} App Code},
	author = {Cheng, Joe},
	year = {2019},
	url = {http://shiny.rstudio-staging.com/articles/modules.html},
	journal = {Modularizing Shiny app code}
}

@misc{cloudflare_what_2019,
	title = {What {{Is}} a {{Distributed Denial}}-of-{{Service}} ({{DDoS}}) {{Attack}}?},
	author = {Cloudflare},
	year = {2019},
	url = {https://www.cloudflare.com/en-au/learning/ddos/what-is-a-ddos-attack/},
	journal = {Cloudflare}
}

@misc{core_team_rstudio_2012,
	title = {{{RStudio Pricing}}},
	author = {Core Team, R},
	year = {2012},
	url = {https://www.rstudio.com/pricing/},
	journal = {RStudio}
}

@article{courtney_dealing_2018,
	title = {Dealing with Non-Normality: An Introduction and Step-by-Step Guide Using {{R}}},
	author = {Courtney, Matthew G. R. and Chang, Kevin C.},
	year = {2018},
	volume = {\textbf{40}},
	pages = {51--59},
	url = {https://doi.org/10.1111/test.12154},
	journal = {Teaching Statistics},
	number = {2}
}

@article{depalma_determination_2017,
	title = {Determination of Disk Diffusion Susceptibility Testing Interpretive Criteria Using Model-Based Analysis: Development and Implementation},
	
	author = {DePalma, Glen and Turnidge, John and Craig, Bruce A.},
	year = {2017},
	
	volume = {\textbf{87}},
	pages = {143--149},
	
	url = {https://doi.org/10.1016/j.diagmicrobio.2016.03.004},
	journal = {Diagnostic Microbiology and Infectious Disease},
	
	number = {2}
}

@phdthesis{depalma_disk_2013,
	title = {Disk Diffusion Breakpoint Determination Using a {{Bayesian}} Nonparametric Variation of the Errors-in-Variables Model},
	author = {DePalma, Glen},
	year = {2013},
	
	school = {Purdue University}
}

@article{diaz-gay_mutational_2018,
	title = {Mutational {{Signatures}} in {{Cancer}} ({{{\textbf{MuSiCa}}}}): A Web Application to Implement Mutational Signatures Analysis in Cancer Samples},
author = {{D{\'i}az-Gay}, Marcos and {Vila-Casades{\'u}s}, Maria and {Franch-Exp{\'o}sito}, Sebasti{\`a} and {Hern{\'a}ndez-Ill{\'a}n}, Eva and Lozano, Juan Jos{\'e} and {Castellv{\'i}-Bel}, Sergi},
year = {2018},
volume = {\textbf{19}},
pages = {224},
url = {https://doi.org/10.1186/s12859-018-2234-y},
journal = {BMC Bioinformatics},
number = {1}
}

@article{donoho_50_2017,
	title = {50 {{Years}} of {{Data Science}}},
	author = {Donoho, David},
	year = {2017},
	volume = {26},
	pages = {745--766},
	url = {https://doi.org/10.1080/10618600.2017.1384734},
	journal = {Journal of Computational and Graphical Statistics},
	number = {4}
}

@article{dwivedi_shinygispa_2018,
	title = {{{{\textbf{shinyGISPA}}}}: {{A}} Web Application for Characterizing Phenotype by Gene Sets Using Multiple Omics Data Combinations},
author = {Dwivedi, Bhakti and Kowalski, Jeanne},
year = {2018},
volume = {\textbf{13}},
url = {https://doi.org/10.1371/journal.pone.0192563},
journal = {PLoS ONE},
number = {2}
}

@misc{fayram_functional_2011,
	title = {Functional {{Programming Is Hard}}, {{That}}'s {{Why It}}'s {{Good}}},
	author = {Fayram, David},
	year = {2011},
	url = {https://www.pixelstech.net/article/1318920938-Functional-Programming-Is-Hard-That-s-Why-It-s-Good},
	journal = {An Opinionated Man}
}

@article{feng_armadillo_2017,
	title = {{\textbf{Armadillo }}{{{\textbf{Mapper}}}}: {{A Case Study}} of an {{Online Application}} to {{Update Estimates}} of {{Species}}' {{Potential Distributions}}},
author = {Feng, Xiao and Castro, Mariela C. and Linde, Evan and Pape{\c s}, Monica},
year = {2017},
volume = {\textbf{10}},
url = {https://doi.org/10.1177/1940082917724133},
journal = {Tropical Conservation Science}
}

@misc{gabry_shinystan_2018,
	title = {Shinystan: {{Interactive Visual}} and {{Numerical Diagnostics}} and {{Posterior Analysis}} for {{Bayesian Models}}},
	author = {Gabry, Jonah and Team, Stan Development and Andreae, Michael and Betancourt, Michael and Carpenter, Bob and Gao, Yuanjun and Gelman, Andrew and Goodrich, Ben and Lee, Daniel and Song, Dongying and Trangucci, Rob},
	year = {2018}
}

@article{ge_idep_2018,
	title = {{{{\textbf{iDEP}}}}: An Integrated Web Application for Differential Expression and Pathway Analysis of {{RNA}}-{{Seq}} Data},
author = {Ge, Steven Xijin and Son, Eun Wo and Yao, Runan},
year = {2018},
volume = {\textbf{19}},
url = {https://doi.org/10.1186/s12859-018-2486-6},
journal = {BMC Bioinformatics}
}

@misc{grolemund_shiny_2015,
	title = {Shiny - {{How}} to Understand Reactivity in {{R}}},
	author = {Grolemund, Garrett},
	year = {2015},
	url = {https://shiny.rstudio.com/articles/understanding-reactivity.html},
	journal = {How to understand reactivity in R}
}

@inproceedings{gunuganti_application_2018,
	title = {Application {{Development Framework}} for {{R}}/{{Shiny}}},
	booktitle = {{{PharmaSUG}} 2018 {{Conference Proceedings}}},
	author = {Gunuganti, Ashok},
	year = {2018},
	volume = {AD-24},
	pages = {9},
	publisher = {{PharmaSUG}}
}

@phdthesis{guo_developing_2018,
	title = {Developing a {{Visualization Tool}} for {{Unsupervised Machine Learning Techniques}} on *{{Omics Data}}},
	author = {Guo, Jiayuan},
	year = {2018},
	school = {University of Washington}
}

@misc{hansen_rstudio_2018,
	title = {Rstudio - {{Reload Shiny App}} When Using Source'ed Modules without Restart},
	author = {Hansen, Kent},
	year = {2018},
	url = {https://stackoverflow.com/questions/50169896/reload-shiny-app-when-using-sourceed-modules-without-restart},
	journal = {Stack Overflow}
}

@phdthesis{hartell_earthquake_2014,
	title = {Earthquake Risk in {{Indonesia}}: {{Parametric}} Contingent Claims for Humanitarian Response and Financial Institution Resiliency},
	author = {Hartell, Jason},
	year = {2014},
	school = {University of Kentucky}
}

@article{hsu_attentional_2018,
	title = {Attentional Bias Modification Treatment for Depression: {{Study}} Protocol for a Randomized Controlled Trial},
	author = {Hsu, Kean J. and Caffey, Kayla and Pisner, Derek and Shumake, Jason and Risom, Semeon and Ray, Kimberly L. and Smits, Jasper A. J. and Schnyer, David M. and Beevers, Christopher G.},
	year = {2018},
	volume = {\textbf{75}},
	pages = {59--66},
	url = {https://doi.org/10.1016/j.cct.2018.10.014},
	journal = {Contemporary Clinical Trials}
}

@article{jahanshiri_developing_2014,
	title = {Developing Web-Based Data Analysis Tools for Precision Farming Using {{R}} and {{Shiny}}},
	author = {Jahanshiri, Ebrahim and Shariff, Abdul Rashid Mohd},
	year = {2014},
	volume = {\textbf{20}},
	url = {https://doi.org/10.1088/1755-1315/20/1/012014},
	journal = {IOP Conference Series: Earth and Environmental Science},
	number = {1}
}

@article{jayaraman_internet_2016,
	title = {Internet of {{Things Platform}} for {{Smart Farming}}: {{Experiences}} and {{Lessons Learnt}}},
	author = {Jayaraman, Prem Prakash and Yavari, Ali and Georgakopoulos, Dimitrios and Morshed, Ahsan and Zaslavsky, Arkady},
	year = {2016},
	volume = {\textbf{16}},
	pages = {1884},
	url = {https://doi.org/10.3390/s16111884},
	journal = {Sensors},
	number = {11}
}

@inproceedings{kacha_overview_2018,
	title = {An {{Overview}} on {{Data Security}} in {{Cloud Computing}}},
	author = {Kacha, Lynda and Zitouni, Abdelhafid},
	year = {2018},
	pages = {250--261},
	url = {https://doi.org/10.1007/978-3-319-67618-0_23}
}

@article{kandlikar_ranacapa_2018,
	title = {{\textbf{Ranacapa}}: {{An R}} Package and {{Shiny}} Web App to Explore Environmental {{DNA}} Data with Exploratory Statistics and Interactive Visualizations},
	author = {Kandlikar, Gaurav S. and Gold, Zachary J. and Cowen, Madeline C. and Meyer, Rachel S. and Freise, Amanda C. and Kraft, Nathan J.B. and {Moberg-Parker}, Jordan and Sprague, Joshua and Kushner, David J. and Curd, Emily E.},
	year = {2018},
	volume = {\textbf{7}},
	url = {https://doi.org/10.12688/f1000research.16680.1},
	journal = {F1000Research}
}

@article{klein_webxtreme_2017,
	title = {{{{\textbf{webXTREME}}}}: {{R}}-Based Web Tool for Calculating Agroclimatic Indices of Extreme Events},
author = {Klein, Tommy and Samourkasidis, Argyrios and Athanasiadis, Ioannis N. and Bellocchi, Gianni and Calanca, Pierluigi},
year = {2017},
volume = {\textbf{136}},
pages = {111--116},
url = {https://doi.org/10.1016/j.compag.2017.03.002},
journal = {Computers and Electronics in Agriculture}
}

@misc{kohli_shinytesterfunctions_2017,
	title = {ShinyTester: Functions to Minimize Bonehead Moves While Working with 'shiny'},
	author = {Amit Kohli},
	year = {2017},
	note = {R package version 0.1.0},
	url = {https://CRAN.R-project.org/package=ShinyTester}
}

@article{korkmaz_mlvis_2015,
	title = {{{{\textbf{MLViS}}}}: {{A Web Tool}} for {{Machine Learning}}-{{Based Virtual Screening}} in {{Early}}-{{Phase}} of {{Drug Discovery}} and {{Development}}},
author = {Korkmaz, Selcuk and Zararsiz, Gokmen and Goksuluk, Dincer},
year = {2015},
volume = {\textbf{10}},
url = {https://doi.org/http://dx.doi.org.proxy.library.adelaide.edu.au/10.1371/journal.pone.0124600},
journal = {PLoS One; San Francisco},
number = {4}
}

@book{landau_handbook_2004,
	title = {A Handbook of Statistical Analyses Using {{SPSS}}},
	author = {Landau, Sabine and Everitt, Brian},
	year = {2004},
	publisher = {{Chapman \& Hall/CRC}}
}

@phdthesis{laney_toward_2013,
	title = {Toward New Data and Information Management Solutions for Data-Intensive Ecological Research},
	author = {Laney, Christine Marie},
	year = {2013},
	school = {The University of Texas at El Paso}
}

@article{lazerte_feedr_2017,
	title = {Feedr and Animalnexus.ca: {{A}} Paired {{R}} Package and User-Friendly {{Web}} Application for Transforming and Visualizing Animal Movement Data from Static Stations},
	author = {LaZerte, Stefanie E. and Reudink, Matthew W. and Otter, Ken A. and Kusack, Jackson and Bailey, Jacob M. and Woolverton, Austin and Paetkau, Mark and de Jong, Adriaan and Hill, David J.},
	year = {2017},
	volume = {\textbf{7}},
	pages = {7884--7896},
	url = {https://doi.org/10.1002/ece3.3240},
	journal = {Ecology and Evolution},
	number = {19}
}

@article{li_bioinstaller_2018,
	title = {{{BioInstaller}}: A Comprehensive {{R}} Package to Construct Interactive and Reproducible Biological Data Analysis Applications Based on the {{R}} Platform},
	author = {Li, Jianfeng and Cui, Bowen and Dai, Yuting and Bai, Ling and Huang, Jinyan},
	year = {2018},
	volume = {\textbf{6}},
	url = {https://doi.org/10.7717/peerj.5853},
	journal = {PeerJ}
}

@misc{microsoft_pricing_2019,
	title = {Pricing \textendash{} {{Linux Virtual Machines}} | {{Microsoft Azure}}},
	author = {Microsoft},
	year = {2019},
	url = {https://azure.microsoft.com/en-au/pricing/details/virtual-machines/linux/},
	journal = {Linux Virtual Machines Pricing}
}

@misc{mitchell_personal_2018,
	title = {Personal {{Communication}}},
	author = {Mitchell, Lachlan},
	year = {2018}
}

@misc{mitchell_shiny_2018,
	title = {Shiny Applications without {{Shiny}}},
	author = {Mitchell, Emily},
	year = {2018},
	url = {http://washstat.org/presentations/20181024/Mitchell.pdf}
}

@misc{moler_matlab_2012,
	title = {{{MATLAB}} 8.0 and {{Statistics Toolbox}} 8.1},
	author = {Moler, Clive and Mathworks},
	year = {2012}
}

@book{moon_learn_2016,
	title = {Learn ggplot2 {{Using Shiny App}}},
	author = {Moon, Keon-Moon},
	year = {2016},
	publisher = {{Springer}},
	number = {2197-5736},
	series = {Use {{R}}!}
}

@article{moraga_spatialepiapp_2017,
	title = {{{SpatialEpiApp}}: {{A Shiny}} Web Application for the Analysis of Spatial and Spatio-Temporal Disease Data},
	author = {Moraga, Paula},
	year = {2017},
	volume = {\textbf{23}},
	pages = {47--57},
	url = {https://doi.org/10.1016/j.sste.2017.08.001},
	journal = {Spatial and Spatio-temporal Epidemiology}
}

@article{mose_application_2017,
	title = {Application of Open Source Tools for Biodiversity Conservation and Natural Resource Management in {{East Africa}}},
	author = {Mose, Victor N. and Western, David and Tyrrell, Peter},
	year = {2017},
	url = {https://doi.org/10.1016/j.ecoinf.2017.09.006},
	journal = {Ecological Informatics}
}

@article{munafo_manifesto_2017,
	title = {A Manifesto for Reproducible Science},
	author = {Munaf{\`o}, Marcus R. and Nosek, Brian A. and Bishop, Dorothy V. M. and Button, Katherine S. and Chambers, Christopher D. and {Percie du Sert}, Nathalie and Simonsohn, Uri and Wagenmakers, Eric-Jan and Ware, Jennifer J. and Ioannidis, John P. A.},
	year = {2017},
	volume = {\textbf{1}},
	url = {https://doi.org/10.1038/s41562-016-0021},
	journal = {Nature Human Behaviour},
	number = {1}
}

@phdthesis{niu_mass_2017,
	title = {Mass {{Spectrometry}}-{{Based Structural Proteomics}}: {{Methodology}} and {{Application}} of {{Fast Photochemical Oxidation}} of {{Proteins}} ({{FPOP}})},
	author = {Niu, Ben},
	year = {2017},
	school = {Washington University in St. Louis}
}

@phdthesis{parvandeh_epistasis_2018,
	title = {Epistasis {{Network}} and {{Machine Learning Methods}} for the {{Analysis}} of {{Biological Large Data}}},
	author = {Parvandeh, Saeid},
	year = {2018},
	school = {The University of Tulsa}
}

@misc{payne_genstat_2007,
	title = {{{GenStat}}},
	author = {Payne, R.W and Murray, D.A and Harding, S.A and Baird, D.B and Soutar, D.M},
	year = {2007}
}

@incollection{rogers_evolution_2001,
	title = {Evolution: {{Diffusion}} of {{Innovations}}},
	booktitle = {International {{Encyclopedia}} of the {{Social}} \& {{Behavioral Sciences}}},
	author = {Rogers, M.},
	editor = {Smelser, Neil J. and Baltes, Paul B.},
	year = {2001},
	pages = {4982--4986},
	publisher = {{Pergamon}},
	url = {https://doi.org/10.1016/B0-08-043076-7/03094-1}
}

@misc{schloerke_reactlog_2019,
	title = {{\textbf{Reactlog}}: {{Reactivity Visualizer}} for 'Shiny'},
	author = {Schloerke, Barret and Cheng, Joe},
	year = {2019}
}

@article{sieriebriennikov_ninja_2014,
	title = {{{NINJA}}: {{An}} Automated Calculation System for Nematode-Based Biological Monitoring},
	author = {Sieriebriennikov, Bogdan and Ferris, Howard and {de Goede}, Ron G. M.},
	year = {2014},
	volume = {\textbf{61}},
	pages = {90--93},
	url = {https://doi.org/10.1016/j.ejsobi.2014.02.004},
	journal = {European Journal of Soil Biology}
}

@misc{core_team_shiny_2017,
	title = {Shiny  {{Welcome}} to {{Shiny}}},
	author = {{R Core Team}},
	year = {2017},
	url = {https://shiny.rstudio.com/tutorial/written-tutorial/lesson1/},
	journal = {Welcome to Shiny}
}

@book{r_core_team_r_2019,
	title = {{\textbf{R}}: {{A Language}} and {{Environment}} for {{Statistical Computing}}},
	author = {{R Core Team}},
	year = {2019},
	publisher = {{R Foundation for Statistical Computing}},
	address = {{Vienna, Austria}}
}

@article{wages_web_2018,
	title = {A Web Tool for Designing and Conducting Phase {{I}} Trials Using the Continual Reassessment Method},
	author = {Wages, Nolan A. and Petroni, Gina R.},
	year = {2018},
	volume = {\textbf{18}},
	url = {https://doi.org/10.1186/s12885-018-4038-x},
	journal = {BMC Cancer}
}

@article{whateley_web-based_2015,
	title = {A Web-Based Screening Model for Climate Risk to Water Supply Systems in the Northeastern {{United States}}},
	author = {Whateley, Sarah and Walker, Jeffrey D. and Brown, Casey},
	year = {2015},
	volume = {\textbf{73}},
	pages = {64--75},
	url = {https://doi.org/10.1016/j.envsoft.2015.08.001},
	journal = {Environmental Modelling \& Software}
}

@Book{wickham_ggplot2_2018,
	author = {Hadley Wickham},
	title = {ggplot2: Elegant Graphics for Data Analysis},
	publisher = {Springer-Verlag New York},
	year = {2016},
	isbn = {978-3-319-24277-4},
	url = {https://ggplot2.tidyverse.org},
}

@article{williams_using_2018,
	title = {Using an {{R}} Shiny to Enhance the Learning Experience of Confidence Intervals},
	author = {Williams, Immanuel James and Williams, Kelley Kim},
	year = {2018},
	volume = {\textbf{40}},
	pages = {24--28},
	url = {https://doi.org/10.1111/test.12145},
	journal = {Teaching Statistics},
	number = {1}
}

@article{wojciechowski_interactive_2015,
	title = {Interactive {{Pharmacometric Applications Using R}} and the {{Shiny Package}}},
	author = {Wojciechowski, J. and Hopkins, A. M. and Upton, R. N.},
	year = {2015},
	volume = {\textbf{4}},
	pages = {146--159},
	url = {https://doi.org/10.1002/psp4.21},
	journal = {CPT: Pharmacometrics \& Systems Pharmacology},
	number = {3}
}

@article{yi_zika_2017,
	title = {Zika Infection of Neural Progenitor Cells Perturbs Transcription in Neurodevelopmental Pathways},
	author = {Yi, Lynn and Pimentel, Harold and Pachter, Lior},
	year = {2017},
	volume = {\textbf{12}},
	url = {https://doi.org/http://dx.doi.org.proxy.library.adelaide.edu.au/10.1371/journal.pone.0175744},
	journal = {PLoS One; San Francisco},
	number = {4}
}

@phdthesis{yin_bayesian_2014,
	title = {Bayesian {{Statistical Modeling}} in {{Epidemics}} and the {{Contact Networks}} That {{Transmit Them}}},
	author = {Yin, Jun},
	year = {2014},
	school = {The University of Iowa}
}

@article{zhou_robustly_2014,
	title = {Robustly Detecting Differential Expression in {{RNA}} Sequencing Data Using Observation Weights},
	author = {Zhou, Xiaobei and Lindsay, Helen and Robinson, Mark D.},
	year = {2014},
	volume = {\textbf{42}},
	url = {https://doi.org/10.1093/nar/gku310},
	journal = {Nucleic Acids Research},
	number = {11}
}
