@Book{Andersen1993,
  title = {Statistical Models Based on Counting Processes},
  publisher = {Springer-Verlag},
  year = {1993},
  author = {P. K. Andersen and {\O}. Borgan and R. D. Gill and N. Keiding},
  address = {New York}
}

@Book{Hougaard2000,
  title = {Analysis of Multivariate Survival Data},
  publisher = {Springer-Verlag},
  year = {2000},
  author = {Hougaard, P.},
  series = {Statistics for Biology and Health},
  address = {New York}
}


@Book{Beyersmann2012,
  title = {Competing Risks
and Multistate Models with R},
  publisher = {Springer},
  year = {2012},
  author = {Beyersmann, J. Schumacher, M. and Allignol, A.},
  address = {New York}
}


@Book{Borgan2005,
  title = {Encyclopedia of biostatistics: Aalen-Johansen estimator},
  publisher = {John Wiley \& Sons},
  year = {2005},
  author = {Borgan, O.},
}


@Article{Moertel1995,
  author = {Moertel, CG and Fleming, TR and Macdonald, JS and Haller, DG and Laurie, JA and Tangen, CM and Ungerleider, JS and Emerson, WA and Tormey, DC and Glick, JH and Veeder, MH and Mailliard, JA},
  title = {Fluorouracil Plus Levamisole as Effective Adjuvant Therapy after Resection of Stage III. Colon Carcinoma: A Final Report},
  journal = {The Annals of Internal Medicine},
  year = {1995},
  volume = {122},
  	
	Number = {5},
	Pages = {321--326},
  doi = {},
  url = {}
}

@Article{VanHouwelingen2007,
  author = {Van Houwelingen, H. C.},
  title = {Dynamic prediction by landmarking in event history analysis},
  journal = {Scandinavian Journal of Statistics},
  year = {2007},
  volume = {34},
  	
	Number = {1},
	Pages = {70--85},
  doi = {},
  url = {}
}

@Article{Kay1986,
  author = {Kay, R.},
  title = {A Markov model for analyzing cancer markers and disease states in survival studies},
  journal = {Biometrics},
  year = {1986},
  volume = {42},
  	
	Number = {4},
	Pages = {457--481}
}


@Article{Hougaard1999,
  author = {Hougaard, P.},
  title = {Multi-state Models: a Review},
  journal = {Lifetime
Data Analysis},
  year = {1999},
  volume = {},
	Number = {5},
	Pages = {239–264},
  doi = {},
  url = {}
}


@Article{soutinho_machado2020,
  author = {Soutinho, G. and Meira-Machado, L.},
  title = {Methods for checking the Markov condition in multi-state survival data},
  journal = {Computational Statistics},
  year = {2021},
  volume = {},
  		Number = {},
	Pages = {},
  doi = {10.1007/s00180-021-
01139-7.},
  url = {}
}


@Article{MM-BIOM2018,
  author = {Meira-Machado, L. and Sestelo, M.},
  title = {Estimation in the progressive illness-death model: A nonexhaustive review},
  journal = {Biometrical Journal},
  year = {2018},
  volume = {61},
  doi = {10.1002/bimj.201500038},
  url = {http://onlinelibrary.wiley.com/doi/10.1002/bimj.201500038/suppinfo}
}

@article{Putter2007,
	Author = {Putter, H. and Fiocco, M. and Geskus, R. B.},
	
	Journal = {Statistics in Medicine},
	
	Number = {11},
	Pages = {2389--2430},
	Publisher = {JOHN WILEY \& SONS LTD},
	Title = {Tutorial in biostatistics: Competing risks and multi-state models},
	Volume = {26},
	Wok-Uid = {WOS:000246161400007},
	Year = {2007},
	Bdsk-Url-1 = {http://ws.isiknowledge.com/cps/openurl/service?url_ver=Z39.88-2004&rft_id=info:ut/WOS:000246161400007}
}



@article{Andersen2000,
	Author = {Andersen, PK. and Esbjerg, S and Sorensen, TIA.},
	Journal = {Statistics in Medicine},
	Number = {4},
	Pages = {587--599},
	Publisher = {},
	Title = {Multistate models for bleeding episodes and mortality in liver cirrhosis},
	Volume = {19},
	Year = {2000},
	Bdsk-Url-1 = {}
}


@article{Andersen2002,
	Author = {Andersen, P.K. and Keiding, N.},
	journal = {Statistical Methods in Medical Research},
	Number = {2},
	Pages = {91--115},
	Title = {Multi-state models for event history analysis},
	Volume = {11},
	Wok-Uid = {},
	Year = {2002}
}


@Article{MM2009,
  author = {Meira-Machado, L. and de {U\~{n}a}-\'{A}lvarez, J. and Cadarso-Su\'{a}rez, C. and Andersen, P.K.},
  title = {Multi-state models for the analysis of time to event data},
  journal = {Statistical Methods in Medical Research},
  year = {2009},
  volume = {18},
  pages = {195--222},
  owner = {hputter},
  timestamp = {2010.07.22}
}



@Article{MM-RP2011,
  author = {Meira-Machado, L. and Roca-Pardi\~{n}as, J.},
  title = {p3state.msm: Analyzing Survival Data from an Illness-Death Model},
  journal = {Journal of Statistical Software},
  year = {2011},
  volume = {38:3},
  pages = {325--344},
  owner = {hputter},
  timestamp = {2010.07.22}
}

@Article{AraujoMM2014,
	Author = {Artur Agostinho Ara{\'u}jo and Javier Roca-Pardi{\~n}as and Lu{\'\i}s Meira-Machado},
	Title = {TPmsm: Estimation of the transition probabilities in 3-state models},
           journal = {Journal of Statistical Software},
	Year = {2014},
           volume = {62},
           pages = {1--29}
           }
           
@Article{Allignol2011,
  author = {Allignol, A. and Schumacher, M. and Beyersmann, J.},
  title = {Empirical Transition Matrix of Multi-State Models: The etm Package},
  journal = {Journal of Statistical Software},
  year = {2011},
  volume = {38:4},
  pages = {1--15},
  owner = {hputter},
  timestamp = {2010.07.22}
}
  
  
  @Article{Wreede,
  author = {de Wreede, L. and Fiocco, M. and Putter, H.},
  title = {mstate: An R Package for the Analysis of Competing Risks and Multi-State Models},
  journal = {Journal of Statistical Software},
  year = {2011},
  volume = {38:7},
  pages = {1--30}
}


@Article{Balboa2018,
  author = {Balboa, V. and de {U\~{n}a}-\'{A}lvarez, J.},
  title = { Estimation of Transition Probabilities for the Illness-Death Model: Package TP.idm},
  journal = {Journal of Statistical Software},
  year = {2018},
  volume = {83:10},
  pages = {1--19},
  owner = {hputter},
  timestamp = {2010.07.22}
}

@Article{AlvarezMM2015,
	Address = {111 RIVER ST, HOBOKEN 07030-5774, NJ USA},
	Author = {de {U\~{n}a}-\'{A}lvarez, Jacobo and Meira-Machado, Luis},
	Issn = {0006-341X},
	Journal = {Biometrics},
	Number = {2},
	Pages = {364--375},
	Publisher = {WILEY-BLACKWELL},
	Title = {Nonparametric estimation of transition probabilities in the non-Markov illness-death model: A comparative study},
	Volume = {71},
	Year = {2015}}
	
@Article{Allignol2018,
  author = {Allignol, A. and Latouche, A.},
  title = {CRAN Task View: Survival Analysis},
  journal = {Version 2022-03-07, URL http://CRAN.R-project.org/view=Survival},
  year = {2022},
}


@Article{Cox1972,
  author = {Cox, D.R.},
  title = {Regression models and life tables},
  journal = {Journal of the Royal Statistical Society Series B},
  year = {1972},
  volume = {34},
  pages = {187--220},
  owner = {moreira},
  timestamp = {2011.10.12}
}

@Article{AJ1978,
  author = {Aalen, O. and Johansen, S.},
  title = {An Empirical transition matrix for non homogeneous Markov and chains based on censored observations},
  journal = {Scandinavian Journal of Statistics},
  year = {1978},
  volume = {5},
  pages = {141--150},
  owner = {moreira},
  timestamp = {2011.10.12}
}

@Article{KM1958,
  author = {Kaplan, E.L. and Meier, P.},
  title = {Nonparametric estimation from incomplete observations},
  journal = {Journal of the American Statistical Association},
  year = {1958},
  volume = {53},
  pages = {457--481},
  owner = {moreira},
  timestamp = {2010.12.22}
}

@Article{Borgan1988,
	Author = {{\O} Borgan},
	Date-Added = {2017-06-05 13:25:27 +0000},
	Date-Modified = {2017-06-05 13:27:09 +0000},
	Journal = {Encyclopedia of Biostatistics},
	Pages = {5--10},
	Title = {Aalen-Johansen Estimator},
	Volume = {1},
	Year = {1988}
	}


@Article{Moreira2013,
	Author = {Moreira, Ana and de {U\~{n}a}-\'{A}lvarez, Jacobo and Meira-Machado, Luis},
	Date-Added = {2017-06-05 13:37:20 +0000},
	Date-Modified = {2017-09-11 11:19:48 +0000},
	Issn = {1935-7524},
	Journal = {Electronical Journal of Statistics},
	Pages = {1491--1516},
	Publisher = {INST MATHEMATICAL STATISTICS},
	Title = {Presmoothing the Aalen-Johansen estimator in the illness-death model},
	Volume = {7},
	Year = {2013}
	}
	
	
@Article{Dikta1998, 
  author = {Dikta, G.},
  title = {On semiparametric random censorship models},
  journal = {Journal of Statistical Planning and Inference},
  year = {1998},
  volume = {66},
  pages = {253--279},
  owner = {moreira},
  timestamp = {2011.10.12}
}
	
	
@Article{Cao2005,
  author = {Cao, R. and Lopez-de-Ullibarri, I. and Janssen, P. and Veraverbeke, N.},
  title = {Presmoothed Kaplan-Meier and Nelson-Aalen estimators},
  journal = {Journal of Nonparametric Statistics},
  year = {2005},
  volume = {17},
  pages = {31--56},
  owner = {moreira},
  timestamp = {2011.10.12}
}


@Article{Datta2001,
  author = {Datta, S. and Satten, G.A.},
  title = {Validity of the Aalen-Johansen estimators of stage occupation probabilities and Nelson Aalen integrated transition hazards for non-Markov models},
  journal = {Statistics \& Probability Letters},
  year = {2001},
  volume = {55},
  pages = {403--411},
  owner = {moreira},
  timestamp = {2011.10.12}
}

@Article{MM2006,
  author = {Meira-Machado, L. and {de U\~{n}a}-\'{A}lvarez, J. and Cadarso-Su\'{a}rez,	C.},
  title = {Nonparametric Estimation of Transition Probabilities in a Non-Markov Illness-Death Model},
  journal = {Lifetime Data Analysis},
  year = {2006},
  volume = {12},
  pages = {325--344},
  owner = {hputter},
  timestamp = {2010.07.22}
}

@Article{Houwelingen2007,
	Author = {Van Houwelingen, Hans C.},
	Date-Added = {2017-06-05 13:41:18 +0000},
	Date-Modified = {2017-09-11 11:22:24 +0000},
	Issn = {0303-6898},
	Journal = {Scandinavian Journal of Statistics},
	Month = {marzo},
	Number = {1},
	Pages = {70--85},
	Publisher = {BLACKWELL PUBLISHING},
	Title = {Dynamic prediction by landmarking in event history analysis},
	Volume = {34},
	Year = {2007},
}

@Article{MM-SORT2016,
	Author = {Meira-Machado, Luis},
	Issn = {1696-2281},
	Journal = {SORT-Statistics and Operations Research Transactions},
	Month = {Jul-Dec},
	Number = {2},
	Pages = {375--398},
	Publisher = {INST ESTADISTICA CATALUNYA-IDESCAT},
	Times-Cited = {0},
	Title = {Smoothed landmark estimators of the transition probabilities},
	Volume = {40},
	Year = {2016}}
	
@Article{PutterSpitoni2018,
	Author = {Putter, H and Spitoni, C},
	Date-Added = {2017-06-05 13:30:53 +0000},
	Date-Modified = {2017-06-05 13:31:04 +0000},
	Journal = {Statistical Methods in Medical Research},
	Pages = {2081--2092},
	Title = {Non-parametric estimation of transition probabilities in non-Markov
	multi-state models: The landmark Aalen-Johansen estimator},
	Volume = {27},
	Year = {2018}
}


@Article{Breslow1972,
	Author = {N.E. Breslow},
	Date-Added = {2017-06-05 13:28:49 +0000},
	Date-Modified = {2017-06-05 13:29:47 +0000},
	Journal = {Journal of Royal Statistical Society, Series B},
	Pages = {216--217},
	Title = {Discussion of paper by DR Cox},
	Year = {1972}}
	

@Article{MM2015,
  author = {Meira-Machado, L. and de {U\~{n}a}-\'{A}lvarez, J. and Datta, S.},
  title = {Nonparametric estimation of conditional transition
probabilities in a non-Markov illness-death model},
  journal = {Computational Statistics},
  year = {2015},
  volume = {30},
  pages = {377--397},
  owner = {hputter},
  timestamp = {2010.07.22}
}

@Article{RodriguezMM2016,
  author = {Rodr\'{\i}guez-\'{A}lvarez, M.X. and Meira-Machado, L. and Abu-Assi, E.},
  title = {Nonparametric estimation of time-dependent ROC curves conditional on a continuous covariate},
  journal = {Statistics in medicine},
  year = {2016},
  volume = {35:7},
  pages = {1090--1102},
  owner = {luis},
  timestamp = {2010.07.22}
}

@Book{Kalbfleisch2011,
	Author = {Kalbfleisch, John D and Prentice, Ross L},
	Date-Added = {2017-06-05 13:35:02 +0000},
	Date-Modified = {2017-06-05 16:23:05 +0000},
	Publisher = {John Wiley \& Sons},
	Title = {The statistical analysis of failure time data},
	Year = {1980}
	}

@Article{Geskus2011,
	Author = {Geskus, Ronald B.},
	Issn = {0006-341X},
	Journal = {Biometrics},
	Number = {1},
	Pages = {39--49},
	Publisher = {WILEY-BLACKWELL},
	Title = {Cause-Specific Cumulative Incidence Estimation and the Fine and Gray Model Under Both Left Truncation and Right Censoring},
	Volume = {67},
	Year = {2011}
	}
	
	
	@Article{Satten2002,
	Author = {Satten, G. A. and Datta, S.},
	Issn = {0277-6715},
	Journal = {Statistics in Medicine},
	Number = {1},
	Pages = {3--19},
	Publisher = {JOHN WILEY \& SONS LTD},
	Title = {Marginal estimation for multi-stage models: waiting time distributions and competing risks analyses},
	Volume = {21},
	Year = {2002}
}


@Manual{R,
  title = {R: A Language and Environment for Statistical Computing},
  author = {{R Core Team}},
  organization = {R Foundation for Statistical Computing},
  address = {Vienna, Austria},
  year = {2021},
  url = {http://www.R-project.org/}
}
     
@Article{Moertel1990,
	Author = {Moertel , Charles G. and Fleming , Thomas R. and Macdonald , John S. and Haller , Daniel G. and Laurie , John A. and Goodman , Phyllis J. and Ungerleider , James S. and Emerson , William A. and Tormey , Douglas C. and Glick , John H. and Veeder , Michael H. and Mailliard , James A.},
	Date-Added = {2017-06-05 16:57:53 +0000},
	Date-Modified = {2017-06-05 17:53:28 +0000},
	Journal = {New England Journal of Medicine},
	Number = {6},
	Pages = {352-358},
	Title = {Levamisole and Fluorouracil for Adjuvant Therapy of Resected Colon Carcinoma},
	Volume = {322},
	Year = {1990},
	Bdsk-Url-1 = {http://dx.doi.org/10.1056/NEJM199002083220602}
	}      

@Article{Eilers1996,
	Author = {Eilers, P.H.C. and Marx, B.D.},
	Date-Added = {2017-06-05 13:30:53 +0000},
	Date-Modified = {2017-06-05 13:31:04 +0000},
	Journal = {Statistical Science},
	Pages = {89--121},
	Title = {Flexible smoothing with B-splines and penalties},
	Volume = {11},
	Year = {1996}
	}

@Book{WandJones1995,
  title = {Kernel Smoothing},
  publisher = {Chapman \& Hal},
  year = {1997},
  author = {Wand, M.P. and Jones, M.C.},
  address = {London}
}

@article{Titman2020,
  author        = {Titman, A.C. and Putter, H.},
  title         = {General tests of the Markov property in multi-state models},
  journal       = {Bio-statistics},
  year          = {2020},
  volume        = {},
  number        = {},
  pages         = {},
  doi           = {10.1093/biostatistics/kxaa030}
}

@article{Girondo2012,
  author        = {Rodriguez-Girondo, M. and de Uña-Álvarez, J.},
  title         = {A nonparametric test for Markovianity in the
illness-death model},
  journal       = {Statistics in Medicine},
  year          = {2012},
  volume        = {31},
  number        = {30},
  pages         = {4416-4427},
  doi           = {10.1002/sim.5619}
}

@article{Girondo2016,
  author        = {Rodriguez-Girondo, M. and de Uña-Álvarez, J.},
  title         = { Methods for testing the Markov condition in the
illness-death model: a comparative study},
  journal       = {Statistics in Medicine},
  year          = {2016},
  volume        = {35},
  number        = {20},
  pages         = {3549-3562},
  doi           = {10.1002/sim.6940}
}

@article{Chiou2018,
  author        = {Chiou, S.H. and Qian, J. and Mormino, E. and Betensky, R.A.},
  title         = { Permutation tests for general dependent
truncation},
  journal       = {Computational Statistics \& Data Analysis},
  year          = {2018},
  volume        = {318},
  number        = {},
  pages         = {308-324},
  doi           = {10.1016/j.csda.2018.07.012}
}

@article{LFMM2019,
  author        = {Meira-Machado, L. and Sestelo, M.},
  title         = { Estimation in the progressive illness-death model: A nonexhaustive review},
  journal       = {Biometrical Journal},
  year          = {2019},
  volume        = {61},
  number        = {2},
  pages         = {245-263},
  doi           = {10.1002/bimj.201500038}
}


@ARTICLE{Jackson2011,
  author = {Jackson, C.H.},
  title = {Multi-State Models for Panel Data: The msm Package for R},
  journal = {Journal of Statistical Software},
  year = {2011},
  volume = {38:8},
  pages = {1--28},
  owner = {hputter},
  timestamp = {2010.07.22}
}


@Article{Balan2019,
    title = {{frailtyEM}: An {R} Package for Estimating Semiparametric
      Shared Frailty Models},
    author = {Theodor Adrian Balan and Hein Putter},
    journal = {Journal of Statistical Software},
    year = {2019},
    volume = {90},
    number = {7},
    pages = {1--29},
    doi = {10.18637/jss.v090.i07},
  }
  
  
  @Article{Krol2015,
    title = {{SemiMarkov}: An {R} Package for Parametric Estimation in
      Multi-State Semi-Markov Models},
    author = {Agnieszka Kr\'{o}l and Philippe Saint-Pierre},
    journal = {Journal of Statistical Software},
    year = {2015},
    volume = {66},
    number = {6},
    pages = {1--16},
    url = {http://www.jstatsoft.org/v66/i06/},
  }

@article{soutinho2021,
  author = {Gustavo Soutinho and Marta Sestelo and Luís Meira-Machado},
  title = {{survidm: An R package for Inference and Prediction in an
          Illness-Death Model}},
  year = {2021},
  journal = {{The R Journal}},
  doi = {10.32614/RJ-2021-070},
  url = {https://doi.org/10.32614/RJ-2021-070},
  pages = {70--89},
  volume = {13},
  number = {2}
}



  @Article{JM,
    title = {{JM}: An {R} Package for the Joint Modelling of
    Longitudinal and Time-to-Event Data},
    author = {Dimitris Rizopoulos},
    journal = {Journal of Statistical Software},
    year = {2010},
    volume = {35},
    number = {9},
    pages = {1--33},
    url = {https://doi.org/10.18637/jss.v035.i09},
  }

  @Manual{joineR,
    title = {{joineR}: Joint Modelling of Repeated Measurements and
      Time-to-Event Data},
    author = {Pete Philipson and Ines Sousa and Peter J. Diggle and
      Paula Williamson and Ruwanthi Kolamunnage-Dona and Robin
      Henderson and Graeme L. Hickey},
    year = {2018},
    note = {R package version 1.2.6},
    url = {https://github.com/graemeleehickey/joineR/},
  }

  @Manual{joineRML,
    title = {{joineRML}: a joint model and software package for time-to-event and multivariate longitudinal outcomes},
    author = {Graeme L. Hickey and Pete Philipson and Andrea Jorgensen and Ruwanthi Kolamunnage-Dona},
    year = {2018},
    doi = {10.1186/s12874-018-0502-1},
    journal = {BMC Medical Research Methodology},
  }
  
@Article{Beyersmann2013,
  author = {Beyersmann, J. and Pauly, M. and Di Termini, S.},
  title = {Weak convergence of the wild bootstrap for the Aalen– Johansen estimator of the cumulative incidence function of a competing risk},
  journal = {Scandinavian Journal of Statistics},
  year = {2013},
  volume = {},
  Number = {40},
  Pages = {387--402},
  doi = {},
  url = {}
}  
  
  
  @Article{Wu1986,
  author = {Wu, C.F.J.},
  title = {Jackknife, Bootstrap, and Other Resampling Methods in Regression Analysis},
  journal = {Annals of Statistics},
  year = {1986},
  volume = {14},
  Number = {4},
  Pages = {1261--1295},
  doi = {},
  url = {}
}  
  
  
@Book{Li2017,
  title = {Handbook of Quantile Regression},
  publisher = {Chapman and Hall/CRC},
  year = {2017},
  author = {Ruosha Li and Limin Peng},
  address = {London}
}

  @Article{Nevo2020,
  author = {Daniel Nevo and Malka Gorfine},
  title = {Causal inference for semi-competing risks data},
  journal = {arXiv},
  year = {2020},
  volume = {},
  Number = {},
  Pages = {},
  doi = {arXiv:2010.04485},
  url = {https://doi.org/10.48550/arXiv.2010.04485}
}  
  
@Article{Xu2010,
  author = {Xu, J. and Kalbfleisch, JD. and Tai, B.},
  title = {Statistical analysis of illness-death processes and semicompeting risks data},
  journal = {Biometrics},
  year = {2010},
  volume = {66},
  Number = {},
  Pages = {716-727},
  doi = {10.1111/j.1541-0420.2009.01340.x},
  url = {https://doi.org/10.1111/j.1541-0420.2009.01340.x}
}
 