@Book{qiu2005image,
  title = {Image Processing and Jump Regression Analysis},
  author = {Peihua Qiu},
  volume = {599},
  year = {2005},
  publisher = {John Wiley \& Sons},
}

@Article{canny1986computational,
  title = {A Computational Approach to Edge Detection},
  author = {John Canny},
  journal = {IEEE Transactions on pattern analysis and machine intelligence},
  volume = {PAMI-8},
  number = {6},
  pages = {679--698},
  year = {1986},
  publisher = {IEEE},
}

@Book{ruzin1999plant,
  title = {Plant Microtechnique and Microscopy},
  author = {Steven E Ruzin and {others}},
  volume = {198},
  year = {1999},
  publisher = {Oxford University Press New York},
}

@Article{benvsic2007estimating,
  title = {Estimating the Width of a Uniform Distribution When Data Are Measured with Additive Normal Errors with Known Variance},
  author = {Mirta Benšić and Kristian Sabo},
  journal = {Computational statistics \& data analysis},
  volume = {51},
  number = {9},
  pages = {4731--4741},
  year = {2007},
  publisher = {Elsevier},
}

@Article{benvsic2007border,
  title = {Border Estimation of a Two-Dimensional Uniform Distribution if Data Are Measured with Additive Error},
  author = {Mirta Benšić and Kristian Sabo},
  journal = {Statistics},
  volume = {41},
  number = {4},
  pages = {311--319},
  year = {2007},
  publisher = {Taylor \& Francis},
}

@Article{benvsic2010estimating,
  title = {Estimating a Uniform Distribution When Data Are Measured with a Normal Additive Error with Unknown Variance},
  author = {Mirta Benšić and Kristian Sabo},
  journal = {Statistics},
  volume = {44},
  number = {3},
  pages = {235--246},
  year = {2010},
  publisher = {Taylor \& Francis},
}

@Article{benvsic2016uniform,
  title = {Uniform Distribution Width Estimation from Data Observed with {L}aplace Additive Error},
  author = {Mirta Benšić and Kristian Sabo},
  journal = {Journal of the Korean Statistical Society},
  volume = {45},
  number = {4},
  pages = {505--517},
  year = {2016},
  publisher = {Elsevier},
}

@Article{sabo2009border,
  title = {Border Estimation of a Disc Observed with Random Errors Solved in Two Steps},
  author = {Kristian Sabo and Mirta Benšić},
  journal = {Journal of computational and applied mathematics},
  volume = {229},
  number = {1},
  pages = {16--26},
  year = {2009},
  publisher = {Elsevier},
}

@Article{schneeweiss2004estimating,
  title = {Estimating the Endpoint of a Uniform Distribution under Measurement Errors.},
  author = {Hans Schneeweiss},
  journal = {Central European Journal of Operations Research},
  volume = {12},
  number = {2},
  year = {2004},
}

@Manual{pkg_LeArEst,
  title = {LeArEst: Border and Area Estimation of Data Measured with Additive Error},
  author = {Mirta Bensic and Safet Hamedovic and Kristian Sabo and Petar Taler},
  year = {2017},
  note = {R package version 0.1},
}

@Manual{pkg_jpeg,
  title = {jpeg: Read and Write JPEG Images},
  author = {Simon Urbanek},
  year = {2014},
  note = {R package version 0.1-8},
  url = {https://CRAN.R-project.org/package=jpeg},
}

@Manual{pkg_conicfit,
  title = {Conicfit: Algorithms for Fitting Circles, Ellipses and Conics Based on the Work by Prof. Nikolai Chernov},
  author = {Jose Gama and Nikolai Chernov},
  year = {2015},
  note = {R package version 1.0.4},
  url = {https://CRAN.R-project.org/package=conicfit},
}

@Article{pkg_opencpu,
  title = {The OpenCPU System: Towards a Universal Interface for Scientific Computing through Separation of Concerns},
  author = {Jeroen Ooms},
  journal = {arXiv:1406.4806 [stat.CO]},
  year = {2014},
  url = {http://arxiv.org/abs/1406.4806},
}

@Manual{pkg_shiny,
  title = {Shiny: Web Application Framework for R},
  author = {Winston Chang and Joe Cheng and JJ Allaire and Yihui Xie and Jonathan McPherson},
  year = {2017},
  note = {R package version 1.0.3},
  url = {https://CRAN.R-project.org/package=shiny},
}

@Book{bain2000introduction,
  title = {Introduction to Probability and Mathematical Statistics},
  author = {L. J. Bain and M. Engelhardt},
  isbn = {9780534380205},
  lccn = {91025923},
  series = {Classic Series},
  year = {2000},
  publisher = {Brooks/Cole},
}

@Article{fitzgibbon1999direct,
  title = {Direct Least Square Fitting of Ellipses},
  author = {Andrew Fitzgibbon and Maurizio Pilu and Robert B Fisher},
  journal = {IEEE Transactions on Pattern Analysis and Machine Intelligence},
  volume = {21},
  number = {5},
  pages = {476--480},
  year = {1999},
  publisher = {IEEE},
}


@Book{Meister2009,
  title = {Deconvolution Problems in Nonparametric Statistics},
  author = {A. Meister},
  year = {2009},
  publisher = {Springer-Verlag},
}

@Article{Stefanski1990,
  title = {Deconvoluting Kernel Density Estimators},
  author = {L. Stefanski and R. J. Carroll},
  journal = {Statistics},
  volume = {21},
  pages = {169--184},
  year = {1990},
}

@Article{Caroll1988,
  title = {Optimal Rates of Convergence for Deconvoluting a Density},
  author = {R. J. Carroll and P. Hall},
  journal = {J. Amer. Statist. Assoc.},
  volume = {83},
  pages = {1184--1186},
  year = {1988},
}

@Manual{pkg_decon,
  title = {Decon: Deconvolution Estimation in Measurement Error Models},
  author = {Xiao-Feng Wang and Bin Wang},
  year = {2013},
  note = {R package version 1.2-4},
  url = {https://CRAN.R-project.org/package=decon},
}

@Manual{pkg_deamer,
  title = {Deamer: Deconvolution Density Estimation with Adaptive Methods for a Variable Prone to Measurement Error},
  author = {Julien Stirnemann and Adeline Samson and Fabienne Comte and Claire Lacour},
  year = {2012},
  note = {R package version  1.0},
  url = {https://CRAN.R-project.org/package=deamer},
}

@Book{bankman2008,
  title = {Handbook of Medical Image Processing and Analysis},
  author = {I. Bankman},
  isbn = {9780080559148},
  series = {Academic Press series in biomedical engineering},
  year = {2008},
  publisher = {Elsevier Science},
}

@Article{Delaigle2006,
  title = {Estimation of Boundary and Discontinuity Points in Deconvolution Problems},
  author = {A. Delaigle and I. Gijbels},
  journal = {Statistica Sinica},
  volume = {16},
  pages = {773--788},
  year = {2006},
}

@Article{Meister2006,
  title = {Support Estimation via Moment Estimation in Presence of Noise},
  author = {A. Meister},
  journal = {Statistics},
  volume = {40},
  pages = {259--275},
  year = {2006},
}

@TechReport{hamedovic2017,
  title = {Estimating the Size of an Object Captured with Error},
  author = {Safet Hamedović and Mirta Benšić and Kristian Sabo and Petar Taler},
  institution = {Department of Mathematics, University of Osijek},
  year = {2017},
  url = {http://www.mathos.unios.hr/images/homepages/ksabo/hambensabtal.pdf},
  note = {Submitted to Central European Journal of Operations Research},
}

@Article{tolic2017non,
  title = {Non-Linear Least Squares and Maximum Likelihood Estimation of Probability Density Function of Cross-Border Transmission Losses},
  author = {Ivan Tolić and Kruno Miličević and Nenad Šuvak and Ivan Biondić},
  journal = {IEEE Transactions on Power Systems},
  year = {2017},
  publisher = {IEEE},
}
