@Manual{R,
  title = {{R}: A Language and Environment for Statistical Computing},
  author = {{R Core Team}},
  organization = {R Foundation for Statistical Computing},
  address = {Vienna, Austria},
  year = {2016},
  note = {{ISBN} 3-900051-07-0},
  url = {https://www.R-project.org/}
}
@article{ihaka:1996,
  author = {Ihaka, Ross and Gentleman, Robert},
  journal = {Journal of Computational and Graphical Statistics},
  number = {3},
  pages = {299--314},
  title = {{R}: A Language for Data Analysis and Graphics},
  volume = {5},
  year = {1996},
  url = {https://doi.org/10.1080/10618600.1996.10474713}
}
@Book{Cameron+Trivedi:2013,
  author = {A. Colin Cameron and Pravin K. Trivedi},
  title = {Regression Analysis of Count Data},
  year = {2013},
  edition = {2nd},
  publisher = {Cambridge University Press},
  address = {Cambridge},
  doi = {10.1017/CBO9781139013567}
}
@Book{Chambers+Hastie:1992,
  editor = {John M. Chambers and Trevor J. Hastie},
  title = {Statistical Models in {S}},
  publisher = {Chapman \& Hall},
  year = {1992},
  address = {London},
  doi = {10.1201/9780203738535}
}
@Manual{Jackman:2015,
  title = {pscl: Classes and Methods for {R} Developed in the Political Science Computational Laboratory, Stanford University},
  author = {Simon Jackman},
  year = {2015},
  note = {{R} package version 1.4.9},
  url = {https://CRAN.R-project.org/package=pscl}
}
@Article{Mullahy:1986,
  author = {John Mullahy},
  title = {Specification and Testing of Some Modified Count Data Models},
  year = {1986},
  journal = {Journal of Econometrics},
  volume = {33},
  number = {3},
  pages = {341--365},
  doi = {10.1016/0304-4076(86)90002-3}
}
@Book{McCullagh+Nelder:1989,
  author = {Peter McCullagh and John A. Nelder},
  title = {Generalized Linear Models},
  edition = {2nd},
  year = {1989},
  publisher = {Chapman \& Hall},
  address = {London},
  doi = {10.1007/978-1-4899-3242-6}
}
@Article{Stasinopoulos+Rigby:2007,
  author = {D. Mikis Stasinopoulos and Robert A. Rigby},
  title = {Generalized Additive Models for Location Scale and Shape ({GAMLSS}) in {R}},
  journal = {Journal of Statistical Software},
  year = {2007},
  volume = {23},
  number = {7},
  pages = {1--46},
  doi = {10.18637/jss.v023.i07}
}
@Book{Venables+Ripley:2002,
  author = {William N. Venables and Brian D. Ripley},
  title = {Modern Applied Statistics with {S}},
  edition = {4th},
  year = {2002},
  pages = {495},
  publisher = {Springer-Verlag},
  address = {New York},
  doi = {10.1007/978-0-387-21706-2}
}
@Book{Wood:2006,
  author = {Simon N. Wood},
  title = {Generalized Additive Models: An Introduction with {R}},
  year = {2006},
  publisher = {Chapman \& Hall/CRC},
  address = {Boca Raton},
  doi = {10.1201/9781315370279}
}
@Article{Yee:2009,
  author = {Thomas W. Yee},
  title = {The {VGAM} Package for Categorical Data Analysis},
  journal = {Journal of Statistical Software},
  year = {2010},
  volume = {32},
  number = {10},
  pages = {1--34},
  doi = {10.18637/jss.v032.i10}
}
@Article{Zeileis+Kleiber+Jackman:2008,
  author = {Achim Zeileis and Christian Kleiber and Simon Jackman},
  title = {Regression Models for Count Data in {R}},
  journal = {Journal of Statistical Software},
  year = {2008},
  volume = {27},
  number = {8},
  pages = {1--25},
  doi = {10.18637/jss.v027.i08}
}
@Book{tille2006sampling,
  title = {Sampling Algorithms},
  author = {Till{\'e}, Yves},
  year = {2006},
  publisher = {Springer},
  doi = {10.1007/0-387-34240-0}
}
@Article{abebe2014,
  author = {H.T. Abebe and F.E. Tan and G.J. Van Breukelen and J. Serroyen and M.P. Berger},
  year = {2014},
  title = {On the choice of a prior for {Bayesian} D-optimal designs for the logistic regression model with a single predictor},
  journal = {Communications in Statistics - Simulation and Computation},
  volume = {43},
  pages = {1811--1824},
  doi = {10.1080/03610918.2012.745556}
}
@Book{agresti2010,
  author = {A. Agresti},
  year = {2010},
  title = {Analysis of Ordinal Categorical Data},
  edition = {2},
  publisher = {Wiley},
  doi = {10.4236/ojs.2018.85051}
}
@Book{agresti2013,
  author = {A. Agresti},
  year = {2013},
  title = {Categorical Data Analysis},
  edition = {3},
  publisher = {Wiley},
  doi = {10.1007/s00362-015-0733-8}
}
@Article{ai2023locally,
  author = {M. Ai and Z. Ye and J. Yu},
  year = {2023},
  title = {Locally D-Optimal Designs for Hierarchical Response Experiments},
  journal = {Statistica Sinica},
  volume = {33},
  pages = {381--399},
  url = {https://www.jstor.org/stable/27250044}
}
@Book{atkinson2007,
  author = {A.C. Atkinson and A.N. Donev and R.D. Tobias},
  year = {2007},
  title = {Optimum Experimental Designs, with {SAS}},
  publisher = {Oxford University Press},
  doi = {10.1093/oso/9780199296590.001.0001}
}
@Article{atkinson2014,
  author = {A.C. Atkinson and V.V. Fedorov and A.M. Herzberg and R. Zhang},
  title = {Elemental information matrices and optimal experimental design for generalized regression models},
  journal = {Journal of Statistical Planning and Inference},
  volume = {144},
  year = {2014},
  pages = {81--91},
  doi = {10.1016/j.jspi.2012.09.012}
}
@Article{bu2020,
  title = {D-optimal Designs for Multinomial Logistic Models},
  year = {2020},
  journal = {Annals of Statistics},
  volume = {48},
  number = {2},
  pages = {983--1000},
  author = {X. Bu and D. Majumdar and J. Yang},
  doi = {10.1214/19-AOS1834}
}
@Article{byrd1995,
  author = {R.H. Byrd and P. Lu and J. Nocedal and C. Zhu},
  year = {1995},
  title = {A limited memory algorithm for bound constrained optimization},
  journal = {SIAM Journal on Scientific Computing},
  volume = {16},
  pages = {1190--1208},
  url = {https://www.osti.gov/servlets/purl/204262}
}
@Article{chaloner1989,
  author = {K. Chaloner and K. Larntz},
  year = {1989},
  title = {Optimal {Bayesian} design applied to logistic regression experiments},
  journal = {Journal of Statistical Planning and Inference},
  volume = {21},
  pages = {191--208},
  doi = {10.1016/0378-3758(89)90004-9}
}
@Article{chuang1997,
  author = {C. Chuang-Stein and A. Agresti},
  year = {1997},
  title = {Tutorial in Biostatistics-A Review of tests for detecting a monotone dose-response relationship with ordinal response data},
  journal = {Statistics in Medicine},
  volume = {16},
  pages = {2599--2618}
}
@Article{chernoff1953,
  author = {H. Chernoff},
  year = {1953},
  title = {Locally optimal designs for estimating parameters},
  journal = {Annals of Mathematical Statistics},
  volume = {24},
  pages = {586--602},
  doi = {10.1214/aoms/1177728915}
}
@misc{christensen,
  author = {R.H.B. Christensen},
  title = {Analysis of ordinal data with cumulative link models -- estimation with the {R}-package ordinal},
  howpublished = {R Vignette},
  year = {2015},
  url = {https://cran.r-project.org/web/packages/ordinal/vignettes/clm_article.pdf}
}
@Article{chaloner1995,
  author = {K. Chaloner and I. Verdinelli},
  year = {1995},
  title = {{Bayesian} experimental design: a review},
  journal = {Statistical Science},
  volume = {10},
  pages = {273--304},
  url = {https://www.jstor.org/stable/2246015}
}
@Article{dette2013,
  author = {H. Dette and K. Schorning},
  year = {2013},
  title = {Complete classes of designs for nonlinear regression models and principal representations of moment spaces},
  journal = {Annals of Statistics},
  volume = {41},
  pages = {1260--1267},
  doi = {10.1214/13-AOS1108}
}
@Inbook{dipillo1994,
  author = {G. Di~Pillo},
  year = {1994},
  title = {Exact penalty methods},
  booktitle = {Algorithms for Continuous Optimization},
  editor = {E. Spedicato},
  pages = {209--254},
  publisher = {Springer},
  doi = {10.1007/978-94-009-0369-2}
}
@Book{dobson2008,
  author = {A.J. Dobson and A. Barnett},
  year = {2008},
  title = {An Introduction to Generalized Linear Models},
  edition = {3},
  publisher = {Chapman \& Hall/CRC},
  doi = {10.1201/9781315182780}
}
@Book{dobson2018,
  author = {A.J. Dobson and A.G. Barnett},
  year = {2018},
  title = {An Introduction to Generalized Linear Models},
  edition = {4},
  publisher = {Chapman \& Hall/CRC},
  doi = {10.1201/9781315182780}
}
@article{dousti2023categorical,
  title = {Categorical data analysis for high-dimensional sparse gene expression data},
  author = {Dousti Mousavi, Niloufar and Aldirawi, Hani and Yang, Jie},
  journal = {BioTech},
  volume = {12},
  number = {3},
  pages = {52},
  year = {2023},
  publisher = {MDPI},
  doi = {10.3390/biotech12030052}
}
@Book{fedorov1972,
  author = {V.V. Fedorov},
  year = {1972},
  title = {Theory of Optimal Experiments},
  publisher = {Academic Press},
  isbn = {0122507509}
}
@Book{fedorov1997model,
  title = {Model-Oriented Design of Experiments},
  author = {Fedorov, Valerii V and Hackl, Peter},
  year = {1997},
  publisher = {Springer Science \& Business Media},
  doi = {10.1007/978-1-4612-0703-0}
}
@Book{fedorov2014,
  author = {V.V. Fedorov and S.L. Leonov},
  year = {2014},
  title = {Optimal Design for Nonlinear Response Models},
  publisher = {Chapman \& Hall/CRC},
  doi = {10.1201/b15054}
}
@Article{ford1989,
  author = {I. Ford and D.M. Titterington and C.P. Kitsos},
  year = {1989},
  title = {Recent advances in nonlinear experimental design},
  journal = {Technometrics},
  volume = {31},
  pages = {49--60},
  doi = {10.2307/1270364}
}
@Article{ford1992,
  author = {I. Ford and B. Torsney and C.F.J. Wu},
  year = {1992},
  title = {The use of a canonical form in the construction of locally optimal designs for non-linear problems},
  journal = {Journal of the Royal Statistical Society, Series B},
  volume = {54},
  pages = {569--583},
  doi = {10.1111/j.2517-6161.1992.tb01897.x}
}
@Book{gantmacher1960,
  author = {F.R. Gantmacher},
  year = {1960},
  title = {The Theory of Matrices},
  publisher = {Chelsea},
  doi = {10.1007/978-3-642-99234-6}
}
@Article{gonzalez2007,
  author = {E. Gonz{\'a}lez-D{\'a}vila and R. Dorta-Guerra and J. Ginebra},
  year = {2007},
  title = {On the information in two-level experiments},
  journal = {Model Assisted Statistics and Applications},
  volume = {2},
  pages = {173--187},
  doi = {10.3233/MAS-2007-2401}
}
@Article{pmcc1995,
  author = {G.F.V. Glonek and P. McCullagh},
  year = {1995},
  title = {Multivariate logistic models},
  journal = {Journal of the Royal Statistical Society, Series B},
  volume = {57},
  pages = {533--546},
  url = {https://www.jstor.org/stable/2346155}
}
@Book{golub1996,
  author = {G. Golub and C. Van Loan},
  year = {1996},
  title = {Matrix Computations},
  edition = {3},
  publisher = {The Johns Hopkins University Press},
  doi = {10.1137/1.9781421407944}
}
@Article{grimshaw2001,
  author = {S.D. Grimshaw and B.J. Collings and W.A. Larsen and C.R. Hurt},
  title = {Eliciting factor importance in a designed experiment},
  journal = {Technometrics},
  volume = {43},
  number = {2},
  year = {2001},
  pages = {133--146},
  doi = {10.1198/004017001750386251}
}
@Article{harman2007improvements,
  title = {Improvements on removing nonoptimal support points in D-optimum design algorithms},
  author = {Harman, Radoslav and Pronzato, Luc},
  journal = {Statistics \& Probability Letters},
  volume = {77},
  number = {1},
  pages = {90--94},
  year = {2007},
  publisher = {Elsevier},
  doi = {10.1016/j.spl.2006.05.014}
}
@Article{huang2023constrained,
  title = {Constrained D-optimal design for paid research study},
  author = {Huang, Yifei and Tong, Liping and Yang, Jie},
  year = {2025},
  journal = {Statistica Sinica},
  note = {To appear},
  doi = {10.5705/ss.202022.0414}
}
@Article{jennett1975,
  author = {B. Jennett and M. Bond},
  year = {1975},
  title = {Assessment of outcome after severe brain damage},
  journal = {Lancet},
  volume = {305},
  pages = {480--484},
  doi = {10.1016/S0140-6736(75)92830-5}
}
@Article{kiefer1974,
  author = {J. Kiefer},
  year = {1974},
  title = {General equivalence theory for optimum designs (approximate theory)},
  journal = {Annals of Statistics},
  volume = {2},
  pages = {849--879},
  doi = {10.1214/aos/1176342810}
}
@Article{khuri2006,
  author = {A.I. Khuri and B. Mukherjee and B.K. Sinha and M. Ghosh},
  year = {2006},
  title = {Design issues for generalized linear models: A review},
  journal = {Statistical Science},
  volume = {21},
  pages = {376--399},
  doi = {10.1214/088342306000000105}
}
@Book{pmcc1989,
  author = {P. McCullagh and J. Nelder},
  year = {1989},
  title = {Generalized Linear Models},
  edition = {2},
  publisher = {Chapman and Hall/CRC},
  doi = {10.1007/978-1-4899-3242-6}
}
@incollection{stufken2012,
  author = {J. Stufken and M. Yang},
  year = {2012},
  title = {Optimal designs for generalized linear models},
  booktitle = {Design and Analysis of Experiments, Volume 3: Special Designs and Applications},
  editor = {K. Hinkelmann},
  chapter = {4},
  pages = {137--164},
  publisher = {Wiley},
  doi = {10.1002/9781118147634}
}
@Techreport{wang2015,
  author = {C. Wang and M.-H. Chen and E. Schifano and J. Wu and J. Yan},
  title = {Statistical methods and computing for big data},
  year = {2015},
  url = {https://arxiv.org/pdf/1502.07989.pdf}
}
@Article{ym2015,
  author = {J. Yang and A. Mandal},
  year = {2015},
  title = {D-optimal factorial designs under generalized linear models},
  journal = {Communications in Statistics - Simulation and Computation},
  volume = {44},
  pages = {2264--2277},
  doi = {10.1080/03610918.2013.815773}
}
@Article{ymm2016,
  author = {J. Yang and A. Mandal and D. Majumdar},
  year = {2016},
  title = {Optimal designs for $2^k$ factorial experiments with binary response},
  journal = {Statistica Sinica},
  volume = {26},
  pages = {385--411},
  doi = {10.5705/ss.2013.265}
}
@Article{ytm2016,
  author = {J. Yang and L. Tong and A. Mandal},
  title = {D-optimal designs with ordered categorical data},
  year = {2017},
  journal = {Statistica Sinica},
  volume = {27},
  pages = {1879--1902},
  doi = {10.5705/ss.202016.0210}
}
@Article{yangmin2012,
  author = {M. Yang and J. Stufken},
  year = {2012},
  title = {Identifying locally optimal designs for nonlinear models: A simple extension with profound consequences},
  journal = {Annals of Statistics},
  volume = {40},
  pages = {1665--1681},
  doi = {10.1214/12-AOS992}
}
@Article{atkinson1999,
  author = {S.S. Zocchi and A.C. Atkinson},
  year = {1999},
  title = {Optimum experimental designs for multinomial logistic models},
  journal = {Biometrics},
  volume = {55},
  pages = {437--444},
  doi = {10.1111/j.0006-341X.1999.00437.x}
}
@Book{lohr2019sampling,
  title = {Sampling: Design and Analysis},
  author = {S.L. Lohr},
  year = {2019},
  publisher = {Chapman and Hall/CRC},
  doi = {10.1201/9780429298899}
}
@article{wang2023identifying,
  author = {Tianmeng Wang and Jie Yang},
  title = {Identifying the Most Appropriate Order for Categorical Responses},
  journal = {Statistica Sinica},
  volume = {35},
  pages = {411--430},
  doi = {10.25417/uic.25599399.v1}
}
@article{nelder1972generalized,
  title = {Generalized linear models},
  author = {Nelder, John Ashworth and Wedderburn, Robert WM},
  journal = {Journal of the Royal Statistical Society Series A: Statistics in Society},
  volume = {135},
  number = {3},
  pages = {370--384},
  year = {1972},
  publisher = {Oxford University Press},
  doi = {10.2307/2344614}
}
@Book{pukelsheim2006optimal,
  title = {Optimal Design of Experiments},
  author = {Pukelsheim, Friedrich},
  year = {2006},
  publisher = {SIAM},
  address = {Philadelphia},
  doi = {10.1137/1.9780898719109}
}
@article{wheeler2019package,
  title = {Package ‘AlgDesign’},
  author = {Wheeler, Bob and Braun, Maintainer Jerome},
  journal = {R Proj. Stat. Comput},
  volume = {1},
  number = {0},
  pages = {1--25},
  year = {2019},
  url = {https://cloud.r-project.org/web/packages/AlgDesign/AlgDesign.pdf}
}
@article{overstall2018package,
  title = {Package ‘acebayes’},
  author = {Overstall, Antony M and Woods, David C and Adamou, Maria and Michaelides, Damianos},
  year = {2018},
  url = {https://cran.r-project.org/package=acebayes}
}
@article{overstall2017acebayes,
  title = {acebayes: An {R} Package for {Bayesian} Optimal Design of Experiments via Approximate Coordinate Exchange},
  volume = {95},
  url = {https://www.jstatsoft.org/index.php/jss/article/view/v095i13},
  doi = {10.18637/jss.v095.i13},
  number = {13},
  journal = {Journal of Statistical Software},
  author = {Overstall, Antony M. and Woods, David C. and Adamou, Maria},
  year = {2020},
  pages = {1--33}
}
@article{gromping2011optimal,
  title = {Optimal Experimental Design with {R}},
  author = {Gr{\"o}mping, Ulrike},
  journal = {Journal of Statistical Software},
  volume = {43},
  pages = {1--4},
  year = {2011},
  doi = {10.18637/jss.v043.b05}
}
@misc{harman2016package,
  title = {Package ‘OptimalDesign’},
  author = {Harman, Radoslav and Filova, Lenka and Filova, Maintainer Lenka},
  year = {2016},
  url = {https://cran.r-project.org/package=OptimalDesign}
}
@article{tille2016package,
  title = {Package ‘sampling’},
  author = {Till{\'e}, Yves and Matei, Alina},
  journal = {Surv. Sampling. Kasutatud},
  volume = {23},
  pages = {2017},
  year = {2016},
  url = {https://cran.r-project.org/package=sampling}
}
@article{barcaroli2014samplingstrata,
  title = {SamplingStrata: An {R} package for the optimization of stratified sampling},
  author = {Barcaroli, Giulio},
  journal = {Journal of Statistical Software},
  volume = {61},
  pages = {1--24},
  year = {2014},
  doi = {10.18637/jss.v061.i04}
}
@Book{ggplot2,
  author = {Hadley Wickham},
  title = {ggplot2: Elegant Graphics for Data Analysis},
  publisher = {Springer-Verlag New York},
  year = {2016},
  isbn = {978-3-319-24277-4},
  url = {https://ggplot2.tidyverse.org}
}
@Manual{dplyr,
  title = {dplyr: A Grammar of Data Manipulation},
  author = {Hadley Wickham and Romain François and Lionel Henry and Kirill Müller and Davis Vaughan},
  year = {2023},
  note = {{R} package version 1.1.4, https://github.com/tidyverse/dplyr},
  url = {https://dplyr.tidyverse.org}
}
@book{alma991096987459705816,
  abstract = {A trusted classic on the key methods in population sampling-now in a modernized and expanded new edition Sampling of Populations, Fourth Edition continues to serve as an all-inclusive resource on the basic and most current practices in population sampling. Maintaining the clear and accessible style of the previous edition, this book outlines the essential statistical methods for survey design and analysis, while also exploring techniques that have developed over the past decade. The Fourth Edition successfully guides the reader through the basic concepts and procedures that accompany real-world.},
  author = {Levy, Paul S. and Lemeshow, Stanley.},
  address = {Hoboken, N.J},
  booktitle = {Sampling of populations: methods and applications},
  edition = {4th ed.},
  isbn = {9780470374597},
  keywords = {Analyse démographique},
  language = {eng},
  publisher = {Wiley},
  title = {Sampling of populations: methods and applications},
  year = {2008},
  doi = {10.1002/9780470374597}
}
