
@techreport{svgadvancedtech,
author={Paul Murrell and Simon Potter},
year={2013},
title={{Advanced SVG Graphics from R}},
institution={Department of Statistics, The University of Auckland},
number={2013-7},
url={http://stattech.wordpress.fos.auckland.ac.nz/2013-7-advanced-svg-graphics-from-r/}
}

@Article{RJournal_2012-2_Murrell,
  author       = { Paul Murrell },
  title        = { {What's in a Name?} },
  journal      = { {The R Journal} },
  year         = { 2012 },
  volume       = { 4 },
  number       = { 2 },
  pages        = { 5--12 },
  month        = { dec },
  url          = { http://journal.r-project.org/archive/2012-2/RJournal_2012-2_Murrell.pdf }
}


@article {RSSA:RSSA678,
author = {Wild, C. J. and Pfannkuch, M. and Regan, M. and Horton, N. J.},
title = {Towards More Accessible Conceptions of Statistical Inference},
journal = {Journal of the Royal Statistical Society: Series A (Statistics in Society)},
volume = {174},
number = {2},
publisher = {Blackwell Publishing Ltd},
issn = {1467-985X},
pages = {247--295},
keywords = {Computer animations, Informal inference, Sampling variation, Statistical inference, Statistics education},
year = {2011},
}

@article{pkg:animation,
author={Yihui Xie},
year={2013},
title={animation: An {R} Package for Creating Animations and Demonstrating Statistical Methods},
journal={Journal of Statistical Software},
volume={53},
issue={1}, 
pages={1--27},
url={http://www.jstatsoft.org/v53/i01/},
}

@article{pkg:svgannotation,
  author =	"Deborah Nolan and Duncan {Temple Lang}",
  title =	"Interactive and Animated Scalable Vector Graphics and {R} Data Displays",
  journal =	"Journal of Statistical Software",
  volume =	"46",
  number =	"1",
  pages =	"1--88",
  day =  	"25",
  month =	"1",
  year = 	"2012",
  CODEN =	"JSSOBK",
  ISSN = 	"1548-7660",
  bibdate =	"2011-09-19",
  URL =  	"http://www.jstatsoft.org/v46/i01",
  accepted =	"2011-09-19",
  acknowledgement = "",
  keywords =	"",
  submitted =	"2010-01-06",
}
  @Manual{pkg:googleVis,
    title = {{googleVis}: Interface between{R} and the {Google Visualisation API}},
    author = {Markus Gesmann and Diego de Castillo},
    year = {2011},
    note = {R package version 0.2.10},
    url = {http://CRAN.R-project.org/package=googleVis},
  }

  @Manual{pkg:rcharts,
    title = {{rCharts}: Interactive Charts using {Polycharts.js}},
    author = {Ramnath Vaidyanathan},
    year = {2013},
    note = {R package version 0.4.2},
  }

  @Article{article:googlevis,
    title = {{googleVis}: Interface between {R} and the {Google Visualisation API}},
    author = {Markus Gesmann and Diego de Castillo},
    journal = {The R Journal},
    year = {2011},
    volume = {3},
    number = {2},
    pages = {40--44},
    month = {December},
    url = {http://journal.r-project.org/archive/2011-2/RJournal_2011-2_Gesmann+de~Castillo.pdf},
  }

@electronic{highcharts,
title={{Highcharts JS}},
author={{Highsoft AS}},
year={2013},
url={http://www.highcharts.com/}
}

@electronic{googlevis,
title={{Google Visualization API}},
author={Google},
year={2013},
url={https://developers.google.com/chart/interactive/docs/reference}
}
  @Manual{pkg:shiny,
    title = {shiny: Web Application Framework for {R}},
    author = {{RStudio Inc.}},
    year = {2013},
    note = {R package version 0.3.0},
    url = {http://CRAN.R-project.org/package=shiny},
  }


@electronic{nvd3js,
  added-at = {2013-01-05T21:56:59.000+0100},
  author = {Novus},
  biburl = {http://www.bibsonomy.org/bibtex/2a33cbfe39f567a8c2f3d135a01386373/maxirichter},
  interhash = {d9c7d44eda9bfa9e404aeac341160197},
  intrahash = {a33cbfe39f567a8c2f3d135a01386373},
  keywords = {charts d3.js graphs javascript visualization},
  timestamp = {2013-01-05T21:56:59.000+0100},
  title = {{NVD3.js} : Re-usable charts for d3.js},
  url = {http://nvd3.org/},
  year = 2012
}
@article{d3,
  title = {{D3: Data-Driven Documents}},
  author = {Michael Bostock AND Vadim Ogievetsky AND Jeffrey Heer},
  journal = {IEEE Trans. Visualization \& Comp. Graphics (Proc. InfoVis)},
  year = {2011},
  url = {http://vis.stanford.edu/papers/d3}
}
  @Book{pkg:lattice,
    title = {Lattice: Multivariate Data Visualization with {R}},
    author = {Deepayan Sarkar},
    publisher = {Springer-Verlag},
    address = {New York},
    year = {2008},
    note = {ISBN 978-0-387-75968-5},
    url = {http://lmdvr.r-forge.r-project.org},
  }

 @Article{pkg:osmar,
    title = {osmar: {OpenStreetMap} and {R}},
    author = {Manuel J. A. Eugster and Thomas Schlesinger},
    journal = {R Journal},
    year = {2010},
    note = {Accepted for publication on 2012-08-14},
    url = {http://osmar.r-forge.r-project.org/RJpreprint.pdf},
  }

@Article{pkg:sp,
  author={E.J. Pebesma and R.S. Bivand},
year={ 2005},
title={ Classes and methods for spatial data in {R}},
journal={ R News},
issue={ 5},
volume={2},
url={http://cran.r-project.org/doc/Rnews/}
}

  @Book{pkg:ggplot,
    author = {Hadley Wickham},
    title = {ggplot2: Elegant Graphics for Data Analysis},
    publisher = {Springer-Verlag},
address= {New York},
    year = {2009},
    isbn = {978-0-387-98140-6},
    url = {http://had.co.nz/ggplot2/book},
  }


@misc{bib:OpenXML,
title = {Open XML: The Markup Explained},
author = {{van Vugt}, Wouter},
url = {http://openxmldeveloper.org/},
year = "2007"
}
@misc{bib:gGobi,
title = {GGobi Software, Version 2.1},
author = {Swayne, Debby and Cook, Dianne and {Temple Lang}, Duncan and Buja, Andreas },
url = {http://www.ggobi.org},
year = "2010"
}

@book{bib:XMLNutshell,
title = {XML in a Nutshell},
author = {Harold, Elliotte Rusty and Means, W. Scott },
publisher = {O'Reilly Media, Inc},
address = {Sebastopol,
CA},
year = "2004"
}

@book{bib:XPathXPointer,
title = {XPath and XPointer: Locating Content in XML Documents},
author = {Simpson, John },
publisher = {O'Reilly Media, Inc},
address = {Sebastopol,
CA},
year = "2002"
}

@misc{bib:GapMinder,
title = {Gapminder: World},
author = {Rosling, Hans},
year = "2008",
url = {http://www.gapminder.org/world}
}

@book{bib:JavaScriptGuide,
title = {{JavaScript}: The Definitive Guide},
author = {Flanagan, David },
publisher = {O'Reilly Media, Inc},
address = {Sebastopol,
CA},
year = "2006"
}

@book{bib:SVGEssentials,
title = {{SVG} Essentials},
author = {Eisenberg, J },
publisher = {O'Reilly Media, Inc},
address = {Sebastopol, CA},
year = "2002"
}

@TechReport{Dengler:11:SVG,
  author      = "Patrick Dengler and Dean Jackson and Chris Lilley and Jun Fujisawa and Cameron McCormack and Erik Dahlstr{\"{o}}m and Anthony Grasso and Jon Ferraiolo and Doug Schepers and Jonathan Watt",
  title       = "Scalable Vector Graphics ({SVG}) {1.1} (Second Edition)",
  month       = aug,
  note        = "http://www.w3.org/TR/2011/REC-SVG11-20110816/",
  year        = "2011",
  bibsource   = "http://w2.syronex.com/jmr/w3c-biblio",
  type        = "{W3C} Recommendation",
  institution = "W3C",
}

@article{protovis,
  title = {Protovis: A Graphical Toolkit for Visualization},
  author = {Michael Bostock AND Jeffrey Heer},
  journal = {IEEE Trans. Visualization \& Comp. Graphics (Proc. InfoVis)},
  year = {2009},
  url = {http://vis.stanford.edu/papers/protovis}
}

@article{manyeyes,
author = {Fernanda B. Viegas and Martin Wattenberg and Frank van Ham and Jesse Kriss and Matt McKeon},
title = {ManyEyes: a Site for Visualization at Internet Scale},
journal ={IEEE Transactions on Visualization and Computer Graphics},
volume = {13},
issn = {1077-2626},
year = {2007},
pages = {1121-1128},
publisher = {IEEE Computer Society},
address = {Los Alamitos, CA, USA},
}

@BOOK{Murrell201106,
title={R Graphics},
author={Paul Murrell},
publisher={CRC Press},
year={2011},
month={6},
edition={2},
isbn={9781439831762},
}

@misc{bib:MathJax,
title = {MathJax: a JavaScript-based engine for including \TeX{} and MathML in HTML},
author = {Davide P Cervone},
year = "2010",
note = {2010 Joint Mathematics Meetings},
url = {http://www.mathjax.org/}
}
  @Manual{gridsvg,
    title = {gridSVG: Export grid graphics as SVG},
    author = {Paul Murrell and Simon Potter},
    note = {R package version 1.4-0},
  }
@electronic{snap,
title={Snap.svg},
author={Dmitry Baranovskiy},
year={2014},
url={http://snapsvg.io/}
}
  @Manual{pkg:rsvgtips,
    title = {{RSVGTipsDevice}: An {R} {SVG} graphics device with dynamic tips and hyperlinks},
    author = {Tony Plate},
    year = {2011},
    note = {R package version 1.0-4},
    url = {http://CRAN.R-project.org/package=RSVGTipsDevice},
  }

@book{article:googlevis,
author = {M.~{Gesmann and D.~de~Castillo}},
title = {{googleVis: Interface between R and the Google Visualisation API}},
publisher = {The R Journal 3 (2):  December  ~Castillo.pdf},
pages = {40--44},
year = {2011},
url = {http://journal.r-project.org/archive/2011-2/RJournal_2011-2_Gesmann+de}
}
@book{gridsvg,
author = {P.~{Murrell and S.~Potter}},
title = {{gridSVG: Export grid graphics as SVG}},
publisher = {R package version 1.4-0}
}
@book{pkg:rsvgtips,
author = {T.~{Plate}},
title = {{RSVGTipsDevice: An R SVG graphics device with dynamic tips and hyperlinks, }},
publisher = {R package version 1.0-4},
year = {2011},
url = {http://CRAN.R-project.org/package=RSVGTipsDevice}
}
@book{pkg:shiny,
author = {{R{Studio Inc.}}},
title = {{shiny: Web Application Framework for R, }},
publisher = {R package version 0.3.0},
year = {2013},
url = {http://CRAN.R-project.org/package=shiny}
}
@book{pkg:lattice,
author = {D.~{Sarkar}},
title = {{Lattice: Multivariate Data Visualization with R}},
publisher = {Springer-Verlag New York},
year = {2008},
url = {http://lmdvr.r-forge.r-project.org},
isbn = {978-0-387-75968-5}
}
@book{pkg:rcharts,
author = {R.~{Vaidyanathan}},
title = {{rCharts: Interactive Charts using Polycharts.js, }},
publisher = {R package version 0.4.2},
year = {2013}
}
@book{pkg:ggplot,
author = {H.~{Wickham}},
title = {{ggplot2: Elegant Graphics for Data Analysis}},
publisher = {Springer-Verlag New York},
year = {2009},
url = {http://had.co.nz/ggplot2/book},
isbn = {978-0-387-98140-6}
}


