## R Packages

@Manual{R,
  title = {R: A Language and Environment for Statistical Computing},
  author = {{R Core Team}},
  organization = {R Foundation for Statistical Computing},
  address = {Vienna, Austria},
  year = {2021},
  url = {http://www.R-project.org/},
}

@Article{mlr3,
    title = {{mlr3}: A modern object-oriented machine learning framework in {R}},
    author = {Michel Lang and Martin Binder and Jakob Richter and Patrick Schratz and Florian Pfisterer and Stefan Coors and Quay Au and Giuseppe Casalicchio
    and Lars Kotthoff and Bernd Bischl},
    journal = {Journal of Open Source Software},
    year = {2019},
    month = {dec},
    doi = {10.21105/joss.01903}
}

@article{mlr,
    title = {{mlr}: Machine Learning in {R}},
    author = {Bernd Bischl and Michel Lang and Lars Kotthoff and Julia Schiffner and Jakob Richter and Erich Studerus
      and Giuseppe Casalicchio and Zachary M. Jones},
    journal = {Journal of Machine Learning Research},
    year = {2016},
    volume = {17},
    number = {170},
    pages = {1-5},
    url = {https://jmlr.org/papers/v17/15-066.html}
}

@Article{mlr3pipelines,
    title = {{mlr3pipelines - Flexible Machine Learning Pipelines in R}},
    author = {Martin Binder and Florian Pfisterer and Michel Lang and Lennart Schneider and Lars Kotthoff and Bernd Bischl},
    journal = {Journal of Machine Learning Research},
    year = {2021},
    volume = {22},
    number = {184},
    pages = {1-7},
    url = {https://jmlr.org/papers/v22/21-0281.html},
}

@Article{mlr3proba,
    title = {{mlr3proba: An {R} Package for Machine Learning in Survival Analysis}},
    author = {Raphael Sonabend and Franz J Király and Andreas Bender and Bernd Bischl and Michel Lang},
    journal = {Bioinformatics},
    month = {02},
    year = {2021},
    doi = {10.1093/bioinformatics/btab039},
}

@Manual{caret,
title = {caret: Classification and Regression Training},
author = {Max Kuhn},
year = {2021},
note = {R package version 6.0-88},
url = {https://CRAN.R-project.org/package=caret},
}

@Manual{superlearner,
title = {SuperLearner: Super Learner Prediction},
author = {Eric Polley and Erin LeDell and Chris Kennedy and Mark {van der Laan}},
year = {2021},
note = {R package version 2.0-28},
url = {https://CRAN.R-project.org/package=SuperLearner},
}

@Manual{tidymodels,
title = {Tidymodels: a collection of packages for modeling and machine learning using tidyverse principles.},
author = {Max Kuhn and Hadley Wickham},
url = {https://www.tidymodels.org},
year = {2020},
}

@article{mcboost,
  author = {Pfisterer, Florian and Kern, Christoph and Dandl, Susanne and Sun, Matthew and Kim, Michael P. and Bischl, Bernd},
  title = {mcboost: Multi-Calibration Boosting for {R}},
  journal = {Journal of Open Source Software},
  doi = {10.21105/joss.03453},
  url = {https://joss.theoj.org/papers/10.21105/joss.03453},
  year = {2021},
  publisher = {The Open Journal},
  volume = {6},
  number = {64},
  pages = {3453}
}

@Manual{fairness,
  title = {fairness: Algorithmic Fairness Metrics},
  author = {Nikita Kozodoi and Tibor {V. Varga}},
  year = {2021},
  note = {R package version 1.2.1},
  url = {https://CRAN.R-project.org/package=fairness},
}

@Article{iml,
  author = {Christoph Molnar and Bernd Bischl and Giuseppe Casalicchio},
  title = {{iml}: An {R} package for Interpretable Machine Learning},
  doi = {10.21105/joss.00786},
  url = {https://joss.theoj.org/papers/10.21105/joss.00786},
  year = {2018},
  publisher = {Journal of Open Source Software},
  volume = {3},
  number = {26},
  pages = {786},
  journal = {JOSS},
}

@Article{dalex,
  title = {{DALEX}: {Explainers for Complex Predictive Models} in {R}},
  author = {Przemyslaw Biecek},
  journal = {Journal of Machine Learning Research},
  year = {2018},
  volume = {19},
  pages = {1-5},
  number = {84},
  url = {https://jmlr.org/papers/v19/18-416.html},
}

@article{fairmodels,
  title = {fairmodels: a Flexible Tool for Bias Detection, Visualization, and Mitigation in Binary Classification Models},
  author = {Jakub Wiśniewski and Przemysław Biecek},
  year = {2022},
  journal = {The R Journal},
  volume = {14},
  issue = {1},
  pages = {227-243},
  url = {https://rj.urbanek.nz/articles/RJ-2022-019/},
}

@Book{ggplot2,
  author = {Hadley Wickham},
  title = {ggplot2: Elegant Graphics for Data Analysis},
  publisher = {Springer-Verlag New York},
  year = {2016},
  url = {https://ggplot2.tidyverse.org},
}

## Python/ Other Software
@article{aif360,
  title={{AI Fairness 360}: An extensible toolkit for detecting and mitigating algorithmic bias},
  author={Bellamy, Rachel KE and Dey, Kuntal and Hind, Michael and Hoffman, Samuel C and Houde, Stephanie and Kannan, Kalapriya and Lohia, Pranay and Martino, Jacquelyn and Mehta, Sameep and Mojsilovi{\'c}, Aleksandra and others},
  journal={IBM Journal of Research and Development},
  volume={63},
  number={4/5},
  pages={4--1},
  year={2019},
  publisher={IBM},
  url={https://aif360.mybluemix.net/}
}

@techreport{fairlearn,
    author = {Bird, Sarah and Dud{\'i}k, Miro and Edgar, Richard and Horn, Brandon and Lutz, Roman and Milan, Vanessa and Sameki, Mehrnoosh and Wallach, Hanna and Walker, Kathleen},
    title = {Fairlearn: A toolkit for assessing and improving fairness in {AI}},
    institution = {Microsoft},
    year = {2020},
    month = {May},
    url = "https://www.microsoft.com/en-us/research/publication/fairlearn-a-toolkit-for-assessing-and-improving-fairness-in-ai/",
    number = {MSR-TR-2020-32},
}

@article{sklearn,
  title={Scikit-learn: Machine learning in Python},
  author={Pedregosa, Fabian and Varoquaux, Ga{\"e}l and Gramfort, Alexandre and Michel, Vincent and Thirion, Bertrand and Grisel, Olivier and Blondel, Mathieu and Prettenhofer, Peter and Weiss, Ron and Dubourg, Vincent and others},
  journal={Journal of Machine Learning Research},
  volume={12},
  pages={2825--2830},
  year={2011},
  publisher={JMLR}
}

@misc{fairnessjl,
  author       = {Ashrya Agrawal and Jiahao Chen and Sebastian Vollmer and Anthony Blaom},
  title        = {Fairness.jl},
  year         = {2020},
  publisher    = {Zenodo},
  version      = {v0.1.2},
  doi          = {10.5281/zenodo.3977197},
  url          = {https://github.com/ashryaagr/Fairness.jl}
}


## Papers 

@article{Vanschoren2014,
  doi = {10.1145/2641190.2641198},
  year = {2014},
  month = jun,
  publisher = {Association for Computing Machinery},
  volume = {15},
  number = {2},
  pages = {49--60},
  author = {Joaquin Vanschoren and Jan N. van Rijn and Bernd Bischl and Luis Torgo},
  title = {{OpenML}},
  journal = {{ACM} {SIGKDD} Explorations Newsletter}
}

@article{galindo2000credit,
  title={Credit risk assessment using statistical and machine learning: basic methodology and risk modeling applications},
  author={Galindo, Jorge and Tamayo, Pablo},
  journal={Computational Economics},
  volume={15},
  number={1},
  pages={107--143},
  year={2000},
  publisher={Springer}
}

@inproceedings{hebert-johnson2018,
  title = {Multicalibration: Calibration for the ({C}omputationally-Identifiable) Masses},
  author = {Hebert-Johnson, Ursula and Kim, Michael P. and Reingold, Omer and Rothblum, Guy},
  booktitle = {International Conference on Machine Learning},
  pages = {1939--1948},
  year = {2018},
  volume = {80},
  series = {PMLR},
  address = {Stockholmsmässan, Stockholm Sweden},
  publisher = {PMLR}
}

@inproceedings{kim2019,
  author = {Kim, Michael P. and Ghorbani, Amirata and Zou, James},
  title = {Multiaccuracy: Black-Box Post-Processing for Fairness in Classification},
  year = {2019},
  publisher = {Association for Computing Machinery},
  address = {New York, NY, USA},
  doi = {10.1145/3306618.3314287},
  booktitle = {Proceedings of the 2019 AAAI/ACM Conference on AI, Ethics, and Society},
  pages = {247--254},
  location = {Honolulu, HI, USA},
  series = {AIES '19}
}

@article{dawes1989clinical,
  title={Clinical versus actuarial judgment},
  author={Dawes, Robyn M and Faust, David and Meehl, Paul E},
  journal={Science},
  volume={243},
  number={4899},
  pages={1668--1674},
  year={1989},
  doi={10.1126/science.2648573},
  publisher={American Association for the Advancement of Science}
}

@article{barocas2016big,
  title={Big data's disparate impact},
  author={Barocas, Solon and Selbst, Andrew D},
  journal={Calif. L. Rev.},
  volume={104},
  pages={671},
  year={2016},
  doi={10.15779/Z38BG31},
  publisher={HeinOnline}
}

@inproceedings{corbettcompas,
author = {Corbett-Davies, Sam and Pierson, Emma and Feller, Avi and Goel, Sharad and Huq, Aziz},
title = {Algorithmic Decision Making and the Cost of Fairness},
year = {2017},
publisher = {Association for Computing Machinery},
address = {New York, NY, USA},
doi = {10.1145/3097983.3098095},
booktitle = {Proceedings of the 23rd ACM SIGKDD International Conference on Knowledge Discovery and Data Mining},
pages = {797–806},
location = {Halifax, NS, Canada},
series = {KDD '17}
}

@article{cirillo2020sex,
  title={Sex and gender differences and biases in artificial intelligence for biomedicine and healthcare},
  author={Cirillo, Davide and Catuara-Solarz, Silvina and Morey, Czuee and Guney, Emre and Subirats, Laia and Mellino, Simona and Gigante, Annalisa and Valencia, Alfonso and Rementeria, Mar{\'\i}a Jos{\'e} and Chadha, Antonella Santuccione and others},
  journal={NPJ Digital Medicine},
  volume={3},
  number={1},
  pages={1--11},
  year={2020},
  doi={10.1038/s41746-020-0288-5},
  publisher={Nature Publishing Group}
}

@article{kozodoi2022fairness,
  title={Fairness in credit scoring: Assessment, implementation and profit implications},
  author={Kozodoi, Nikita and Jacob, Johannes and Lessmann, Stefan},
  journal={European Journal of Operational Research},
  volume={297},
  number={3},
  pages={1083--1094},
  doi={10.1016/j.ejor.2021.06.023},
  year={2022},
  publisher={Elsevier}
}

@article{richardcompas,
author = {Richard Berk and Hoda Heidari and Shahin Jabbari and Michael Kearns and Aaron Roth},
title ={{Fairness in Criminal Justice Risk Assessments: The State of the Art}},
journal = {Sociological Methods \& Research},
numpages = {42},
year = {2018},
month = aug,
doi = {10.1177/0049124118782533}
}

@article{Topol2019,
author = {Topol, Eric J.},
doi = {10.1038/s41591-018-0300-7},
journal = {Nature Medicine},
number = {1},
pages = {44--56},
title = {High-performance medicine: The convergence of human and artificial intelligence},
volume = {25},
year = {2019}
}

@inproceedings{Chen2019,
author = {Chen, Jiahao and Kallus, Nathan and Mao, Xiaojie and Svacha, Geofry and Udell, Madeleine},
booktitle = {Proceedings of the Conference on Fairness, Accountability, and Transparency},
doi = {10.1145/3287560.3287594},
pages = {339--348},
title = {Fairness under unawareness: Assessing disparity when protected class is unobserved},
year = {2019}
}

@inproceedings{Turner2019,
author = {Turner, Matthew and McBurnett, Michael},
booktitle = {Proceedings of the 15th Credit Scoring and Credit Control Conference},
title = {Predictive models with explanatory concepts: a general framework for explaining machine learning credit risk models that simultaneously increases predictive power},
url = {https://crc.business-school.ed.ac.uk/wp-content/uploads/sites/55/2019/07/C12-Predictive-Models-with-Explanatory-Concepts-McBurnett.pdf},
year = {2019},
numpages = {11}
}

@inproceedings{schumann,
author = {Schumann, Candice and Foster, Jeffrey S. and Mattei, Nicholas and Dickerson, John P.},
title = {We Need Fairness and Explainability in Algorithmic Hiring},
year = {2020},
publisher = {International Foundation for Autonomous Agents and Multiagent Systems},
booktitle = {Proceedings of the 19th International Conference on Autonomous Agents and MultiAgent Systems},
pages = {1716–1720},
numpages = {5},
location = {Auckland, New Zealand},
series = {AAMAS '20}
}

@article{khandani2010,
  title={Consumer credit-risk models via machine-learning algorithms},
  author={Khandani, Amir E and Kim, Adlar J and Lo, Andrew W},
  journal={Journal of Banking \& Finance},
  volume={34},
  number={11},
  pages={2767--2787},
  year={2010},
  publisher={Elsevier}
}

@article{mehrabi,
  title={A survey on bias and fairness in machine learning},
  author={Mehrabi, Ninareh and Morstatter, Fred and Saxena, Nripsuta and Lerman, Kristina and Galstyan, Aram},
  journal={ACM Computing Surveys (CSUR)},
  volume={54},
  number={6},
  pages={1--35},
  year={2021},
  publisher={ACM New York, NY, USA}
}

@article{hardt2016equality,
  title={Equality of opportunity in supervised learning},
  author={Hardt, Moritz and Price, Eric and Srebro, Nati},
  journal={Advances in Neural Information Processing Systems},
  volume={29},
  pages={3315--3323},
  year={2016}
}

@inproceedings{kim2020fact,
  title={Fact: A diagnostic for group fairness trade-offs},
  author={Kim, Joon Sik and Chen, Jiahao and Talwalkar, Ameet},
  booktitle={International Conference on Machine Learning},
  pages={5264--5274},
  year={2020},
  organization={PMLR}
}

@article{kamiran2012data,
  title={Data preprocessing techniques for classification without discrimination},
  author={Kamiran, Faisal and Calders, Toon},
  journal={Knowledge and Information Systems},
  volume={33},
  number={1},
  pages={1--33},
  year={2012},
  publisher={Springer}
}


@inproceedings{feldman2015certifying,
  title={Certifying and removing disparate impact},
  author={Feldman, Michael and Friedler, Sorelle A and Moeller, John and Scheidegger, Carlos and Venkatasubramanian, Suresh},
  booktitle={Proceedings of the 21th ACM SIGKDD International Conference on Knowledge Discovery and Data Mining},
  pages={259--268},
  year={2015}
}

@article{chouldechova2017fair,
  author = {Chouldechova, Alexandra},
  doi = {10.1089/big.2016.0047},
  eprint = {1703.00056},
  journal = {Big Data},
  month = jun,
  number = {2},
  pages = {153--163},
  title = {Fair Prediction with Disparate Impact: A Study of Bias in Recidivism Prediction Instruments},
  volume = {5},
  year = {2017}
}

@inproceedings{Chen2018,
  author = {Chen, Jiahao},
  eprint = {1809.04684},
  booktitle = {Proceedings of the 2nd FATREC Workshop on Responsible Recommendation},
  month = sep,
  numpages = {4},
  title = {Fair lending needs explainable models for responsible recommendation},
  year = {2018}
}

@inproceedings{modelcards,
author = {Mitchell, Margaret and Wu, Simone and Zaldivar, Andrew and Barnes, Parker and Vasserman, Lucy and Hutchinson, Ben and Spitzer, Elena and Raji, Inioluwa Deborah and Gebru, Timnit},
title = {Model Cards for Model Reporting},
year = {2019},
publisher = {Association for Computing Machinery},
address = {New York, NY, USA},
doi = {10.1145/3287560.3287596},
booktitle = {Proceedings of the Conference on Fairness, Accountability, and Transparency},
pages = {220–229},
organization={PMLR}
}

@article{datasheets,
  title={Datasheets for datasets},
  author={Gebru, Timnit and Morgenstern, Jamie and Vecchione, Briana and Vaughan, Jennifer Wortman and Wallach, Hanna and Iii, Hal Daum{\'e} and Crawford, Kate},
  journal={Communications of the ACM},
  volume={64},
  number={12},
  pages={86--92},
  year={2021},
  publisher={ACM New York, NY, USA}
}

@article{Calders2010,
author = {Calders, Toon and Verwer, Sicco},
doi = {10.1007/s10618-010-0190-x},
journal = {Data Mining and Knowledge Discovery},
number = {2},
pages = {277--292},
title = {{Three naive Bayes approaches for discrimination-free classification}},
volume = {21},
year = {2010}
}

@inproceedings{perrone2021fair,
  title={{Fair Bayesian Optimization}},
  author={Perrone, Valerio and Donini, Michele and Zafar, Muhammad Bilal and Schmucker, Robin and Kenthapadi, Krishnaram and Archambeau, C{\'e}dric},
  booktitle={Proceedings of the 2021 AAAI/ACM Conference on AI, Ethics, and Society},
  pages={854--863},
  year={2021}
}

@inproceedings{Zafar2017,
address = {Geneva, Switzerland},
author = {Zafar, Muhammad Bilal and Valera, Isabel and {Gomez Rodriguez}, Manuel and Gummadi, Krishna P.},
booktitle = {Proceedings of the 26th International Conference on World Wide Web},
doi = {10.1145/3038912.3052660},
month = apr,
pages = {1171--1180},
publisher = {International World Wide Web Conferences Steering Committee},
title = {{Fairness beyond Disparate treatment {\&} Disparate Impact}},
year = {2017}
}

@article{mitchell2021algorithmic,
  title={{Algorithmic fairness: Choices, assumptions, and definitions}},
  author={Mitchell, Shira and Potash, Eric and Barocas, Solon and D'Amour, Alexander and Lum, Kristian},
  journal={Annual Review of Statistics and Its Application},
  volume={8},
  pages={141--163},
  year={2021},
  doi={10.1146/annurev-statistics-042720-125902},
  publisher={Annual Reviews}
}

@article{wachter-vlr2020,
  title={Bias preservation in machine learning: the legality of fairness metrics under {EU} non-discrimination law},
  author={Wachter, S. and Mittelstadt, B. and Russell, C.},
  journal={West Virginia Law Review},
  volume={123},
  year={2020},
  publisher={West Virginia University College of Law}
}

@inproceedings{bao2021s,
  title={It's COMPASlicated: The Messy Relationship between RAI Datasets and Algorithmic Fairness Benchmarks},
  author={Bao, Michelle and Zhou, Angela and Zottola, Samantha A and Brubach, Brian and Desmarais, Sarah and Horowitz, Aaron Seth and Lum, Kristian and Venkatasubramanian, Suresh},
  booktitle={Thirty-fifth Conference on Neural Information Processing Systems Datasets and Benchmarks Track (Round 1)},
  year={2021}
}

@article{bischl2012resampling,
  title={Resampling methods for meta-model validation with recommendations for evolutionary computation},
  author={Bischl, Bernd and Mersmann, Olaf and Trautmann, Heike and Weihs, Claus},
  journal={Evolutionary Computation},
  volume={20},
  number={2},
  pages={249--275},
  year={2012},
  publisher={MIT Press}
}

@inproceedings{dwork2012,
  title={Fairness through awareness},
  author={Dwork, Cynthia and Hardt, Moritz and Pitassi, Toniann and Reingold, Omer and Zemel, Richard},
  booktitle={Proceedings of the 3rd Innovations in Theoretical Computer Science Conference},
  pages={214--226},
  year={2012}
}

@article{kilbertus2017avoiding,
  title={Avoiding discrimination through causal reasoning},
  author={Kilbertus, Niki and Rojas Carulla, Mateo and Parascandolo, Giambattista and Hardt, Moritz and Janzing, Dominik and Sch{\"o}lkopf, Bernhard},
  journal={Advances in Neural Information Processing Systems},
  volume={30},
  year={2017}
}

@InProceedings{fairwashing,
  title = 	 {Fairwashing: the risk of rationalization},
  author =       {Aivodji, Ulrich and Arai, Hiromi and Fortineau, Olivier and Gambs, S{\'e}bastien and Hara, Satoshi and Tapp, Alain},
  booktitle = 	 {International Conference on Machine Learning},
  pages = 	 {161--170},
  year = 	 {2019},
  volume = 	 {97},
  series = 	 {PMLR},
}

@inproceedings{komiyama,
  title={Nonconvex optimization for regression with fairness constraints},
  author={Komiyama, Junpei and Takeda, Akiko and Honda, Junya and Shimao, Hajime},
  booktitle={International Conference on Machine Learning},
  pages={2737--2746},
  year={2018},
  series = {PMLR},
}


## FAT/ FACT

@inproceedings{gendershades,
  title={{Gender shades: Intersectional accuracy disparities in commercial gender classification}},
  author={Buolamwini, Joy and Gebru, Timnit},
  booktitle={Proceedings of the Conference on Fairness, Accountability, and Transparency},
  pages={77--91},
  year={2018},
  organization={PMLR}
}

@inproceedings{heidari2019,
author = {Heidari, Hoda and Loi, Michele and Gummadi, Krishna P. and Krause, Andreas},
title = {A Moral Framework for Understanding Fair ML through Economic Models of Equality of Opportunity},
year = {2019},
publisher = {Association for Computing Machinery},
address = {New York, NY, USA},
doi = {10.1145/3287560.3287584},
booktitle = {Proceedings of the Conference on Fairness, Accountability, and Transparency},
pages = {181--190},
}

@inproceedings{binns2020apparent,
  title={On the apparent conflict between individual and group fairness},
  author={Binns, Reuben},
  booktitle={Proceedings of the Conference on Fairness, Accountability, and Transparency},
  publisher = {Association for Computing Machinery},
  doi = {10.1145/3351095.3372864},
  address = {New York, NY, USA},
  pages={514--524},
  year={2020}
}

@inproceedings{schwobel-facct22a,
  title={The Long Arc of Fairness: Formalisations and Ethical Discourse},
  author={P. Schwöbel and P. Remmers},
  booktitle={Proceedings of the Conference on Fairness, Accountability, and Transparency},
  year = {2022},
  publisher = {Association for Computing Machinery},
  pages={2179--2188},
  address = {New York, NY, USA},
  doi = {10.1145/3531146.3534635},
}

## ARXIV
@article{agrawal2020debiasing,
      title={Debiasing classifiers: is reality at variance with expectation?},
      author={Ashrya Agrawal and Florian Pfisterer and Bernd Bischl and Jiahao Chen and Srijan Sood and Sameena Shah and Francois Buet-Golfouse and Bilal A Mateen and Sebastian Vollmer},
      year={2020},
      journal={arXiv:2011.02407}
}

@article{friedler16,
  author = {Friedler, Sorelle A. and Scheidegger, Carlos and Venkatasubramanian, Suresh},
  title = {On the (im)possibility of fairness},
  year = {2016},
  journal={arXiv:1609.07236},
}

@article{scutari,
  title={Achieving Fairness with a Simple Ridge Penalty},
  author={Scutari, Marco and Panero, Francesca and Proissl, Manuel},
  journal={arXiv:2105.13817},
  year={2021}
}

@article{corbett2018measure,
  title={The measure and mismeasure of fairness: A critical review of fair machine learning},
  author={Corbett-Davies, Sam and Goel, Sharad},
  journal={arXiv:1808.00023},
  year={2018}
}

@article{chen22,
  author = {Watkins, Elizabeth Anne and McKenna, Michael and Chen, Jiahao},
  title = {The four-fifths rule is not disparate impact: a woeful tale of epistemic trespassing in algorithmic fairness},
  year = {2022},
  journal={arXiv:2202.09519},
}

@article{pfisterer2019multiobjective,
  title={Multi-Objective Automatic Machine Learning with AutoxgboostMC},
  author={Florian Pfisterer and Stefan Coors and Janek Thomas and Bernd Bischl},
  year={2019},
  journal={arXiv:1908.10796}
}

@article{rodolfa2020machine,
  title={Machine learning for public policy: Do we need to sacrifice accuracy to make models fair?},
  author={Rodolfa, Kit T and Lamba, Hemank and Ghani, Rayid},
  journal={arXiv:2012.02972},
  year={2020}
}

@article{saleiro2018aequitas,
  title={Aequitas: A bias and fairness audit toolkit},
  author={Saleiro, Pedro and Kuester, Benedict and Hinkson, Loren and London, Jesse and Stevens, Abby and Anisfeld, Ari and Rodolfa, Kit T and Ghani, Rayid},
  journal={arXiv:1811.05577},
  year={2018}
}

## MISC
@misc{uci,
    author = {Dua, Dheeru and Graff, Casey},
    year = {2017},
    title = {{UCI} Machine Learning Repository},
    url = {http://archive.ics.uci.edu/ml},
    institution = {University of California, Irvine, School of Information and Computer Sciences}
}

@misc{compas,
author = {Julia Angwin and Jeff Larson and Surya Mattu and Lauren Kichner},
publisher = {ProPublica},
url = {https://www.propublica.org/article/machine-bias-risk-assessments-in-criminal-sentencing},
year = 2016,
month = may,
day = 23,
title = {Machine Bias},
}

## Books
@book{eubanks2018automating,
  title={Automating inequality: How high-tech tools profile, police, and punish the poor},
  author={Eubanks, Virginia},
  isbn={9781250215789},
  year={2018},
  publisher={St. Martin's Press}
}

@book{o2016weapons,
  title={Weapons of Math Destruction: How Big Data Increases Inequality and Threatens Democracy},
  author={O'neil, Cathy},
  year={2016},
  isbn={9780553418835},
  publisher={Crown}
}

@book{noble2018algorithms,
  title={Algorithms of Oppression},
  author={Noble, Safiya Umoja},
  year={2018},
  publisher={New York University Press},
  isbn={9781479837243}
}

@Book{rmarkdown,
  title = {R Markdown Cookbook},
  author = {Yihui Xie and Christophe Dervieux and Emily Riederer},
  publisher = {Chapman and Hall/CRC},
  address = {Boca Raton, Florida},
  year = {2020},
  url = {https://bookdown.org/yihui/rmarkdown-cookbook},
  isbn = {9780367563820}
}

## Books Web

@book{fairmlbook,
  title = {Fairness and Machine Learning},
  author = {Solon Barocas and Moritz Hardt and Arvind Narayanan},
  publisher = {fairmlbook.org},
  year = {2019},
  url = {https://fairmlbook.org/}
}

@book{molnar2019, 
title = {Interpretable Machine Learning},
author = {Christoph Molnar},
year = {2022},
edition    = {2},
subtitle = {A Guide for Making Black Box Models Explainable},
url = {https://christophm.github.io/interpretable-ml-book/}
}

@book{mlr3book,
    title = {Applied Machine Learning Using mlr3 in {R}},
    editor = {Bernd Bischl, Raphael Sonabend, Lars Kotthoff, Michel Lang},
    url = {https://mlr3book.mlr-org.com},
    year = {2024},
    isbn = {9781032507545},
    publisher = {CRC Press}
}

@InProceedings{feurer23,
  author="Feurer, Matthias
  and Eggensperger, Katharina
  and Bergman, Edward
  and Pfisterer, Florian
  and Bischl, Bernd
  and Hutter, Frank",
  title="Mind the Gap: Measuring Generalization Performance Across Multiple Objectives",
  booktitle="Advances in Intelligent Data Analysis XXI",
  year="2023",
  pages="130--142"
}

@Article{future,
  author = {Henrik Bengtsson},
  title = {A Unifying Framework for Parallel and Distributed Processing in {R} using Futures},
  year = {2021},
  journal = {The R Journal},
  url = {https://doi.org/10.32614/RJ-2021-048},
  pages = {208--227},
  volume = {13},
  number = {2},
}

@Manual{mlr3verse,
  title = {mlr3verse: Easily Install and Load the 'mlr3' Package Family},
  author = {Michel Lang and Patrick Schratz},
  year = {2023},
  note = {https://mlr3verse.mlr-org.com, https://github.com/mlr-org/mlr3verse},
}

@Manual{bbotk,
  title = {bbotk: Black-Box Optimization Toolkit},
  author = {Marc Becker and Jakob Richter and Michel Lang and Bernd Bischl and Martin Binder},
  year = {2023},
  note = {https://bbotk.mlr-org.com, https://github.com/mlr-org/bbotk},
}

@Manual{mlr3tuning,
  title = {mlr3tuning: Hyperparameter Optimization for 'mlr3'},
  author = {Marc Becker and Michel Lang and Jakob Richter and Bernd Bischl and Daniel Schalk},
  year = {2023},
  note = {https://mlr3tuning.mlr-org.com, https://github.com/mlr-org/mlr3tuning},
}
