@Manual{An2018,
  title = {Dr4pl: Dose Response Data Analysis Using the 4 Parameter Logistic (4pl) Model},
  author = {Justin T. Landis and Hyowon An and Aubrey G. Bailey},
  year = {2018},
  note = {R package version 1.1.8},
  url = {https://bitbucket.org/dittmerlab/dr4pl},
}

@Book{Bates1988,
  author = {Douglas M. Bates and Donald G. Watts},
  title = {Nonlinear Regression Analysis and Its Applications},
  series = {Wiley Series in Probability and Mathematical Statistics:
              Applied Probability and Statistics},
  publisher = {John Wiley \& Sons},
  year = {1988},
  pages = {xvi+365},
  isbn = {0-471-81643-4},
  mrclass = {62-01 (62H05 62J02 62J05)},
  mrnumber = {1060528},
  mrreviewer = {Roy T. Saint Laurent},
  url = {https://doi.org/10.1002/9780470316757},
}

@Article{Benjamini2001,
  author = {Yoav Benjamini and Daniel Yekutieli},
  title = {The Control of the False Discovery Rate in Multiple Testing under Dependency},
  journal = {Ann. Statist.},
  fjournal = {The Annals of Statistics},
  volume = {29},
  year = {2001},
  number = {4},
  pages = {1165--1188},
  issn = {0090-5364},
  mrclass = {62J15 (47N30 62H20)},
  mrnumber = {1869245},
  mrreviewer = {S. Panchapakesan},
}

@Article{Chickarmane2009,
  title = {Computational Modeling of the Hematopoietic Erythroid-Myeloid Switch Reveals Insights into Cooperativity, Priming, and Irreversibility},
  author = {Vijay Chickarmane and Tariq Enver and Carsten Peterson},
  journal = {PLoS Comput Biol},
  volume = {5},
  number = {1},
  pages = {e1000268},
  year = {2009},
  publisher = {Public Library of Science},
  url = {https://doi.org/10.1371/journal.pcbi.1000268},
}

@Manual{Commo2016,
  title = {Nplr: N-Parameter Logistic Regression},
  author = {Frederic Commo and Brian M. Bot},
  year = {2016},
  note = {R package version 0.1-7},
  url = {https://CRAN.R-project.org/package=nplr},
}

@Article{Dean1951,
  author = {R. B. Dean and W. J. Dixon},
  title = {Simplified Statistics for Small Numbers of Observations},
  journal = {Analytical Chemistry},
  volume = {23},
  number = {4},
  pages = {636-638},
  year = {1951},
  eprint = {https://doi.org/10.1021/ac60052a025},
  url = {https://doi.org/10.1021/ac60052a025},
}

@Article{DiVeroli2015,
  author = {Y. {Di Veroli Giovanni} and Chiara Fornari and Ian Goldlust and Graham Mills and Siang B. Koh and Jo L. Bramhall and Frances M. Richards and Duncan I. Jodrell},
  year = {2015},
  title = {An Automated Fitting Procedure and Software for Dose-Response Curves with Multiphasic Features},
  journal = {Scientific Reports (Nature Publisher Group)},
  volume = {5},
  pages = {14701},
  url = {https://doi.org/10.1038/srep14701},
}

@Article{Gadagkar2015,
  author = {S. R. Gadagkar and G. B. Call},
  title = {{{C}omputational Tools for Fitting the {H}ill Equation to Dose-Response Curves}},
  journal = {J Pharmacol Toxicol Methods},
  year = {2015},
  volume = {71},
  pages = {68--76},
  url = {https://doi.org/10.1016/j.vascn.2014.08.006},
}

@Article{Giraldo2002,
  title = {Assessing the (a) Symmetry of Concentration-Effect Curves: Empirical versus Mechanistic Models},
  author = {Jes√∫s Giraldo and Nuria M Vivas and Elisabet Vila and Albert Badia},
  journal = {Pharmacology \& therapeutics},
  volume = {95},
  number = {1},
  pages = {21--45},
  year = {2002},
  publisher = {Elsevier},
  url = {https://doi.org/10.1016/s0163-7258(02)00223-1},
}

@Article{Hill1910,
  title = {The Possible Effects of the Aggregation of the Molecules of Haemoglobin on Its Dissociation Curves},
  author = {Archibald Vivian Hill},
  journal = {J Physiol (Lond)},
  volume = {40},
  pages = {4--7},
  year = {1910},
}

@Article{Huber1964,
  author = {Peter J. Huber},
  title = {Robust Estimation of a Location Parameter},
  journal = {Ann. Math. Statist.},
  fjournal = {Annals of Mathematical Statistics},
  volume = {35},
  year = {1964},
  pages = {73--101},
  issn = {0003-4851},
  mrclass = {62.20},
  mrnumber = {0161415},
  mrreviewer = {J. H\'ajek},
  url = {http://dx.doi.org.libproxy.lib.unc.edu/10.1214/aoms/1177703732},
}

@Book{Huber2009,
  author = {Peter J. Huber and Elvezio M. Ronchetti},
  title = {Robust Statistics},
  series = {Wiley Series in Probability and Statistics},
  edition = {2nd},
  publisher = {John Wiley \& Sons},
  year = {2009},
  pages = {xvi+354 pp. + loose erratum},
  isbn = {978-0-470-12990-6},
  mrclass = {62-02 (62G35)},
  mrnumber = {2488795},
  mrreviewer = {Rustam Ibragimov},
  url = {http://dx.doi.org.libproxy.lib.unc.edu/10.1002/9780470434697},
}

@Article{Lim2013,
  author = {Changwon Lim and Pranab K. Sen and Shyamal D. Peddada},
  title = {Robust Nonlinear Regression in Applications},
  journal = {J. Indian Soc. Agricultural Statist.},
  fjournal = {Journal of the Indian Society of Agricultural Statistics},
  volume = {67},
  year = {2013},
  number = {2},
  pages = {215--234, 291},
  issn = {0019-6363},
  mrclass = {62J02 (62G35)},
  mrnumber = {3136609},
}

@Article{Lim2015,
  author = {Changwon Lim},
  title = {Robust Ridge Regression Estimators for Nonlinear Models with Applications to High Throughput Screening Assay Data},
  journal = {Stat. Med.},
  fjournal = {Statistics in Medicine},
  volume = {34},
  year = {2015},
  number = {7},
  pages = {1185--1198},
  issn = {0277-6715},
  mrclass = {Expansion},
  mrnumber = {3322743},
  url = {https://doi.org/10.1002/sim.6391},
}

@Article{Mead1970,
  title = {Plant Density and Crop Yield},
  author = {R Mead},
  journal = {Applied statistics},
  pages = {64--81},
  year = {1970},
  url = {https://doi.org/10.2307/2346843},
}

@Article{Mosteller1977,
  title = {Data Analysis and Regression: a Second Course in Statistics},
  author = {F. Mosteller and J. W. Tukey},
  journal = {Addison-Wesley Series in Behavioral Science: Quantitative Methods},
  year = {1977},
}

@Article{Motulsky2006,
  author = {H. J. Motulsky and R. E. Brown},
  title = {{{D}etecting Outliers When Fitting Data with Nonlinear Regression - a New Method Based on Robust Nonlinear Regression and the False Discovery Rate}},
  journal = {BMC Bioinformatics},
  year = {2006},
  volume = {7},
  pages = {123},
  url = {https://doi.org/10.1186/1471-2105-7-123},
}

@Article{Oberhofer1982,
  author = {Walter Oberhofer},
  title = {The Consistency of Nonlinear Regression Minimizing the {$L_{1}$}-Norm},
  journal = {Ann. Statist.},
  fjournal = {The Annals of Statistics},
  volume = {10},
  year = {1982},
  number = {1},
  pages = {316--319},
  issn = {0090-5364},
  mrclass = {62J02 (62F12)},
  mrnumber = {642745},
  mrreviewer = {Hans-Peter H\"oschel},
}

@Book{Pratt1990,
  title = {Principles of Drug Action: The Basis of Pharmacology},
  author = {William B Pratt and Palmer Taylor},
  year = {1990},
  edition = {3rd},
  publisher = {Churchill Livingstone},
  url = {https://doi.org/10.1021/jm00296a900},
}

@Book{Ratkowsky1983,
  title = {Nonlinear Regression Modeling. A Unified Practical Approach},
  author = {David A. Ratkowsky},
  year = {1983},
  publisher = {Marcel Dekker, Inc., New York},
}

@Article{Riazoshams2009,
  title = {On the Outlier Detection in Nonlinear Regression},
  author = {A Hossein Riazoshams and B Midi {Habshah Jr} and AMB Adam},
  journal = {International Journal of Mathematical, Computational, Physical, Electrical and Computer Engineering},
  volume = {3},
  number = {12},
  pages = {1105--1111},
  year = {2009},
}

@Article{Ritz2005,
  title = {Bioassay Analysis Using {R}},
  author = {Christian Ritz and Jens C Streibig and {others}},
  journal = {Journal of Statistical Software},
  volume = {12},
  number = {5},
  pages = {1--22},
  year = {2005},
  url = {https://doi.org/10.18637/jss.v012.i05},
}

@Article{Robertson1908,
  title = {On the Normal Rate of Growth of an Individual, and Its Biochemical Significance},
  author = {T Brailsford Robertson},
  journal = {Archiv f{\"u}r Entwicklungsmechanik der Organismen},
  volume = {25},
  number = {4},
  pages = {581--614},
  year = {1908},
  publisher = {Springer-Verlag},
  url = {https://doi.org/10.1007/bf02163864},
}

@Book{Seber1989,
  author = {G. A. F. Seber and C. J. Wild},
  title = {Nonlinear Regression},
  series = {Wiley Series in Probability and Mathematical Statistics:
              Probability and Mathematical Statistics},
  publisher = {John Wiley \& Sons},
  year = {1989},
  pages = {xxii+768},
  isbn = {0-471-61760-1},
  mrclass = {62-02 (62J02)},
  mrnumber = {986070},
  mrreviewer = {Roy T. Saint Laurent},
  url = {https://doi.org/10.1002/0471725315},
}

@Article{Wang2010,
  author = {Y. Wang and A. Jadhav and N. Southal and R. Huang and D. T. Nguyen},
  title = {{{A} Grid Algorithm for High Throughput Fitting of Dose-Response Curve Data}},
  journal = {Curr Chem Genomics},
  year = {2010},
  volume = {4},
  pages = {57--66},
  url = {https://doi.org/10.2174/1875397301004010057},
}
