@book{AOV99,
author = {A.~{Aguilera, F.~Ocana, and M.~Valderrama}},
title = {{Forecasting time series by functional PCA. Discussion of several weighted approaches}},
publisher = {Computational Statistics 14 (3):},
pages = {443--467},
year = {1999}
}
@book{APD+08,
author = {J.~{Antoch, L.~Prchal, M.~R. {De Rosa}, and P.~Sarda}},
title = {{Functional linear regression with functional response: application to prediction of electricity consumption}},
publisher = {In S.~Dabo-Niang and F.~Ferraty editors Functional andOperatorial Statistics pages  Physica-Verlag Heidelberg},
pages = {23--29},
year = {2008}
}
@book{EHG07,
author = {B.~{Erbas, R.~J. Hyndman, and D.~M. Gertig}},
title = {{Forecasting age-specific breast cancer mortality using functional data models}},
publisher = {Statistics in Medicine 26 (2):},
pages = {458--470},
year = {2007}
}
@book{HH06,
author = {P.~{Hall and M.~{Hosseini-Nasab}}},
title = {{On properties of functional principal components analysis}},
publisher = {Journal of the Royal Statistical Society: Series B,68 (1):},
pages = {109--126},
year = {2006}
}
@book{HK10,
author = {S.~{H\"{o}rmann and P.~Kokoszka}},
title = {{Weakly dependent functional data}},
publisher = {The Annals of Statistics 38 (3):},
pages = {1845--1884},
year = {2010}
}
@book{HK12,
author = {L.~{Horv\'{a}th and P.~Kokoszka}},
title = {{Inference for Functional Data with Applications}},
publisher = {Springer New York},
year = {2012}
}
@book{HHK10,
author = {L.~{Horv\'{a}th, M.~Hu\v{s}kov\'{a}, and P.~Kokoszka}},
title = {{Testing the stability of the functional autoregressive process}},
publisher = {Journal of Multivariate Analysis 101 (2):},
pages = {352--367},
year = {2010}
}
@book{HS12,
author = {R.~{Hyndman and H.~L. Shang}},
title = {{ftsa: Functional time series analysis, }},
publisher = {R package version 3.8},
year = {2013},
url = {http://CRAN.R-project.org/package=ftsa}
}
@book{HB08,
author = {R.~J. {Hyndman and H.~Booth}},
title = {{Stochastic population forecasts using functional data models for mortality, fertility and migration}},
publisher = {International Journal of Forecasting 24(3):},
pages = {323--342},
year = {2008}
}
@book{HS09,
author = {R.~J. {Hyndman and H.~L. Shang}},
title = {{Forecasting functional time series (with discussion)}},
publisher = {Journal of the Korean Statistical Society 38(3):},
pages = {199--221},
year = {2009}
}
@book{HS10,
author = {R.~J. {Hyndman and H.~L. Shang}},
title = {{Rainbow plots, bagplots, and boxplots for functional data}},
publisher = {Journal of Computational and Graphical Statistics 19(1):},
pages = {29--45},
year = {2010}
}
@book{HKO+08,
author = {R.~J. {Hyndman, A.~B. Koehler, J.~K. Ord, and R.~D. Snyder}},
title = {{Forecasting with Exponential Smoothing: the State Space Approach}},
publisher = {Springer Berlin},
year = {2008}
}
@book{Shang11,
author = {H.~L. {Shang}},
title = {{rainbow: an R package for visualizing functional time series}},
publisher = {The R Journal 3 (2):},
pages = {54--59},
year = {2011}
}
@book{Shang12,
author = {H.~L. {Shang}},
title = {{Point and interval forecasts of age-specific fertility rates: a comparison of functional principal component methods}},
publisher = {Journal of Population Research 29 (3):},
pages = {249--267},
year = {2012}
}
@book{Shang12a,
author = {H.~L. {Shang}},
title = {{Functional time series approach for forecasting very short-term electricity demand}},
publisher = {Journal of Applied Statistics 40 (1):},
pages = {152--168},
year = {2013}
}
@book{SH11,
author = {H.~L. {Shang and R.~J. Hyndman}},
title = {{Nonparametric time series forecasting with dynamic updating}},
publisher = {Mathematics and Computers in Simulation 81(7):},
pages = {1310--1324},
year = {2011}
}
@book{SH08,
author = {H.~{Shen and J.~Z. Huang}},
title = {{Interday forecasting and intraday updating of call center arrivals}},
publisher = {Manufacturing & Service Operations Management 10(3):},
pages = {391--410},
year = {2008}
}






