@article{guo2021post,
  title={Post-selection problems for causal inference with invalid instruments: A solution using searching and sampling},
  author={Guo, Zijian},
  journal={arXiv preprint arXiv:2104.06911},
  volume={3},
  year={2021}
}
@article{dezeure2015high,
  title={High-dimensional inference: Confidence intervals, p-values and r-software hdi},
  author={Dezeure, Ruben and B{\"u}hlmann, Peter and Meier, Lukas and Meinshausen, Nicolai},
  journal={Statistical science},
  pages={533--558},
  year={2015},
  publisher={JSTOR}
}
@article{linlin,
  title = {Optimal Statistical Inference for Individualized Treatment Effects in High-dimensional Models},
  author = {Tianxi Cai and T. Tony Cai and Zijian Guo},
  journal = {Journal of the Royal Statistical Society: Series B},
  year = {2019},
  publisher = {Wiley Online Library}
}
@article{guo2019optimal,
  title={Optimal estimation of genetic relatedness in high-dimensional linear models},
  author={Guo, Zijian and Wang, Wanjie and Cai, T Tony and Li, Hongzhe},
  journal={Journal of the American Statistical Association},
  volume={114},
  pages={358--369},
  year={2019},
  publisher={Taylor \& Francis}
}
@article{cai2020semisupervised,
  title={Semisupervised inference for explained variance in high dimensional linear regression and its applications},
  author={Cai, T Tony and Guo, Zijian},
  journal={Journal of the Royal Statistical Society: Series B (Statistical Methodology)},
  volume={82},
  number={2},
  pages={391--419},
  year={2020},
  publisher={Wiley Online Library}
}

@article{grouplin,
  title = {Group Inference in High Dimensions with Applications to Hierarchical Testing},
  author = {Zijian Guo and  Claude Renaux and Peter Buhlmann and T. Tony Cai},
  journal = {Unknown},
  year = {2019}
}
@article{linlog,
  title = {Inference for Case Probability in High-dimensional Logistic Regression},
  author = {Zijian Guo and Prabrisha Rakshit and Daniel S. Herman and Jinbo Chen},
  journal = {Unknown},
  year = {2019}
}
@article{zhu2018linear,
  title={Linear Hypothesis Testing in Dense High-Dimensional Linear Models},
  author={Zhu, Yinchu and Bradic, Jelena},
  journal={Journal of the American Statistical Association},
  volume={113},
  number={524},
  pages={1583--1600},
  year={2018},
  publisher={Taylor and Francis Ltd}
}
@article{cai2017confidence,
  title={Confidence intervals for high-dimensional linear regression: Minimax rates and adaptivity},
  author={Cai, T. Tony and Guo, Zijian},
  journal={The Annals of Statistics},
  volume={45},
  number={2},
  pages={615--646},
  year={2017},
  publisher={Institute of Mathematical Statistics}
}
@article{cai2019individualized,
  title={Optimal Statistical Inference for Individualized Treatment Effects in High-dimensional Models},
  author={Cai, Tianxi and Cai, Tony and Guo, Zijian},
  journal={Journal of the Royal Statistical Society: Series B (Statistical Methodology)},
  year={2019}
}
@book{buhlmann2011statistics,
  title={Statistics for high-dimensional data: methods, theory and applications},
  author={B{\"u}hlmann, Peter and van de Geer, Sara},
  year={2011},
  publisher={Springer Science \& Business Media}
}
@inproceedings{negahban2009unified,
  title={A unified framework for high-dimensional analysis of $ M $-estimators with decomposable regularizers},
  author={Negahban, Sahand and Yu, Bin and Wainwright, Martin J and Ravikumar, Pradeep K},
  booktitle={Advances in Neural Information Processing Systems},
  pages={1348--1356},
  year={2009}
}
@article{huang2012estimation,
  title={Estimation and selection via absolute penalized convex minimization and its multistage adaptive applications},
  author={Huang, Jian and Zhang, Cun-Hui},
  journal={Journal of Machine Learning Research},
  volume={13},
  number={Jun},
  pages={1839--1864},
  year={2012}
}
@article{zhang2014confidence,
  title={Confidence intervals for low dimensional parameters in high dimensional linear models},
  author={Zhang, Cun-Hui and Zhang, Stephanie S},
  journal={Journal of the Royal Statistical Society: Series B (Statistical Methodology)},
  volume={76},
  number={1},
  pages={217--242},
  year={2014},
  publisher={Wiley Online Library}
}
@article{van2014asymptotically,
  title={On asymptotically optimal confidence regions and tests for high-dimensional models},
  author={van de Geer, Sara and B{\"u}hlmann, Peter and Ritov, Yaacov and Dezeure, Ruben},
  journal={The Annals of Statistics},
  volume={42},
  pages={1166--1202},
  year={2014},
  publisher={Institute of Mathematical Statistics}
}
@article{javanmard2014confidence,
  title={Confidence intervals and hypothesis testing for high-dimensional regression},
  author={Javanmard, Adel and Montanari, Andrea},
  journal={The Journal of Machine Learning Research},
  volume={15},
  number={1},
  pages={2869--2909},
  year={2014},
  publisher={JMLR. org}
}
@article{ning2017general,
  title={A general theory of hypothesis tests and confidence regions for sparse high dimensional models},
  author={Ning, Yang and Liu, Han},
  journal={The Annals of Statistics},
  volume={45},
  number={1},
  pages={158--195},
  year={2017},
  publisher={Institute of Mathematical Statistics}
}
@article{ma2018global,
  title={Global and Simultaneous Hypothesis Testing for High-Dimensional Logistic Regression Models},
  author={Ma, Rong and Cai, T Tony and Li, Hongzhe},
  journal={arXiv preprint arXiv:1805.06970},
  year={2018}
}
@article{lasso,
  title={Regression shrinkage and selection via the LASSO},
  author={Robert Tibshirani},
  journal={Journal of the Royal Statistical Society: Series B (Statistical Methodology)},
  volume={58},
  number={1},
  pages={267-288},
  year={1996},
  publisher={Wiley Online Library}
}
@article{scad,
  title={Variable Selection via Nonconcave Penalized Likelihood and its Oracle Properties},
  author={Jianqing Fan and Runze Li},
  journal={Journal of the American Statistical Association},
  volume={96},
  pages={1348-1360},
  year={2011}
}
@article{mcp,
  title={Nearly Unbiased Variable Selection under Minimax Concave Penalty},
  author={Cun-Hui Zhang},
  journal={Annals of Statistics},
  volume={38},
  number={2},
  pages={894-942},
  year={2010},
  publisher={Institute of Mathematical Statistics}
}
@article{slasso,
  title={Scaled Sparse Linear Regression},
  author={Tingni Sun and Cun-Hui Zhang},
  journal={Biometrika},
  volume={99},
  number={4},
  pages={879-898},
  year={2012},
  publisher={Oxford University Press}
}
@article{sqlasso,
  title={Square-root LASSO : pivotal recovery of sparse signals via conic programming},
  author={A. Belloni and V. Chernozhukov and L. Wang},
  journal={Biometrika},
  volume={98},
  number={4},
  pages={791-806},
  year={2011},
  publisher={Oxford University Press}
}
@article{srecov,
  title={LASSO-type recovery of sparse representations for high-dimensional data},
  author={Nicolai Meinshausen and Bin Yu},
  journal={Annals of Statistics},
  volume={37},
  number={1},
  pages={246-270},
  year={2009}
}
@article{loglasso,
  title={Penalized Maximum Likelihood Estimation in Logistic Regression and Discrimination},
  author={J. A. Anderson and V. Blair},
  journal={Biometrika},
  volume={9},
  number={1},
  pages={123-136},
  year={1982},
  publisher={Oxford University Press}
}
@article{motif,
  title={Predicting gene expression from sequence: a reexamination},
  author={Yuan, Yuan and Guo, Lei and Shen, Lei and Liu, Jun S},
  journal={PLoS computational biology},
  volume={3},
  number={11},
  pages={e243},
  year={2007},
  publisher={Public Library of Science San Francisco, USA}
}
@article{glmlin,
  title = {Statistical Inference for High-Dimensional Generalized Linear Models with Binary Outcomes},
  author = {T. Tony Cai and Zijian Guo and Rong Ma},
  journal = {Journal of the American Statistical Association},
  volume={To appear},
  year = {2021}
}
@article{sshdiglm,
  title = {Estimation and Inference for High Dimensional Generalized Linear Models: A Splitting and Smoothing Approach},
  author = {Zhe Fei and Yi Li},
  journal = {Journal of Machine Learning Research},
  volume={22},
  pages={1-32},
  year = {2021}
}
@article{guo2021inference,
  title={Inference for the case probability in high-dimensional logistic regression},
  author={Guo, Zijian and Rakshit, Prabrisha and Herman, Daniel S and Chen, Jinbo},
  journal={The Journal of Machine Learning Research},
  volume={22},
  number={1},
  pages={11480--11533},
  year={2021},
  publisher={JMLRORG}
}
@article{guo2021group,
  title={Group inference in high dimensions with applications to hierarchical testing},
  author={Guo, Zijian and Renaux, Claude and B{\"u}hlmann, Peter and Cai, Tony},
  journal={Electronic Journal of Statistics},
  volume={15},
  number={2},
  pages={6633--6676},
  year={2021},
  publisher={Institute of Mathematical Statistics and Bernoulli Society}
}
@article{cai2021optimal,
  title={Optimal statistical inference for individualized treatment effects in high-dimensional models},
  author={Cai, Tianxi and Tony Cai, T and Guo, Zijian},
  journal={Journal of the Royal Statistical Society: Series B (Statistical Methodology)},
  volume={83},
  number={4},
  pages={669--719},
  year={2021},
  publisher={Wiley Online Library}
}
@article{meinshausen2006high,
  title={High-dimensional graphs and variable selection with the lasso},
  author={Meinshausen, Nicolai and B{\"u}hlmann, Peter},
  journal={The annals of statistics},
  volume={34},
  number={3},
  pages={1436--1462},
  year={2006},
  publisher={Institute of Mathematical Statistics}
}
@article{bickel2009simultaneous,
  title={Simultaneous analysis of Lasso and Dantzig selector},
  author={Bickel, Peter J and Ritov, Yaâ€™acov and Tsybakov, Alexandre B},
  journal={The Annals of statistics},
  volume={37},
  number={4},
  pages={1705--1732},
  year={2009},
  publisher={Institute of Mathematical Statistics}
}
@article{zhao2006model,
  title={On model selection consistency of Lasso},
  author={Zhao, Peng and Yu, Bin},
  journal={The Journal of Machine Learning Research},
  volume={7},
  pages={2541--2563},
  year={2006},
  publisher={JMLR. org}
}
@article{wainwright2009sharp,
  title={Sharp thresholds for High-Dimensional and noisy sparsity recovery using $\ell_1$-Constrained Quadratic Programming (Lasso)},
  author={Wainwright, Martin J},
  journal={IEEE transactions on information theory},
  volume={55},
  number={5},
  pages={2183--2202},
  year={2009},
  publisher={IEEE}
}
@article{cai2021statistical,
  title={Statistical inference for high-dimensional generalized linear models with binary outcomes},
  author={Cai, T Tony and Guo, Zijian and Ma, Rong},
  journal={Journal of the American Statistical Association},
  pages={1--14},
  year={2021},
  publisher={Taylor \& Francis}
}
@article{DML,
  title={Double/Debiased Machine Learning for Treatment and Structural Parameters},
  author={Chernozhukov, Victor and Chetverikov, Denis and Demirer, Mert and Duflo, Esther and Hansen, Christian and Newey, Whitney and  Robins, James},
  journal={The Econometrics Journal},
  volume={21},
  pages={C1-C68},
  year={2018}
}
@article{ma2022statistical,
  title={Statistical inference for genetic relatedness based on high-dimensional logistic regression},
  author={Ma, Rong and Guo, Zijian and Cai, T Tony and Li, Hongzhe},
  journal={arXiv preprint arXiv:2202.10007},
  year={2022}
}
@article{guo2023robust,
  title={Robust Inference for Federated Meta-Learning},
  author={Guo, Zijian and Li, Xiudi and Han, Larry and Cai, Tianxi},
  journal={arXiv preprint arXiv:2301.00718},
  year={2023}
}

@article{beer2004predicting,
  title={Predicting gene expression from sequence},
  author={Beer, Michael A and Tavazoie, Saeed},
  journal={Cell},
  volume={117},
  number={2},
  pages={185--198},
  year={2004},
  publisher={Elsevier}
}

@article{conlon2003integrating,
  title={Integrating regulatory motif discovery and genome-wide expression analysis},
  author={Conlon, Erin M and Liu, X Shirley and Lieb, Jason D and Liu, Jun S},
  journal={Proceedings of the National Academy of Sciences},
  volume={100},
  number={6},
  pages={3339--3344},
  year={2003},
  publisher={National Acad Sciences}
}

@article{das2004interacting,
  title={Interacting models of cooperative gene regulation},
  author={Das, Debopriya and Banerjee, Nilanjana and Zhang, Michael Q},
  journal={Proceedings of the National Academy of Sciences},
  volume={101},
  number={46},
  pages={16234--16239},
  year={2004},
  publisher={National Acad Sciences}
}

@article{yuan2007predicting,
  title={Predicting gene expression from sequence: a reexamination},
  author={Yuan, Yuan and Guo, Lei and Shen, Lei and Liu, Jun S},
  journal={PLoS computational biology},
  volume={3},
  number={11},
  pages={e243},
  year={2007},
  publisher={Public Library of Science San Francisco, USA}
}