@Article{Bielza14,
  author = {Concha Bielza and Pedro Larrañaga},
  journal = {ACM Computing Surveys},
  number = {1},
  title = {Discrete {Bayesian} Network Classifiers: {A} Survey},
  volume = {47},
  year = {2014},
}

@Article{Friedman1997,
  author = {N. Friedman and D. Geiger and M. Goldszmidt},
  journal = {Machine Learning},
  pages = {131--163},
  title = {Bayesian Network Classifiers},
  volume = {29},
  year = {1997},
}

@Article{Zaidi2013,
  author = {Nayyar A Zaidi and Jesus Cerquides and Mark J Carman and Geoffrey I Webb},
  journal = {Journal of Machine Learning Research},
  pages = {1947--1988},
  title = {Alleviating Naive {B}ayes Attribute Independence   Assumption by Attribute Weighting},
  volume = {14},
  year = {2013},
}

@Article{Minsky1961,
  author = {M. Minsky},
  journal = {Transactions on Institute of Radio Engineers},
  pages = {8--30},
  title = {Steps toward Artificial Intelligence},
  volume = {49},
  year = {1961},
}

@Article{Hand2001,
  author = {D. ~J. Hand and K. Yu},
  journal = {International Statistical Review},
  number = {3},
  pages = {385-398},
  title = {{Idiot's Bayes - Not so Stupid after All?}},
  volume = {69},
  year = {2001},
}

@Book{Pearl1988,
  address = {San Francisco, CA, USA},
  author = {J. Pearl},
  publisher = {Morgan Kaufmann},
  title = {Probabilistic {R}easoning in {I}ntelligent {S}ystems},
  year = {1988},
}

@Book{Koller2009,
  address = {Cambridge, MA, USA},
  author = {Daphne Koller and Nir Friedman},
  pages = {790},
  publisher = {MIT press},
  title = {{Probabilistic Graphical Models: Principles and   Techniques}},
  year = {2009},
}

@Article{Webb2005,
  author = {Geoffrey I Webb and Janice R Boughton and Zhihai Wang},
  journal = {Machine Learning},
  number = {1},
  pages = {5--24},
  publisher = {Springer-Verlag},
  title = {{Not so Naive Bayes: Aggregating One-Dependence   Estimators}},
  volume = {58},
  year = {2005},
}

@Manual{bnlearn43,
  author = {Marco Scutari and Robert Ness},
  note = {R package version 4.3},
  title = {Bnlearn: {Bayesian Network Structure Learning,   Parameter Learning and Inference}},
  year = {2018},
  url = {https://CRAN.R-project.org/package=bnlearn},
}

@Article{scutari2009learning,
  author = {Marco Scutari},
  journal = {Journal of Statistical Software},
  number = {3},
  pages = {1-22},
  title = {Learning {B}ayesian Networks with the   \texttt{bnlearn} \texttt{R} Package},
  volume = {35},
  year = {2010},
}

@Article{Keogh2002,
  author = {Eamonn J Keogh and Michael J Pazzani},
  journal = {International Journal on Artificial Intelligence   Tools},
  number = {4},
  pages = {587--601},
  publisher = {World Scientific},
  title = {Learning the Structure of Augmented {B}ayesian   Classifiers},
  volume = {11},
  year = {2002},
}

@InProceedings{grossman2004,
  author = {Daniel Grossman and Pedro Domingos},
  booktitle = {Proceedings of the Twenty-First International   Conference on Machine Learning},
  pages = {361--368},
  title = {{Learning Bayesian Network Classifiers by Maximizing   Conditional Likelihood}},
  year = {2004},
}

@Article{pernkopf10,
  author = {F. Pernkopf and J. A. Bilmes},
  journal = {Journal of Machine Learning Research},
  pages = {2323-2360},
  title = {Efficient Heuristics for Discriminative Structure   Learning of {B}ayesian Network Classifiers},
  volume = {11},
  year = {2010},
}

@Article{carvalho11,
  author = {A. M. Carvalho and T. Roos and A. L. Oliveira and P. Myllymäki},
  journal = {Journal of Machine Learning Research},
  pages = {2181-2210},
  title = {Discriminative Learning of {B}ayesian Networks via   Factorized Conditional Log-Likelihood},
  volume = {12},
  year = {2011},
}

@Article{Zaidi2017,
  author = {Nayyar A. Zaidi and Geoffrey I. Webb and Mark J. Carman and François Petitjean and Wray Buntine and Mike Hynes and Hans {De Sterck}},
  journal = {Machine Learning},
  number = {9},
  pages = {1289--1329},
  title = {{Efficient Parameter Learning of Bayesian Network   Classifiers}},
  volume = {106},
  year = {2017},
}

@InProceedings{zheng2006efficient,
  author = {Fei Zheng and Geoffrey I Webb},
  booktitle = {{Proceedings of the 23rd International Conference on   Machine Learning}},
  pages = {1113--1120},
  publisher = {ACM},
  title = {Efficient Lazy Elimination for Averaged   One-Dependence Estimators},
  volume = {148},
  year = {2006},
}

@InProceedings{Dash2002,
  author = {Denver Dash and Gregory F Cooper},
  booktitle = {19th International Conference on Machine Learning   (ICML-2002)},
  pages = {91--98},
  title = {Exact Model Averaging with Naive {B}ayesian   Classifiers},
  year = {2002},
}

@InProceedings{Pazzani1996,
  author = {M. Pazzani},
  booktitle = {Proceedings of the Information, Statistics and   Induction in Science Conference},
  pages = {66-77},
  title = {Constructive Induction of {C}artesian Product   Attributes},
  year = {1996},
}

@Manual{Rgraphviz2200,
  author = {Kasper Daniel Hansen and Jeff Gentry and Li Long and Robert Gentleman and Seth Falcon and Florian Hahne and Deepayan Sarkar},
  note = {R package version 2.20.0},
  title = {{Rgraphviz: Provides Plotting Capabilities for R   Graph Objects}},
  year = {2017},
  url = {https://doi.org/10.18129/B9.bioc.Rgraphviz }
}

@Manual{caret6078,
  author = {Max Kuhn and Jed Wing and Steve Weston and Andre Williams and Chris Keefer and Allan Engelhardt and Tony Cooper and Zachary Mayer and Brenton Kenkel and {the R Core Team} and Michael Benesty and Reynald Lescarbeau and Andrew Ziem and Luca Scrucca and Yuan Tang and Can Candan and Tyler Hunt.},
  note = {R package version 6.0-78},
  title = {{caret: Classification and Regression Training}},
  year = {2017},
  url = {https://CRAN.R-project.org/package=caret},
}

@Article{Kuhn2008,
  author = {Max Kuhn},
  journal = {Journal of Statistical Software},
  number = {5},
  pages = {1--26},
  publisher = {American Statistical Association},
  title = {Building Predictive Models in \texttt{{R}} Using the   \texttt{caret} Package},
  volume = {28},
  year = {2008},
}

@Manual{mlr211,
  author = {Bernd Bischl and Michel Lang and Lars Kotthoff and Julia Schiffner and Jakob Richter and Zachary Jones and Giuseppe Casalicchio and Mason Gallo},
  note = {R package version 2.11},
  title = {{mlr: Machine Learning in R}},
  year = {2017},
  url = {https://CRAN.R-project.org/package=mlr},
}

@Manual{Bischl2015,
  author = {Bernd Bischl and Michel Lang and Jakob Richter and Jakob Bossek and Leonard Judt and Tobias Kuehn and Erich Studerus and Lars Kotthoff},
  note = {R package version 2.4},
  title = {{m}lr: Machine Learning in R},
  year = {2015},
  url = {http://CRAN.R-project.org/package=mlr},
}

@Article{cheng-greiner02,
  author = {J. Cheng and R. Greiner and J. Kelly and D. ~A. Bell and W. Liu},
  journal = {Artificial Intelligence},
  pages = {43--90},
  title = {Learning {Bayesian} Networks from Data: {A}n   Information-Theory Based Approach},
  volume = {137},
  year = {2002},
}

@InProceedings{Tsamardinos2003a,
  author = {Ioannis Tsamardinos and Constantin F Aliferis and Alexander Statnikov},
  booktitle = {Proceedings of the 16th International Florida   Artificial Intelligence Research Society Conference   (FLAIRS-2003)},
  pages = {376--381},
  publisher = {AAAI Press},
  title = {Algorithms for Large Scale {M}arkov Blanket   Discovery},
  year = {2003},
}

@Article{Chickering2004,
  author = {David Maxwell Chickering and David Heckerman and Christopher Meek},
  journal = {Journal of Machine Learning Research},
  pages = {1287--1330},
  publisher = {JMLR. org},
  title = {Large-Sample Learning of {B}ayesian Networks Is   {NP}-Hard},
  volume = {5},
  year = {2004},
}

@Article{Akaike74,
  author = {Hirotugu Akaike},
  journal = {IEEE Transactions on Automatic Control},
  number = {6},
  pages = {716--723},
  publisher = {Ieee},
  title = {A New Look at the Statistical Model Identification},
  volume = {19},
  year = {1974},
}

@Article{Schwarz1978,
  author = {Gideon Schwarz},
  journal = {The Annals of Statistics},
  number = {2},
  pages = {461--464},
  publisher = {Institute of Mathematical Statistics},
  title = {Estimating the Dimension of a Model},
  volume = {6},
  year = {1978},
}

@InProceedings{Sahami1996,
  author = {Mehran Sahami},
  booktitle = {Proceedings of the 2nd International Conference on   Knowledge Discovery and Data Mining (KDD-1996)},
  pages = {335--338},
  title = {Learning Limited Dependence {B}ayesian Classifiers},
  volume = {96},
  year = {1996},
}

@Article{Pernkopf2003,
  author = {Franz Pernkopf and Paul O'Leary},
  journal = {Pattern Recognition Letters},
  number = {15},
  pages = {2839--2848},
  publisher = {Elsevier},
  title = {Floating Search Algorithm for Structure Learning of   {B}ayesian Network Classifiers},
  volume = {24},
  year = {2003},
}

@InProceedings{jaeger2003,
  author = {M. Jaeger},
  booktitle = {Proceedings of the 20th International Conference on   Machine Learning (ICML-2003)},
  pages = {266--273},
  title = {Probabilistic Classifiers and the Concept They   Recognize},
  year = {2003},
}

@Article{Varando2015jmlr,
  author = {G. Varando and C. Bielza and P. Larrañaga},
  journal = {Journal of Machine Learning Research},
  volume = {16},
  pages = {2725--2749},
  title = {Decision Boundary for Discrete {B}ayesian Network   Classifiers},
  year = {2015},
}

@Article{Guyon2003,
  author = {Isabelle Guyon and André Elisseeff},
  journal = {Journal of Machine Learning Research},
  pages = {1157--1182},
  publisher = {JMLR. org},
  title = {An Introduction to Variable and Feature Selection},
  volume = {3},
  year = {2003},
}

@Article{Chow1968,
  author = {CK Chow and CN Liu},
  journal = {IEEE Transactions on Information Theory},
  number = {3},
  pages = {462--467},
  publisher = {IEEE},
  title = {Approximating Discrete Probability Distributions with   Dependence Trees},
  volume = {14},
  year = {1968},
}

@Article{Dempster1977,
  author = {Arthur P Dempster and Nan M Laird and Donald B Rubin},
  journal = {{J}ournal of the {R}oyal {S}tatistical {S}ociety.   {S}eries {B} ({M}ethodological)},
  number = {1},
  pages = {1--38},
  publisher = {JSTOR},
  title = {Maximum Likelihood from Incomplete Data via the {EM}   Algorithm},
  volume = {39},
  year = {1977},
}

@Article{Hall2007,
  author = {M. Hall},
  journal = {Knowledge-Based Systems},
  number = {2},
  pages = {120-126},
  title = {A Decision Tree-Based Attribute Weighting Filter for   Naive {B}ayes},
  volume = {20},
  year = {2007},
}

@Article{cooper1990,
  author = {Gregory F Cooper},
  journal = {Artificial Intelligence},
  number = {2-3},
  pages = {393--405},
  publisher = {Elsevier},
  title = {{The Computational Complexity of Probabilistic   Inference Using Bayesian Belief Networks}},
  volume = {42},
  year = {1990},
}

@Manual{deal1237,
  author = {Susanne Gammelgaard Bottcher and Claus Dethlefsen},
  note = {R package version 1.2-37},
  title = {{deal: Learning Bayesian Networks with Mixed   Variables}},
  year = {2013},
  url = {https://CRAN.R-project.org/package=deal},
}

@Misc{Lichman2013,
  author = {M. Lichman},
  institution = {University of California, Irvine, School of
                   Information and Computer Sciences},
  title = {{UCI} Machine Learning Repository},
  year = {2013},
  url = {http://archive.ics.uci.edu/ml},
}

@Manual{grain130,
  author = {Søren Højsgaard},
  note = {R package version 1.3-0},
  title = {gRain: Graphical Independence Networks},
  year = {2016},
  url = {https://CRAN.R-project.org/package=gRain},
}

@Article{Hojsgaard2012,
  author = {Søren Højsgaard},
  journal = {Journal of Statistical Software},
  number = {10},
  pages = {1--26},
  title = {Graphical Independence Networks with the   \texttt{gRain} Package for \texttt{R}},
  volume = {46},
  year = {2012},
}

@InProceedings{Tsamardinos2003,
  author = {Ioannis Tsamardinos and Constantin F Aliferis},
  booktitle = {Proceedings of the 9th International Workshop on   Artificial Intelligence and Statistics},
  organization = {Morgan Kaufmann Publishers: Key West, FL, USA},
  title = {Towards Principled Feature Selection: Relevancy,   Filters and Wrappers},
  year = {2003},
}

@InProceedings{Margaritis2000,
  author = {Dimitris Margaritis and Sebastian Thrun},
  booktitle = {Advances in Neural Information Processing Systems 12},
  pages = {505--511},
  publisher = {MIT Press},
  title = {Bayesian Network Induction via Local Neighborhoods},
  year = {2000},
}

@InCollection{Glover2013,
  address = {New York, NY},
  author = {Fred Glover and Manuel Laguna},
  booktitle = {{Handbook of Combinatorial Optimization}},
  editor = {Panos M. Pardalos and Ding-Zhu Du and Ronald L. Graham},
  pages = {3261--3362},
  publisher = {Springer-Verlag},
  title = {{Tabu Search}},
  year = {2013},
}

@Article{Hall2009,
  address = {New York, NY, USA},
  author = {Mark Hall and Eibe Frank and Geoffrey Holmes and Bernhard Pfahringer and Peter Reutemann and Ian H. Witten},
  journal = {SIGKDD Explorations Newsletter},
  number = {1},
  pages = {10--18},
  publisher = {ACM},
  title = {The {WEKA} Data Mining Software: {A}n Update},
  volume = {11},
  year = {2009},
}

@TechReport{bouckaert2004bayesian,
  author = {Remco Bouckaert},
  number = {14/2004},
  institution = {Department of Computer Science, University of
                   Waikato},
  title = {Bayesian Network Classifiers in {Weka}},
  year = {2004},
}

@Article{Cooper1992,
  author = {Gregory F Cooper and Edward Herskovits},
  journal = {Machine {L}earning},
  number = {4},
  pages = {309--347},
  publisher = {Springer-Verlag},
  title = {A {B}ayesian Method for the Induction of   Probabilistic Networks from Data},
  volume = {9},
  year = {1992},
}

@Article{kirkpatrick1983optimization,
  author = {Scott Kirkpatrick and C Daniel Gelatt and Mario P Vecchi},
  journal = {Science},
  number = {4598},
  pages = {671--680},
  publisher = {American Association for the Advancement of Science},
  title = {Optimization by Simulated Annealing},
  volume = {220},
  year = {1983},
}

@PhdThesis{Bouckaert1995,
  author = {Remco Ronaldus Bouckaert},
  school = {Universiteit Utrecht},
  title = {Bayesian Belief Networks: From Construction to   Inference},
  year = {1995},
}

@Article{Sacha2002,
  author = {Jarosław P Sacha and Lucy S Goodenday and Krzysztof J Cios},
  journal = {Artificial Intelligence in Medicine},
  number = {1},
  pages = {109--143},
  publisher = {Elsevier},
  title = {Bayesian Learning for Cardiac SPECT Image   Interpretation},
  volume = {26},
  year = {2002},
}

@Article{McGeachie2014,
  author = {Michael J McGeachie and Hsun-Hsien Chang and Scott T Weiss},
  journal = {PLoS Computational Biology},
  number = {6},
  pages = {e1003676},
  publisher = {Public Library of Science},
  title = {{CGBayesNets}: {C}onditional {G}aussian {B}ayesian   Network Learning and Inference with Mixed Discrete   and Continuous Data},
  volume = {10},
  year = {2014},
}

@Article{lauritzen89,
  author = {S. L. Lauritzen and N. Wermuth},
  journal = {The Annals of Statistics},
  number = {1},
  pages = {31-57},
  title = {Graphical Models for Associations between Variables,   Some of Which Are Qualitative and Some Quantitative},
  volume = {17},
  year = {1989},
}
