@Manual{rcpp,
    title = {Rcpp: Seamless R and C++ Integration},
    author = {Dirk Eddelbuettel and Romain Francois and JJ Allaire and Kevin Ushey and Qiang Kou and Nathan Russell and Inaki Ucar and Douglas Bates and John Chambers},
    year = {2022},
    note = {R package version 1.0.9},
    url = {https://CRAN.R-project.org/package=Rcpp}
}

@Manual{rcppparallel,
    title = {RcppParallel: Parallel Programming Tools for 'Rcpp'},
    author = {JJ Allaire and Romain Francois and Kevin Ushey and Gregory Vandenbrouck and Marcus Geelnard and {Intel}},
    year = {2022},
    note = {R package version 5.1.5},
    url = {https://CRAN.R-project.org/package=RcppParallel}
}

@Manual{mass,
    title = {MASS: Support Functions and Datasets for Venables and Ripley's MASS},
    author = {Brian Ripley},
    year = {2021},
    note = {R package version 7.3-54},
    url = {https://CRAN.R-project.org/package=MASS}
}

@Manual{copulaR,
    title = {copula: Multivariate Dependence with Copulas},
    author = {Marius Hofert and Ivan Kojadinovic and Martin Maechler and Jun Yan},
    year = {2022},
    note = {R package version 1.1-0},
    url = {https://CRAN.R-project.org/package=copula}
}

@Manual{cramerR,
    title = {cramer: Multivariate Nonparametric Cramer-Test for the
Two-Sample-Problem},
    author = {Carsten Franz},
    year = {2019},
    note = {R package version 0.9-3},
    url = {https://CRAN.R-project.org/package=cramer}
}

@Manual{dipropermR,
    title = {diproperm: Conduct Direction-Projection-Permutation Tests and Display Plots},
    author = {Andrew G. Allmon and J.S. Marron and Michael G. Hudgens},
    year = {2021},
    note = {R package version 0.2.0},
    url = {https://CRAN.R-project.org/package=diproperm}
}

@Manual{peacockR,
    title = {Peacock.test: Two and Three Dimensional Kolmogorov-Smirnov Two-Sample Tests},
    author = {Yuanhui Xiao},
    year = {2016},
    note = {R package version 1.0},
    url = {https://CRAN.R-project.org/package=Peacock.test}
}

@Manual{ggplotR,
  title = {ggplot2: Create Elegant Data Visualisations Using the Grammar of Graphics},
  author = {Hadley Wickham and Winston Chang and Lionel Henry and Thomas Lin Pedersen and Kohske Takahashi and Claus Wilke and Kara Woo and Hiroaki Yutani and Dewey Dunnington},
  year = {2023},
  note = {R package version 3.4.2},
  url = {https://CRAN.R-project.org/package=ggplot2}
}

@Manual{patchworkR,
    title = {patchwork: The Composer of Plots},
    author = {Thomas Lin Pedersen},
    year = {2020},
    note = {R package version 1.1.1},
    url = {https://CRAN.R-project.org/package=patchwork}
  }

@Manual{microbenchmarkR,
  title = {microbenchmark: Accurate Timing Functions},
  author = {Olaf Mersmann},
  year = {2023},
  note = {R package version 1.4.10},
  url = {https://CRAN.R-project.org/package=microbenchmark}
}

@article{ff1987,
    title = {A multidimensional version of the {Kolmogorov}-{Smirnov} test},
    author = {Fasano, G. and Franceschini, A.},
    journal = {Monthly Notices of the Royal Astronomical Society},
    volume = {225},
    number = {1},
    pages = {155--170},
    year = {1987},
    month = {03},
    issn = {0035-8711},
    url = {https://doi.org/10.1093/mnras/225.1.155}
}

@article{ness-cohn_2020,
    author = {Elan Ness-Cohn and Marta Iwanaszko and William L. Kath and Ravi Allada and Rosemary Braun},
    title = {{TimeTrial: An Interactive Application for Optimizing the Design and Analysis of Transcriptomic Time-Series Data in Circadian Biology Research}},
    journal = {Journal of Biological Rhythms},
    volume = {35},
    number = {5},
    pages = {439-451},
    year = {2020},
    url = {https://doi.org/10.1177/0748730420934672},
    note = {PMID: 32613882}
}

@article{bentley_decomposable_1979,
    title = {Decomposable searching problems},
    author = {Jon Louis Bentley},
    journal = {Information Processing Letters},
    volume = {8},
    number = {5},
    pages = {244--251},
    year = {1979},
    issn = {0020-0190},
    url = {https://doi.org/10.1016/0020-0190(79)90117-0}
}

@article{diproperm_original,
    title = {{Direction-Projection-Permutation for High-Dimensional Hypothesis Tests}},
    author = {Susan Wei and Chihoon Lee and Lindsay Wichers and J. S. Marron},
    journal = {Journal of Computational and Graphical Statistics},
    volume = {25},
    number = {2},
    pages = {549-569},
    year  = {2016},
    publisher = {Taylor & Francis},
    url = {https://doi.org/10.1080/10618600.2015.1027773}
}

@article{baringhaus_2004,
    title = {On a new multivariate two-sample test},
    author = {L. Baringhaus and C. Franz},
    journal = {Journal of Multivariate Analysis},
    volume = {88},
    number = {1},
    pages = {190-206},
    year = {2004},
    issn = {0047-259X},
    url = {https://doi.org/10.1016/S0047-259X(03)00079-4}
}

@article{naaman_2021,
    title = {On the tight constant in the multivariate {Dvoretzky}–{Kiefer}–{Wolfowitz} inequality},
    author = {Michael Naaman},
    journal = {Statistics \& Probability Letters},
    volume = {173},
    pages = {109088},
    year = {2021},
    issn = {0167-7152},
    url = {https://doi.org/10.1016/j.spl.2021.109088}
}

@article{justel_1997,
    title = {A multivariate {Kolmogorov}-{Smirnov} test of goodness of fit},
    author = {Ana Justel and Daniel Peña and Rubén Zamar},
    journal = {Statistics \& Probability Letters},
    volume = {35},
    number = {3},
    pages = {251-259},
    year = {1997},
    issn = {0167-7152},
    url = {https://doi.org/10.1016/S0167-7152(97)00020-5}
}

@article{peacock_1983,
    author = {Peacock, J. A.},
    title = {Two-dimensional goodness-of-fit testing in astronomy},
    journal = {Monthly Notices of the Royal Astronomical Society},
    volume = {202},
    number = {3},
    pages = {615-627},
    year = {1983},
    month = {03},
    issn = {0035-8711},
    url = {https://doi.org/10.1093/mnras/202.3.615}
}

@inproceedings{lopes_2007,
    author = {Lopes, Raul H C and Reid, Ivan and Hobson, Peter R},
    booktitle = {XI International Workshop on Advanced Computing and Analysis Techniques in Physics Research},
    title = {The two-dimensional {Kolmogorov}-{Smirnov} test},
    url = {https://bura.brunel.ac.uk/handle/2438/1166},
    year = {2007}
}

@book{press2007,
    author = {Press, William H. and Teukolsky, Saul A. and Vetterling, William T. and Flannery, Brian P.},
    title = {Numerical Recipes: The Art of Scientific Computing},
    edition = {3rd},
    year = {2007},
    isbn = {0521880688},
    publisher = {Cambridge University Press},
    address = {USA},
    url = {https://doi.org/10.1145/1874391.187410}
}

@book{geometry_2008,
	title = {Computational {Geometry}: {Algorithms} and {Applications}},
	edition = {3rd},
	isbn = {978-3-540-77974-2},
	publisher = {Springer Berlin Heidelberg},
	author = {de Berg, Mark and Cheong, Otfried and van Kreveld, Marc and Overmars, Mark},
	year = {2008},
	url = {https://doi.org/10.1007/978-3-540-77974-2}
}

@book{good2005,
    title = {{Permutation, Parametric and Bootstrap Tests of Hypotheses}},
    author = {Good, Phillip I},
    year = {2005},
    publisher = {Springer-Verlag New York},
    isbn = {978-0-387-27158-3},
    url = {https://doi.org/10.1007/b138696}
}

@article{phipson_2010,
    title = {Permutation p-values should never be zero: calculating exact p-values when permutations are randomly drawn},
    author = {Phipson, Belinda and Smyth, Gordon K.},
    volume = {9},
    issn = {1544-6115},
    number = {1},
    journal = {Statistical Applications in Genetics and Molecular Biology},
    year = {2010},
    url = {https://doi.org/10.2202/1544-6115.1585}
}

@article{Smirnov1948,
    author = {Smirnov, N. V.},
    issn = {0003-4851},
    journal = {The Annals of Mathematical Statistics},
    title = {Table for Estimating the Goodness of Fit of Empirical Distributions},
    year = {1948},
    url = {https://doi.org/10.1214/aoms/1177730256}
}

@article{Kolmogorov1933,
    author = {Kolmogorov, A. N.},
    journal = {Giornale dell'Istituto Italiano degli Attuari},
    volume = {4},
    pages = {83--91},
    title = {{Sulla Determinazione Empirica di Una Legge di Distribuzione}},
    year = {1933}
}

@article{Kolmogorov1933a,
    author = {A. N. Kolmogorov},
    title = {{\"Uber die Grenzwerts\"atze der Wahrscheinlichkeitsrechnung}},
    fjournal = {{Bulletin de l'Acad\'emie des Sciences de l'URSS. VII. S\'erie}},
    journal = {{Bull. Acad. Sci. URSS}},
    volume = {3},
    pages = {363--372},
    year = {1933},
    publisher = {Academy of Sciences of the Union of Soviet Socialist Republics - USSR (Akademiya Nauk SSSR)},
    url = {https://www.mathnet.ru/eng/im5009}
}

@article{Smirnov1939,
    author = {Smirnov, N. V.},
    journal = {{Rec. Math. N.S. [Mat. Sbornik]}},
    number = {48},
    pages = {3--26},
    title = {On the deviations of the empirical distribution curve [in {Russian}]},
    url = {https://www.mathnet.ru/eng/sm5810},
    volume = {6},
    year = {1939}
}

@article{Smirnov1936,
    author = {Smirnov, N. V.},
    journal = {Com. Rend. Acad. Sci. (Paris)},
    pages = {449--452},
    title = {{Sur la distribution de $\omega^2$ (criterium de M.R. v. Mises)}},
    volume = {202},
    year = {1936}
}

@article{Smirnov1937,
    author = {Smirnov, N. V.},
    journal = {{Rec. Math. N.S. [Mat. Sbornik]}},
    pages = {973--993},
    title = {On the distribution of the Mises $\omega^2$ criterion [in {Russian}]},
    url = {https://www.mathnet.ru/eng/sm5636},
    volume = {2},
    year = {1937}
}

@article{Smirnov1944,
    author = {Smirnov, N. V.},
    title = {Approximate laws of distribution of random variables from empirical data},
    journal = {{Uspehi Matem. Nauk}},
    volume = {10},
    year = {1944},
    pages = {179--206}
}

@article{wong_2020,
    author = {Felix Wong and James J. Collins},
    title = {Evidence that coronavirus superspreading is fat-tailed},
    journal = {Proceedings of the National Academy of Sciences},
    volume = {117},
    number = {47},
    pages = {29416--29418},
    year = {2020},
    url = {https://doi.org/10.1073/pnas.2018490117}
}

@article{hahne_2018,
    author = {Janne M. Hahne and Meike A. Schweisfurth and Mario Koppe and Dario Farina},
    title = {Simultaneous control of multiple functions of bionic hand prostheses: Performance and robustness in end users},
    journal = {Science Robotics},
    volume = {3},
    number = {19},
    pages = {eaat3630},
    year = {2018},
    url = {https://doi.org/10.1126/scirobotics.aat3630}
}

@article{chiang_2018,
    author = {Felicia Chiang and Omid Mazdiyasni and Amir AghaKouchak},
    title = {Amplified warming of droughts in southern United States in observations and model simulations},
    journal = {Science Advances},
    volume = {4},
    number = {8},
    pages = {eaat2380},
    year = {2018},
    url = {https://doi.org/10.1126/sciadv.aat2380}
}

@article{atasoy_2017,
    title = {Connectome-harmonic decomposition of human brain activity reveals dynamical repertoire re-organization under {LSD}},
    author = {Atasoy, Selen and Roseman, Leor and Kaelen, Mendel and Kringelbach, Morten L and Deco, Gustavo and Carhart-Harris, Robin L},
    journal = {Scientific Reports},
    volume = {7},
    number = {1},
    pages = {1--18},
    year = {2017},
    publisher = {Nature Publishing Group},
    url = {https://doi.org/10.1038/s41598-017-17546-0}
}

@article{kaczanowska_2021,
    title = {Genetically engineered myeloid cells rebalance the core immune suppression program in metastasis},
    author = {Sabina Kaczanowska and Daniel W. Beury and Vishaka Gopalan and Arielle K. Tycko and Haiying Qin and Miranda E. Clements and Justin Drake and Chiadika Nwanze and Meera Murgai and Zachary Rae and Wei Ju and Katherine A. Alexander and Jessica Kline and Cristina F. Contreras and Kristin M. Wessel and Shil Patel and Sridhar Hannenhalli and Michael C. Kelly and Rosandra N. Kaplan},
    journal = {Cell},
    volume = {184},
    number = {8},
    pages = {2033-2052.e21},
    year = {2021},
    issn = {0092-8674},
    url = {https://doi.org/10.1016/j.cell.2021.02.048}
}

@article{heuchenne_2022,
	title = {Using space filling curves to compare two multivariate distributions with distribution-free tests},
	volume = {416},
	issn = {0377-0427},
	url = {https://doi.org/10.1016/j.cam.2022.114494},
	journal = {Journal of Computational and Applied Mathematics},
	author = {Heuchenne, Cédric and Mordant, Gilles},
	month = dec,
	year = {2022},
	pages = {114494}
}

@article{ramdas2022permutation,
    title = {Permutation tests using arbitrary permutation distributions}, 
    author = {Aaditya Ramdas and Rina Foygel Barber and Emmanuel J. Candes and Ryan J. Tibshirani},
    year = {2022},
    eprint = {2204.13581},
    archivePrefix = {arXiv},
    primaryClass = {stat.ME},
    url = {https://doi.org/10.48550/arXiv.2204.13581}
}

@article{hemerik2018,
    author = {Hemerik, Jesse and Goeman, Jelle},
    title = {Exact testing with random permutations},
    journal = {TEST},
    year = {2018},
    month = {Dec},
    volume = {27},
    number = {4},
    pages = {811-825},
    issn = {1863-8260},
    url = {https://doi.org/10.1007/s11749-017-0571-1}
}


@article{hoeffding1952,
	title = {The {Large}-{Sample} {Power} of {Tests} {Based} on {Permutations} of {Observations}},
	volume = {23},
	number = {2},
    pages = {162-192},
	journal = {The Annals of Mathematical Statistics},
    issn = {0003-4851},
	author = {Hoeffding, Wassily},
	year = {1952},
    url = {https://doi.org/10.1214/aoms/1177729436}
}

@misc{rtreeGithub,
    author = {Weihs, Luca},
    title = {{C++ Range Tree Data Structure}},
    year = {2020},
    url = {https://github.com/Lucaweihs/range-tree}
}