@ARTICLE{aktasa,
  author = {N. Aktasa and E. de Bodta and F. Declerckc and H. {Van Oppensa}},
  title = {{The {PIN} Anomaly around M\&A Announcements}},
  journal = {Journal of Financial Markets},
  year = {2007},
  volume = {10},
  pages = {169-191},
  number = {2}
}

@MANUAL{boudt,
  title = {{PortfolioAnalytics: Portfolio Analysis, including Numeric Methods
	for Optimization of Portfolios}},
  author = {K. Boudt and P. Carl and B. G. Peterson},
  year = {2010},
  note = {R package version 0.6},
  url = {http://r-forge.r-project.org/projects/returnanalytics/}
}

@MANUAL{boudt:1,
  title = {{RTAQ}},
  author = {K. Boudt and J. Cornelissen},
  year = {2012},
  note = {R package version 0.2},
  url = {http://cran.r-project.org/src/contrib/Archive/RTAQ/}
}

@MANUAL{highfrequency,
  title = {{highfrequency}},
  author = {J. Cornelissen and K. Boudt and S. Payseur},
  year = {2013},
  note = {R package version 0.2},
  url = {http://CRAN.R-project.org/package=highfrequency}
}

@ARTICLE{easley_4,
  author = {D. Easley and M. O'Hara},
  title = {{Price, Trade Size, and Information in Securities Markets}},
  journal = {Journal of Financial Economics},
  year = {1987},
  volume = {19},
  pages = {69--90},
  number = {1}
}

@ARTICLE{easley_1,
  author = {D. Easley and S. Hvidkjaer and M. O'Hara},
  title = {{Is Information Risk a Determinant of Asset Returns?}},
  journal = {Journal of Finance},
  year = {2002},
  volume = {57},
  pages = {2185--2221},
  number = {5}
}

@ARTICLE{easley_5,
  author = {D. Easley and R. F. Engle and M. O'Hara and L. Wu.},
  title = {{Time-Varying Arrival Rates of Informed and Uninformed Traders}},
  journal = {Journal of Financial Econometrics},
  year = {2008},
  volume = {6},
  pages = {171--207},
  number = {2}
}

@ARTICLE{easley_2,
  author = {D. Easley and N. M. Kiefer and M. O'Hara and J. B. Paperman},
  title = {{Liquidity, Information, and Infrequently Traded Stocks}},
  journal = {Journal of Finance},
  year = {1996},
  volume = {51},
  pages = {1405--1436},
  number = {4}
}

@UNPUBLISHED{easley_3,
  author = {D. Easley and M. M. Lopez de Prado and M. O'Hara},
  title = {{Flow Toxicity and Liquidity in a High Frequency World}},
  note = {Working paper},
  year = {2012}
}

@ARTICLE{enos,
  author = {J. Enos and D. Kane and A. R. Narayan and A. Schwartz and D. Suo and L. Zhao},
  title = {{Trade Costs}},
  journal = {R News},
  year = {2008},
  volume = {8},
  pages = {10--13},
  number = {1}
}

@ARTICLE{glosten,
  author = {L. R. Glosten and L. E. Harris},
  title = {{Estimating the Components of the Bid/Ask Spread}},
  journal = {Journal of Financial Economics},
  year = {1988},
  volume = {21},
  pages = {1},
  number = {123--142}
}

@ARTICLE{glosten_milgrom,
  author = {L. R. Glosten and P. R. Milgrom},
  title = {{Bid Ask and Transaction Price in a Specialist Market with Heterogeneously Informed Traders}},
  journal = {Journal of Financial Economics},
  year = {1987},
  volume = {14},
  pages = {71--100},
  number = {1}
}

@ARTICLE{hasbrouck,
  author = {J. Hasbrouck and D. J. Seppi},
  title = {{Common Factors in Prices, Order Flows and Liquidity}},
  journal = {Journal of Financial Economics},
  year = {2001},
  volume = {59},
  pages = {383--411},
  number = {1}
}

@UNPUBLISHED{menkveld,
  author = {T. Hendershott and A. J. Menkveld},
  title = {{Price Pressures}},
  year = {1991},
  note = {Unpublished version, 209}
}

@ARTICLE{idier,
  author = {J. Idier and S. Nardelli},
  title = {{Probability of Informed Trading on the Euro Overnight Market Rate}},
  journal = {International Journal of Finance and Economics},
  year = {2011},
  volume = {16},
  pages = {131--145},
  number = {2}
}

@ARTICLE{kane:2,
  author = {D. Kane and A. Liu and K. Nguyen},
  title = {{Analyzing an Electronic Limit Order Book}},
  journal = {The R Journal},
  year = {2011},
  volume = {2},
  pages = {1},
  number = {64--68}
}

@ARTICLE{kyle,
  author = {A. S. Kyle},
  title = {{Continuous Auctions and Insider Trading}},
  journal = {Econometrica},
  year = {1985},
  volume = {53},
  pages = {1315--1335},
  number = {6}
}

@ARTICLE{lee,
  author = {C. M. C. Lee and M. J. Ready},
  title = {{Inferring Trade Direction from Intraday Data}},
  journal = {Journal of Finance},
  year = {1991},
  volume = {46},
  pages = {733--746},
  number = {2}
}

@ARTICLE{li,
  author = {H. Li and J. Wang and C. Wu and Y. He},
  title = {{Are Liquidity and Information Risks Priced in the Treasury Bond Market?}},
  journal = {Journal of Finance},
  year = {2009},
  volume = {64},
  pages = {467--503},
  number = {1}
}

@MANUAL{ryan,
  title = {IBrokers},
  author = {J. A. Ryan},
  year = {2011},
  note = {R package version 0.9-10},
  url = {http://CRAN.R-project.org/package=IBrokers/}
}

@ARTICLE{venkataraman,
  author = {K. Venkataraman},
  title = {{Automated Versus Floor Trading: An Analysis of Execution Costs on the Paris and New York Exchanges}},
  journal = {Journal of Finance},
  year = {2001},
  volume = {56},
  pages = {1445--1485},
  number = {2}
}

@Manual{PIN,
    title = {{PIN: Estimates the Parameters of a Trading-tree Model for the
Computation of the Probability of Informed Trading}},
    author = {P. Zagaglia},
    year = {2013},
    note = {R package version 0.8},
    url = {http://CRAN.R-project.org/package=PIN},
  }



