@article{agren:2013,
	title = {The {RAVEN} {Toolbox} and {Its} {Use} for {Generating} a {Genome}-scale {Metabolic} {Model} for {Penicillium} chrysogenum},
	volume = {9},
	issn = {1553-7358},
	url = {https://dx.plos.org/10.1371/journal.pcbi.1002980},
	doi = {10.1371/journal.pcbi.1002980},
	language = {en},
	number = {3},
	urldate = {2019-07-11},
	journal = {PLoS Computational Biology},
	author = {Agren, Rasmus and Liu, Liming and Shoaie, Saeed and Vongsangnak, Wanwipa and Nookaew, Intawat and Nielsen, Jens},
	editor = {Maranas, Costas D.},
	month = mar,
	year = {2013},
	pages = {e1002980}
}

@article{chen:2012,
	title = {Metabolic network reconstruction: advances in in silico interpretation of analytical information},
	volume = {23},
	issn = {09581669},
	shorttitle = {Metabolic network reconstruction},
	url = {https://linkinghub.elsevier.com/retrieve/pii/S0958166911007129},
	doi = {10.1016/j.copbio.2011.10.015},
	language = {en},
	number = {1},
	urldate = {2019-07-11},
	journal = {Current Opinion in Biotechnology},
	author = {Chen, Ning and Val, Ioscani Jimenez del and Kyriakopoulos, Sarantos and Polizzi, Karen M and Kontoravdi, Cleo},
	month = feb,
	year = {2012},
	pages = {77--82}
}

@article{cook:2017,
	title = {Genome-scale metabolic models applied to human health and disease},
	volume = {9},
	rights = {© 2017 Wiley Periodicals, Inc.},
	issn = {1939-005X},
	url = {http://onlinelibrary.wiley.com/doi/abs/10.1002/wsbm.1393},
	doi = {10.1002/wsbm.1393},
	pages = {e1393},
	number = {6},
	journal = {{WIREs} Systems Biology and Medicine},
	author = {Cook, Daniel J. and Nielsen, Jens},
	urldate = {2020-10-19},
	year = {2017},
	langid = {english}
}

@article{szappanos:2011,
	title = {An integrated approach to characterize genetic interaction networks in yeast metabolism},
	volume = {43},
	issn = {1061-4036, 1546-1718},
	url = {http://www.nature.com/articles/ng.846},
	doi = {10.1038/ng.846},
	language = {en},
	number = {7},
	urldate = {2019-07-11},
	journal = {Nature Genetics},
	author = {Szappanos, Balázs and Kovács, Károly and Szamecz, Béla and Honti, Frantisek and Costanzo, Michael and Baryshnikova, Anastasia and Gelius-Dietrich, Gabriel and Lercher, Martin J and Jelasity, Márk and Myers, Chad L and Andrews, Brenda J and Boone, Charles and Oliver, Stephen G and Pál, Csaba and Papp, Balázs},
	month = jul,
	year = {2011},
	pages = {656--662}
}

@article{alper:2005,
	title = {Identifying gene targets for the metabolic engineering of lycopene biosynthesis in {Escherichia} coli},
	volume = {7},
	issn = {10967176},
	url = {https://linkinghub.elsevier.com/retrieve/pii/S1096717604000849},
	doi = {10.1016/j.ymben.2004.12.003},
	language = {en},
	number = {3},
	urldate = {2019-07-16},
	journal = {Metabolic Engineering},
	author = {Alper, Hal and Jin, Yong-Su and Moxley, J.F. and Stephanopoulos, G.},
	month = may,
	year = {2005},
	pages = {155--164}
}

@article{fong:2005,
	title = {In silico design and adaptive evolution of \textit{{Escherichia} coli} for production of lactic acid},
	volume = {91},
	issn = {00063592, 10970290},
	url = {http://doi.wiley.com/10.1002/bit.20542},
	doi = {10.1002/bit.20542},
	language = {en},
	number = {5},
	urldate = {2019-07-16},
	journal = {Biotechnology and Bioengineering},
	author = {Fong, Stephen S. and Burgard, Anthony P. and Herring, Christopher D. and Knight, Eric M. and Blattner, Frederick R. and Maranas, Costas D. and Palsson, Bernhard O.},
	month = sep,
	year = {2005},
	pages = {643--648}
}

@article{thielefastgapfill:2014,
	title = {{fastGapFill}: efficient gap filling in metabolic networks},
	volume = {30},
	issn = {1367-4803, 1460-2059},
	shorttitle = {{fastGapFill}},
	url = {https://academic.oup.com/bioinformatics/article-lookup/doi/10.1093/bioinformatics/btu321},
	doi = {10.1093/bioinformatics/btu321},
	language = {en},
	number = {17},
	urldate = {2019-07-16},
	journal = {Bioinformatics},
	author = {Thiele, Ines and Vlassis, Nikos and Fleming, Ronan M. T.},
	month = sep,
	year = {2014},
	pages = {2529--2531}
}

@article{palssonmetabolic:2009,
	title = {Metabolic systems biology},
	volume = {583},
	issn = {00145793},
	url = {http://doi.wiley.com/10.1016/j.febslet.2009.09.031},
	doi = {10.1016/j.febslet.2009.09.031},
	language = {en},
	number = {24},
	urldate = {2019-07-16},
	journal = {FEBS Letters},
	author = {Palsson, Bernhard},
	month = dec,
	year = {2009},
	pages = {3900--3904}
}

@article{satishkumar:2007,
	title = {Optimization based automated curation of metabolic reconstructions},
	volume = {8},
	issn = {14712105},
	url = {http://bmcbioinformatics.biomedcentral.com/articles/10.1186/1471-2105-8-212},
	doi = {10.1186/1471-2105-8-212},
	language = {en},
	number = {1},
	urldate = {2019-07-16},
	journal = {BMC Bioinformatics},
	author = {Satish Kumar, Vinay and Dasika, Madhukar S and Maranas, Costas D},
	year = {2007},
	pages = {212}
}

@article{thieleprotocol:2010,
	title = {A protocol for generating a high-quality genome-scale metabolic reconstruction},
	volume = {5},
	issn = {1754-2189, 1750-2799},
	url = {http://www.nature.com/articles/nprot.2009.203},
	doi = {10.1038/nprot.2009.203},
	language = {en},
	number = {1},
	urldate = {2019-07-16},
	journal = {Nature Protocols},
	author = {Thiele, Ines and Palsson, Bernhard O},
	month = jan,
	year = {2010},
	pages = {93--121}
}

@article{howe:2008,
	title = {The future of biocuration},
	volume = {455},
	rights = {2008 Nature Publishing Group},
	issn = {1476-4687},
	url = {https://www.nature.com/articles/455047a},
	doi = {10.1038/455047a},
	pages = {47--50},
	number = {7209},
	journal = {Nature},
	author = {Howe, Doug and Costanzo, Maria and Fey, Petra and Gojobori, Takashi and Hannick, Linda and Hide, Winston and Hill, David P. and Kania, Renate and Schaeffer, Mary and St Pierre, Susan and Twigger, Simon and White, Owen and Yon Rhee, Seung},
	urldate = {2020-10-19},
	date = {2008-09},
	year = {2008},
	langid = {english},
}

@article{bateman:2010,
	title = {Curators of the world unite: the {International} {Society} of {Biocuration}},
	volume = {26},
	issn = {1367-4803, 1460-2059},
	shorttitle = {Curators of the world unite},
	url = {https://academic.oup.com/bioinformatics/article-lookup/doi/10.1093/bioinformatics/btq101},
	doi = {10.1093/bioinformatics/btq101},
	language = {en},
	number = {8},
	urldate = {2019-07-16},
	journal = {Bioinformatics},
	author = {Bateman, A.},
	month = apr,
	year = {2010},
	pages = {991--991}
}

@article{heavner:2015,
	title = {Transparency in metabolic network reconstruction enables scalable biological discovery},
	volume = {34},
	issn = {09581669},
	url = {https://linkinghub.elsevier.com/retrieve/pii/S0958166914002250},
	doi = {10.1016/j.copbio.2014.12.010},
	language = {en},
	urldate = {2019-07-16},
	journal = {Current Opinion in Biotechnology},
	author = {Heavner, Benjamin D and Price, Nathan D},
	month = aug,
	year = {2015},
	pages = {105--109}
}

@article{lakshmanan:2014,
	title = {Software applications for flux balance analysis},
	volume = {15},
	issn = {1467-5463, 1477-4054},
	url = {https://academic.oup.com/bib/article-lookup/doi/10.1093/bib/bbs069},
	doi = {10.1093/bib/bbs069},
	language = {en},
	number = {1},
	urldate = {2019-07-16},
	journal = {Briefings in Bioinformatics},
	author = {Lakshmanan, M. and Koh, G. and Chung, B. K. S. and Lee, D.-Y.},
	month = jan,
	year = {2014},
	pages = {108--122}
}

@article{reed:2006,
	title = {Systems approach to refining genome annotation},
	volume = {103},
	issn = {0027-8424, 1091-6490},
	url = {http://www.pnas.org/cgi/doi/10.1073/pnas.0603364103},
	doi = {10.1073/pnas.0603364103},
	language = {en},
	number = {46},
	urldate = {2019-07-16},
	journal = {Proceedings of the National Academy of Sciences},
	author = {Reed, J. L. and Patel, T. R. and Chen, K. H. and Joyce, A. R. and Applebee, M. K. and Herring, C. D. and Bui, O. T. and Knight, E. M. and Fong, S. S. and Palsson, B. O.},
	month = nov,
	year = {2006},
	pages = {17480--17484}
}

@article{kumargrowmatch:2009,
	title = {{GrowMatch}: {An} {Automated} {Method} for {Reconciling} {In} {Silico}/{In} {Vivo} {Growth} {Predictions}},
	volume = {5},
	issn = {1553-7358},
	shorttitle = {{GrowMatch}},
	url = {https://dx.plos.org/10.1371/journal.pcbi.1000308},
	doi = {10.1371/journal.pcbi.1000308},
	language = {en},
	number = {3},
	urldate = {2019-07-16},
	journal = {PLoS Computational Biology},
	author = {Kumar, Vinay Satish and Maranas, Costas D.},
	editor = {Ouzounis, Christos A.},
	month = mar,
	year = {2009},
	pages = {e1000308}
}

@article{kanehisa:2006,
	title = {From genomics to chemical genomics: new developments in {KEGG}},
	volume = {34},
	issn = {0305-1048, 1362-4962},
	shorttitle = {From genomics to chemical genomics},
	url = {https://academic.oup.com/nar/article-lookup/doi/10.1093/nar/gkj102},
	doi = {10.1093/nar/gkj102},
	language = {en},
	number = {90001},
	urldate = {2019-07-16},
	journal = {Nucleic Acids Research},
	author = {Kanehisa, M.},
	month = jan,
	year = {2006},
	pages = {D354--D357}
}

@article{orth:2010,
	title = {Reconstruction and {Use} of {Microbial} {Metabolic} {Networks}: the {Core} {Escherichia} coli {Metabolic} {Model} as an {Educational} {Guide}},
	volume = {4},
	issn = {2324-6200},
	shorttitle = {Reconstruction and {Use} of {Microbial} {Metabolic} {Networks}},
	url = {http://www.asmscience.org/content/journal/ecosalplus/10.1128/ecosalplus.10.2.1},
	doi = {10.1128/ecosalplus.10.2.1},
	language = {en},
	number = {1},
	urldate = {2019-07-16},
	journal = {EcoSal Plus},
	author = {Orth, Jeffrey D. and Palsson, Bernhard O. and Fleming, R. M. T.},
	month = sep,
	year = {2010}
}

@article{pornputtapong:2015,
	title = {Human metabolic atlas: an online resource for human metabolism},
	volume = {2015},
	issn = {1758-0463},
	shorttitle = {Human metabolic atlas},
	url = {https://academic.oup.com/database/article/doi/10.1093/database/bav068/2433201},
	doi = {10.1093/database/bav068},
	language = {en},
	urldate = {2019-07-24},
	journal = {Database},
	author = {Pornputtapong, Natapol and Nookaew, Intawat and Nielsen, Jens},
	month = jan,
	year = {2015}
}

@article{brunk:2018,
	title = {Recon3D enables a three-dimensional view of gene variation in human metabolism},
	volume = {36},
	issn = {1087-0156, 1546-1696},
	url = {http://www.nature.com/articles/nbt.4072},
	doi = {10.1038/nbt.4072},
	language = {en},
	number = {3},
	urldate = {2019-07-24},
	journal = {Nature Biotechnology},
	author = {Brunk, Elizabeth and Sahoo, Swagatika and Zielinski, Daniel C and Altunkaya, Ali and Dräger, Andreas and Mih, Nathan and Gatto, Francesco and Nilsson, Avlant and Preciat Gonzalez, German Andres and Aurich, Maike Kathrin and Prlić, Andreas and Sastry, Anand and Danielsdottir, Anna D and Heinken, Almut and Noronha, Alberto and Rose, Peter W and Burley, Stephen K and Fleming, Ronan M T and Nielsen, Jens and Thiele, Ines and Palsson, Bernhard O},
	month = mar,
	year = {2018},
	pages = {272--281}
}

@article{osoriominval:2017,
	title = {minval: {An} {R} package for {MINimal} {VALidation} of {Stoichiometric} {Reactions}},
	volume = {9},
	issn = {2073-4859},
	shorttitle = {minval},
	url = {https://journal.r-project.org/archive/2017/RJ-2017-031/index.html},
	doi = {10.32614/RJ-2017-031},
	language = {en},
	number = {1},
	urldate = {2019-07-24},
	journal = {The R Journal},
	author = {Osorio, Daniel and González, Janneth and Pinzón, Andrés},
	year = {2017},
	pages = {114}
}

@article{prigent:2017,
	title = {Meneco, a {Topology}-{Based} {Gap}-{Filling} {Tool} {Applicable} to {Degraded} {Genome}-{Wide} {Metabolic} {Networks}},
	volume = {13},
	issn = {1553-7358},
	url = {https://dx.plos.org/10.1371/journal.pcbi.1005276},
	doi = {10.1371/journal.pcbi.1005276},
	language = {en},
	number = {1},
	urldate = {2019-07-24},
	journal = {PLOS Computational Biology},
	author = {Prigent, Sylvain and Frioux, Clémence and Dittami, Simon M. and Thiele, Sven and Larhlimi, Abdelhalim and Collet, Guillaume and Gutknecht, Fabien and Got, Jeanne and Eveillard, Damien and Bourdon, Jérémie and Plewniak, Frédéric and Tonon, Thierry and Siegel, Anne},
	editor = {Kaleta, Christoph},
	month = jan,
	year = {2017},
	pages = {e1005276}
}

@article{pan:2018,
	title = {Advances in gap-filling genome-scale metabolic models and model-driven experiments lead to novel metabolic discoveries},
	volume = {51},
	issn = {09581669},
	url = {https://linkinghub.elsevier.com/retrieve/pii/S0958166917302045},
	doi = {10.1016/j.copbio.2017.12.012},
	language = {en},
	urldate = {2019-07-24},
	journal = {Current Opinion in Biotechnology},
	author = {Pan, Shu and Reed, Jennifer L},
	month = jun,
	year = {2018},
	pages = {103--108}
}

@article{machado:2018,
	title = {Fast automated reconstruction of genome-scale metabolic models for microbial species and communities},
	volume = {46},
	issn = {0305-1048, 1362-4962},
	url = {https://academic.oup.com/nar/article/46/15/7542/5042022},
	doi = {10.1093/nar/gky537},
	language = {en},
	number = {15},
	urldate = {2019-07-24},
	journal = {Nucleic Acids Research},
	author = {Machado, Daniel and Andrejev, Sergej and Tramontano, Melanie and Patil, Kiran Raosaheb},
	month = sep,
	year = {2018},
	pages = {7542--7553}
}

@article{karp:2018,
	title = {How accurate is automated gap filling of metabolic models?},
	volume = {12},
	issn = {1752-0509},
	url = {https://bmcsystbiol.biomedcentral.com/articles/10.1186/s12918-018-0593-7},
	doi = {10.1186/s12918-018-0593-7},
	language = {en},
	number = {1},
	urldate = {2019-07-24},
	journal = {BMC Systems Biology},
	author = {Karp, Peter D. and Weaver, Daniel and Latendresse, Mario},
	month = dec,
	year = {2018},
	pages = {73}
}

@article{gelius:2013,
	title = {sybil – {Efficient} constraint-based modelling in {R}},
	volume = {7},
	issn = {1752-0509},
	url = {http://bmcsystbiol.biomedcentral.com/articles/10.1186/1752-0509-7-125},
	doi = {10.1186/1752-0509-7-125},
	language = {en},
	number = {1},
	urldate = {2019-07-26},
	journal = {BMC Systems Biology},
	author = {Gelius-Dietrich, Gabriel and Desouki, Abdelmoneim and Fritzemeier, Claus and Lercher, Martin J},
	year = {2013},
	pages = {125}
}

@article{hosseini:2017,
	title = {Discovering missing reactions of metabolic networks by using gene co-expression data},
	volume = {7},
	issn = {2045-2322},
	url = {http://www.nature.com/articles/srep41774},
	doi = {10.1038/srep41774},
	language = {en},
	number = {1},
	urldate = {2019-07-26},
	journal = {Scientific Reports},
	author = {Hosseini, Zhaleh and Marashi, Sayed-Amir},
	month = mar,
	year = {2017},
	pages = {41774}
}

@article{martin:2017,
	title = {Genome-{Scale} {Reconstruction} of the {Human} {Astrocyte} {Metabolic} {Network}},
	volume = {9},
	issn = {1663-4365},
	url = {http://journal.frontiersin.org/article/10.3389/fnagi.2017.00023/full},
	doi = {10.3389/fnagi.2017.00023},
	language = {en},
	urldate = {2019-07-26},
	journal = {Frontiers in Aging Neuroscience},
	author = {Martín-Jiménez, Cynthia A. and Salazar-Barreto, Diego and Barreto, George E. and González, Janneth},
	month = feb,
	year = {2017}
}

@article{kanehisakegg:2016,
	title = {{KEGG} as a reference resource for gene and protein annotation},
	volume = {44},
	issn = {0305-1048, 1362-4962},
	url = {https://academic.oup.com/nar/article-lookup/doi/10.1093/nar/gkv1070},
	doi = {10.1093/nar/gkv1070},
	language = {en},
	number = {D1},
	urldate = {2019-07-26},
	journal = {Nucleic Acids Research},
	author = {Kanehisa, Minoru and Sato, Yoko and Kawashima, Masayuki and Furumichi, Miho},
	month = jan,
	year = {2016},
	pages = {D457--D462}
}

@article{hornik:2012,
	title = {The {Comprehensive} {R} {Archive} {Network}: {The} {Comprehensive} {R} {Archive} {Network}},
	volume = {4},
	issn = {19395108},
	shorttitle = {The {Comprehensive} {R} {Archive} {Network}},
	url = {http://doi.wiley.com/10.1002/wics.1212},
	doi = {10.1002/wics.1212},
	language = {en},
	number = {4},
	urldate = {2019-07-26},
	journal = {Wiley Interdisciplinary Reviews: Computational Statistics},
	author = {Hornik, Kurt},
	month = jul,
	year = {2012},
	pages = {394--398}
}

@article{wangraven:2018,
	title = {{RAVEN} 2.0: {A} versatile toolbox for metabolic network reconstruction and a case study on {Streptomyces} coelicolor},
	language = {en},
	author = {Wang, Hao and Marci, Simonas},
	year = {2018},
	pages = {17},
	journal = {PLOS Computational Biology}
}

@article{schultz:2016,
	title = {Reconstruction of {Tissue}-{Specific} {Metabolic} {Networks} {Using} {CORDA}},
	volume = {12},
	issn = {1553-7358},
	url = {http://dx.plos.org/10.1371/journal.pcbi.1004808},
	doi = {10.1371/journal.pcbi.1004808},
	language = {en},
	number = {3},
	urldate = {2019-07-25},
	journal = {PLOS Computational Biology},
	author = {Schultz, André and Qutub, Amina A.},
	editor = {Maranas, Costas D.},
	month = mar,
	year = {2016},
	pages = {e1004808}
}

@article{pham:2019,
	title = {Consistency, {Inconsistency}, and {Ambiguity} of {Metabolite} {Names} in {Biochemical} {Databases} {Used} for {Genome}-{Scale} {Metabolic} {Modelling}},
	volume = {9},
	issn = {2218-1989},
	url = {http://www.mdpi.com/2218-1989/9/2/28},
	doi = {10.3390/metabo9020028},
	language = {en},
	number = {2},
	urldate = {2019-07-25},
	journal = {Metabolites},
	author = {Pham, Nhung and van Heck, Ruben and van Dam, Jesse and Schaap, Peter and Saccenti, Edoardo and Suarez-Diez, Maria},
	month = feb,
	year = {2019},
	pages = {28}
}

@article{van:2019,
	title = {Predicting Metabolism from Gene Expression in an Improved Whole-Genome Metabolic Network Model of Danio rerio},
	volume = {16},
	issn = {1545-8547},
	url = {https://www.liebertpub.com/doi/10.1089/zeb.2018.1712},
	doi = {10.1089/zeb.2018.1712},
	pages = {348--362},
	number = {4},
	journal = {Zebrafish},
	author = {van Steijn, Leonie and Verbeek, Fons J. and Spaink, Herman P. and Merks, Roeland M.H.},
	urldate = {2020-10-19},
	date = {2019-06-19},
	year = {2019},
	note = {Publisher: Mary Ann Liebert, Inc., publishers},
}

@article{ataman:2017,
	title = {{redGEM}: Systematic reduction and analysis of genome-scale metabolic reconstructions for development of consistent core metabolic models},
	volume = {13},
	issn = {1553-734X},
	url = {https://www.ncbi.nlm.nih.gov/pmc/articles/PMC5519011/},
	doi = {10.1371/journal.pcbi.1005444},
	shorttitle = {{redGEM}},
	number = {7},
	journal = {{PLoS} Computational Biology},
	shortjournal = {{PLoS} Comput Biol},
	author = {Ataman, Meric and Hernandez Gardiol, Daniel F. and Fengos, Georgios and Hatzimanikatis, Vassily},
	urldate = {2020-10-19},
	date = {2017-07-20},
	year = {2017},
	pmid = {28727725},
	pmcid = {PMC5519011}
}

@misc{systems-biology:nodate,
	title = {systems-biology},
	url = {http://www.systems-biology.org/001/001.html},
	urldate = {2020-11-13},
	author = {Akiya Jouraku, Nobuyuki Ohta, Akira Funahashi and Hiroaki Kitano},
	year = {2008}
}
@article{moutselos:2009,
	title = {{KEGGconverter}: a tool for the in-silico modelling of metabolic networks of the {KEGG} Pathways database},
	volume = {10},
	issn = {1471-2105},
	url = {https://doi.org/10.1186/1471-2105-10-324},
	doi = {10.1186/1471-2105-10-324},
	shorttitle = {{KEGGconverter}},
	pages = {324},
	number = {1},
	journal = {{BMC} Bioinformatics},
	shortjournal = {{BMC} Bioinformatics},
	author = {Moutselos, Konstantinos and Kanaris, Ioannis and Chatziioannou, Aristotelis and Maglogiannis, Ilias and Kolisis, Fragiskos N.},
	date = {2009-10-08},
	year = {2009}
}