
@Book{Bar1979,
author = {Barnes, S.H. and Kaase, M.},
title = {Political Action: Mass Participation in Five Western Countries},
publisher = {Sage},
year = {1979},
address = {Beverly Hills},
}

@InCollection{Ben1994,
author = {Benter, W.},
title = {Computer-based horse race handicapping and wagering systems: A report},
booktitle = {Efficiency of racetrack betting markets},
publisher = {London: Academic Press},
year = {1994},
editor = {Ziemba, W.T. and Lo, V.S. and Haush, D.B.},
}

@article {Bie2000,
    AUTHOR = {Biernacki, C. and Celeux, G. and Govaert, G.},
     TITLE = {Assessing a mixture model for clustering with the integrated completed likelihood},
   JOURNAL = {IEEE Transactions on Pattern Analysis and Machine Intelligence},
  FJOURNAL = {IEEE Transactions on Pattern Analysis and Machine Intelligence},
    VOLUME = {22},
    NUMBER = {4},
      YEAR = {2000},
     PAGES = {719--725},
}

@incollection {Boc1993,
   AUTHOR = {B{\"o}ckenholt, U.},
     TITLE = {Applications of {T}hurstonian models to ranking data},
 BOOKTITLE = {Probability models and statistical analyses for ranking data
              ({A}mherst, {MA}, 1990)},
    SERIES = {Lecture Notes in Statist.},
    VOLUME = {80},
     PAGES = {157--172},
 PUBLISHER = {Springer},
   ADDRESS = {New York},
      YEAR = {1993},
}

@article {Boc2002,
    AUTHOR = {Bockenholt, U.},
     TITLE = {A Thurstonian analysis of preference change},
   JOURNAL = {Journal of Mathematical Psychology},
  FJOURNAL = {Journal of Mathematical Psychology},
    VOLUME = {46},
      YEAR = {2002},
     PAGES = {300--314},
}

@article {Boc1990,
    AUTHOR = {Bockenholt, U.},
     TITLE = {Multivariate thurstonian models},
   JOURNAL = {Psychometrika},
    VOLUME = {55},
    NUMBER = {2},
      YEAR = {1990},
     PAGES = {391--403},
}

@article {Bra1952,
    AUTHOR = {Bradley, R.A. and Terry, M.E.},
     TITLE = {Rank analysis of incomplete block designs. {I}. {T}he method
              of paired comparisons},
   JOURNAL = {Biometrika},
  FJOURNAL = {Biometrika},
    VOLUME = {39},
      YEAR = {1952},
     PAGES = {324--345},
}

@InProceedings{Bus2007,
author = {Busse, L.M. and Orbanz, P. and Buhmann, J.M.},
title = {''Cluster Analysis of Heterogeneous Rank Data''},
booktitle = {Proceedings of the 24th International Conference on Machine Learning},
year = {2007},
address = {Corvallis, OR},
}

@InProceedings{Jac2010a,
author = {Jacques, J. and Biernacki, C.},
title = {''Model-based clustering for rank data based on an insertion sorting algorithm''},
booktitle = {17th Rencontres de la SociÈtÈ Francophone de Classification},
year = {2010},
address = {La RÈunion},
}

@InProceedings{Jac2010b,
author = {Biernacki, C. and Jacques, J.},
title = {''ModËles gÈnÈratifs de rangs relatifs ‡ un algorithme de tri par insertion''},
booktitle = {42th JournÈes de Statistique organisÈe par la SociÈtÈ FranÁaise de Statistique},
year = {2010},
address = {Marseille, France},
}


@Unpublished{Jac2010c,
author = {Biernacki, C. and Jacques, J.},
title = {A generative model for rank data based on sorting algorithm},
note = {Pub. IRMA Lille Vol. 70-III, Preprint HAL 00 441209},
year = {2012},
}

@article {Jac2012,
    AUTHOR = {Biernacki, C. and Jacques, J.},
     TITLE = {A generative model for rank data based on insertion sort algorithm},
   FJOURNAL = {Comput. Statist. Data Anal.},
  JOURNAL = {Computational Statistics \& Data Analysis},
    PAGES = {162--176},
    VOLUME={58},
      YEAR = {2013},
}

@TechReport{Jac2012b,
 author = {Jacques, J. and Biernacki, C.},
 title = {Model-based clustering for multivariate partial ranking data},
 institution = {Inria Research Report},
 year = {2012},
 OPTkey = {},
 OPTtype = {},
 number = {8113},
 OPTaddress = {},
 OPTmonth = {},
 OPTnote = {},
 OPTannote = {},
 OPTurl = {},
 OPTurldate = {},
 OPTlastchecked = {},
 OPTdoi = {},
 OPTisbn = {},
 OPTissn = {},
 OPTlocalfile = {},
 OPTabstract = {},
 OPTkeywords = {},
}


@article {Bus2007,
    AUTHOR = {Busse, L.M. and Orbanz, P. and Buhmann, J.M.},
     TITLE = {Cluster Analysis of Heterogeneous Rank Data},
   JOURNAL = {Comput. Statist. Data Anal.},
  FJOURNAL = {Computational Statistics \& Data Analysis},
    VOLUME = {41},
      YEAR = {2003},
    NUMBER = {3-4},
}

@article {Coh1982,
    AUTHOR = {Cohen, A.},
     TITLE = {Analysis of large sets of ranking data},
   JOURNAL = {Communications in Statistics, Part A - Theory and Methods},
  FJOURNAL = {Communications in Statistics, Part A - Theory and Methods},
    VOLUME = {11},
      YEAR = {1982},
     PAGES = {235--256},
}

@TechReport{Coh1980,
author = {Cohen, A. and Mallows, C.},
title = {Analysis of ranking data},
institution = {AT\&T Bell Laboratories},
year = {1980},
address = {Murray Hill, NJ},
}


 @book {Cri1985,
    AUTHOR = {Critchlow, D. E.},
     TITLE = {Metric methods for analyzing partially ranked data},
    SERIES = {Lecture Notes in Statistics},
    VOLUME = {34},
 PUBLISHER = {Springer-Verlag},
   ADDRESS = {Berlin},
      YEAR = {1985},
}

@InBook{Cro1989,
author = {Croon, M.A.},
editor = {Feger, Klauer and de Soete},
title = {New Developments in Psychological Choice Modeling},
chapter = {Latent Class models for the analysis of ranking},
year = {1989},
address = {North-Holland:Amsterdam},
pages = {99-121},
}

@book {Dia1988,
    AUTHOR = {Diaconis, P.},
     TITLE = {Group representations in probability and statistics},
    SERIES = {Institute of Mathematical Statistics Lecture Notes---Monograph
              Series, 11},
 PUBLISHER = {Institute of Mathematical Statistics},
   ADDRESS = {Hayward, CA},
      YEAR = {1988},
     PAGES = {vi+198},
}

@article {Dem1977,
    AUTHOR = {Dempster, A.P. and Laird, N.M. and Rubin, D.B.},
     TITLE = {Maximum likelihood from incomplete data via the {EM}
              algorithm},
      NOTE = {With discussion},
   FJOURNAL = {J. Roy. Statist. Soc. Ser. B},
  JOURNAL = {Journal of the Royal Statistical Society. Series B.
              Methodological},
    VOLUME = {39},
      YEAR = {1977},
    NUMBER = {1},
     PAGES = {1--38},
}
	

@book {Efr1993,
    AUTHOR = {Efron, B. and Tibshirani, R.J.},
     TITLE = {An introduction to the bootstrap},
    SERIES = {Monographs on Statistics and Applied Probability},
    VOLUME = {57},
 PUBLISHER = {Chapman and Hall},
   ADDRESS = {New York},
      YEAR = {1993},
     PAGES = {xvi+436},
}

@article {Fei1986,
    AUTHOR = {Feigin, P.D. and Alvo, M.},
     TITLE = {Intergroup diversity and concordance for ranking data: an
              approach via metrics for permutations},
   JOURNAL = {Ann. Statist.},
  FJOURNAL = {The Annals of Statistics},
    VOLUME = {14},
      YEAR = {1986},
    NUMBER = {2},
     PAGES = {691--707},
}

@article {Fei1978,
    AUTHOR = {Feigin, P. and Cohen, A.},
     TITLE = {On a model for concordance between judges},
   JOURNAL = {Journal of the Royal Statistical Society, Ser. B},
  FJOURNAL = {Journal of the Royal Statistical Society, Ser. B},
    VOLUME = {40},
      YEAR = {1978},
     PAGES = {203--213},
}

@article {Fli1986,
    AUTHOR = {Fligner, M.A. and Verducci, J.S.},
     TITLE = {Distance based ranking models},
   FJOURNAL = {J. Roy. Statist. Soc. Ser. B},
  JOURNAL = {Journal of the Royal Statistical Society. Series B.
              Methodological},
    VOLUME = {48},
      YEAR = {1986},
    NUMBER = {3},
     PAGES = {359--369},
}

@article {Fli1988,
    AUTHOR = {Fligner, M.A. and Verducci, J.S.},
     TITLE = {Multistage ranking models},
   JOURNAL = {J. Amer. Statist. Assoc.},
  FJOURNAL = {Journal of the American Statistical Association},
    VOLUME = {83},
      YEAR = {1988},
    NUMBER = {403},
     PAGES = {892--901},
}

@article {Gol1976,
    AUTHOR = {Goldberg, A.I.},
     TITLE = {The relevance of cosmopolitan/local orientations to professional values and behavior},
   JOURNAL = {Sociology of Work and Occupation},
  FJOURNAL = {Sociology of Work and Occupation},
    VOLUME = {3},
      YEAR = {1976},
     PAGES = {331--356},
}


@InProceedings{Gor2006a,
author = {Gormley, I.C. and Murphy, T.B.},
     TITLE = {A latent space model for rank data},
booktitle = {''Proceedings of the 23th International Conference on Machine Learning''},
year = {2006},
address = {Pittsburgh, PA},
}

@article {Gor2006b,
    AUTHOR = {Gormley, I.C. and Murphy, T.B.},
     TITLE = {Analysis of {I}rish third-level college applications data},
   JOURNAL = {J. Roy. Statist. Soc. Ser. A},
  FJOURNAL = {Journal of the Royal Statistical Society. Series A. Statistics
              in Society},
    VOLUME = {169},
      YEAR = {2006},
    NUMBER = {2},
     PAGES = {361--379},
}
		
@article {Gor2008a,
    AUTHOR = {Gormley, I.C. and Murphy, T.B.},
     TITLE = {A mixture of experts model for rank data with applications in election studies},
   JOURNAL = {Annals of Applied Statistics},
  FJOURNAL = {Annals of Applied Statistics},
    VOLUME = {2},
      YEAR = {2008},
    NUMBER = {4},
     PAGES = {1452-1477},
}

@article {Gor2008b,
    AUTHOR = {Gormley, I.C. and Murphy, T.B.},
     TITLE = {Exploring Voting Blocs within the Irish Electorate: A Mixture Modeling Approach},
   JOURNAL = {J. Amer. Statist. Assoc.},
  FJOURNAL = {Journal of the American Statistical Association},
    VOLUME = {103},
      YEAR = {2008},
    NUMBER = {483},
     PAGES = {1014-1027},
}


@article {Ken1938,
    AUTHOR = {Kendall, M.G.},
     TITLE = {A new measure of rank correlation},
   JOURNAL = {Biometrika},
  FJOURNAL = {Biometrika},
    VOLUME = {30},
      YEAR = {1938},
     PAGES = {81--93},
}

@article {Ken1940,
    AUTHOR = {Kendall, M.G. and Smith, B.B.},
     TITLE = {On the method of paired comparisons},
   JOURNAL = {Biometrika},
  FJOURNAL = {Biometrika},
    VOLUME = {31},
      YEAR = {1940},
     PAGES = {324--345},
}

@book {Knu1973,
    AUTHOR = {Knuth, D.E.},
     TITLE = {Sorting and Searching: Volume3. The art of Computer Programming},
 PUBLISHER = {Addison-Wesley},
   ADDRESS = {Massachusetts},
      YEAR = {1973},
}

@article {Leb2008a,
    AUTHOR = {Kidwell, P. and Lebanon, G. and Cleveland, W.S.},
     TITLE = {Visualizing Incomplete and Partially Ranked Data},
   JOURNAL = {IEEE Transactions on Visualization and Computer Graphics},
  FJOURNAL = {IEEE Transactions on Visualization and Computer Graphics},
    VOLUME = {14},
    NUMBER = {6},
      YEAR = {2008},
     PAGES = {1356-1363},
}


@article {Leb2008b,
    AUTHOR = {Lebanon, G. and Mao, Y.},
     TITLE = {Non-parametric modeling of partially ranked data},
   JOURNAL = {J. Mach. Learn. Res.},
  FJOURNAL = {Journal of Machine Learning Research (JMLR)},
    VOLUME = {9},
      YEAR = {2008},
     PAGES = {2401--2429},
}

@InProceedings{Leb2002,
author = {Lebanon, G. and Lafferty, J.},
     TITLE = {''Cranking: Combining Rankings using Conditional Models on Permutations''},
booktitle = {Proceedings of the 19th International Conference on Machine Learning},
year = {2002},
address = {Sydney, Australia},
}

@article {Lee2013,
    AUTHOR = {Lee, P.H. and Yu, P.L.H.},
     TITLE = {An {R} package for analyzing and modeling ranking data},
   JOURNAL = {BMC Medical Research Methodology},
    VOLUME = {13},
      YEAR = {2013},
    NUMBER = {65},
     PAGES = {1--11},
}


@book {Luc1959,
    AUTHOR = {Luce, R.D.},
     TITLE = {Individual choice behavior: {A} theoretical analysis},
 PUBLISHER = {John Wiley \& Sons Inc.},
   ADDRESS = {New York},
      YEAR = {1959},
     PAGES = {xii+153},
}

@article {Mat2009,
    AUTHOR = {Allman, E.S. and Matias, C. and Rhodes, J.A.},
     TITLE = {Identifiability of parameters in latent structure models with many observed variables},
   JOURNAL = {Annals of Statistics},
  FJOURNAL = {Ann. Statist.},
    VOLUME = {37},
      YEAR = {2009},
    NUMBER = {6A},
     PAGES = {3099-3132},
}


@article {May2005,
    AUTHOR = {Maydeu-Olivares, A. and Bockenholt, U.},
     TITLE = {Structural Equation Modeling of Paired-Comparison and Ranking Data},
   JOURNAL = {Psychological Methods},
  FJOURNAL = {Psychological Methods},
    VOLUME = {10},
      YEAR = {2005},
    NUMBER = {3},
     PAGES = {285--304},
}
@article {Mal1957,
    AUTHOR = {Mallows, C.L.},
     TITLE = {Non-null ranking models. {I}},
   JOURNAL = {Biometrika},
  FJOURNAL = {Biometrika},
    VOLUME = {44},
      YEAR = {1957},
     PAGES = {114--130},
}

@book {Mar1995,
    AUTHOR = {Marden, J.I.},
     TITLE = {Analyzing and modeling rank data},
    SERIES = {Monographs on Statistics and Applied Probability},
    VOLUME = {64},
 PUBLISHER = {Chapman \& Hall},
   ADDRESS = {London},
      YEAR = {1995},
     PAGES = {xiv+329},
}

@article {Mur2003,
    AUTHOR = {Murphy, T.B. and Martin, D.},
     TITLE = {Mixtures of distance-based models for ranking data},
   JOURNAL = {Comput. Statist. Data Anal.},
  FJOURNAL = {Computational Statistics \& Data Analysis},
    VOLUME = {41},
      YEAR = {2003},
    NUMBER = {3-4},
     PAGES = {645--655},
}

@article {Pla1975,
    AUTHOR = {Plackett, R.L.},
     TITLE = {The analysis of permutations},
   JOURNAL = {J. Roy. Statist. Soc. Ser. C Appl. Statist.},
  FJOURNAL = {Journal of the Royal Statistical Society. Series C. Applied
              Statistics},
    VOLUME = {24},
      YEAR = {1975},
    NUMBER = {2},
     PAGES = {193--202},
}

@article {Sch1978,
    AUTHOR = {Schwarz, G.},
     TITLE = {Estimating the dimension of a model},
   FJOURNAL = {Ann. Statist.},
  JOURNAL = {The Annals of Statistics},
    VOLUME = {6},
      YEAR = {1978},
    NUMBER = {2},
     PAGES = {461--464},
}

@article {Tho1993a,
    AUTHOR = {Thompson, G.L.},
     TITLE = {Generalized permutation polytopes and exploratory graphical
              methods for ranked data},
   JOURNAL = {Ann. Statist.},
  FJOURNAL = {The Annals of Statistics},
    VOLUME = {21},
      YEAR = {1993},
    NUMBER = {3},
     PAGES = {1401--1430},
}

@InCollection{Tho1993b,
author = {Thompson, G.L.},
editor = {Fligner, Michael A. and Verducci, Joseph S.},
title = {Probability models and statistical analyses for ranking data},
chapter = {Graphical techniques for ranked data},
publisher = {Springer-Verlag},
year = {1993},
address = {New-York},
pages = {294--298},
}



@article {Thu1927,
    AUTHOR = {Thurstone, L.L.},
     TITLE = {A law of comparative judgment},
   JOURNAL = {Psychological Review},
  FJOURNAL = {Psychological Review},
    VOLUME = {79},
      YEAR = {1927},
     PAGES = {281--299},
}

@article {Vig1999,
    AUTHOR = {Vigneau, E. and Courcoux, P. and SÈmÈnou, M.},
     TITLE = {Analysis of ranked preference data using latente class models},
   JOURNAL = {Food Quality and Preference},
  FJOURNAL = {Food Quality and Preference},
    VOLUME = {10},
      YEAR = {1999},
     PAGES = {201--207},
}

	
@Book{Bar1979,
author = {Barnes, S.H. and Kaase, M.},
title = {Political Action: Mass Participation in Five Western Countries},
publisher = {Sage},
year = {1979},
address = {Beverly Hills},
}

@InCollection{Ben1994,
author = {Benter, W.},
title = {Computer-based horse race handicapping and wagering systems: A report},
booktitle = {Efficiency of racetrack betting markets},
publisher = {London: Academic Press},
year = {1994},
editor = {Ziemba, W.T. and Lo, V.S. and Haush, D.B.},
}

@incollection {Boc1993,
   AUTHOR = {B{\"o}ckenholt, U.},
     TITLE = {Applications of {T}hurstonian models to ranking data},
 BOOKTITLE = {Probability models and statistical analyses for ranking data
              ({A}mherst, {MA}, 1990)},
    SERIES = {Lecture Notes in Statist.},
    VOLUME = {80},
     PAGES = {157--172},
 PUBLISHER = {Springer},
   ADDRESS = {New York},
      YEAR = {1993},
}

@article {Boc2002,
    AUTHOR = {Bockenholt, U.},
     TITLE = {A Thurstonian analysis of preference change},
   JOURNAL = {Journal of Mathematical Psychology},
  FJOURNAL = {Journal of Mathematical Psychology},
    VOLUME = {46},
      YEAR = {2002},
     PAGES = {300--314},
}

@article {Bra1952,
    AUTHOR = {Bradley, R.A. and Terry, M.E.},
     TITLE = {Rank analysis of incomplete block designs. {I}. {T}he method
              of paired comparisons},
   JOURNAL = {Biometrika},
  FJOURNAL = {Biometrika},
    VOLUME = {39},
      YEAR = {1952},
     PAGES = {324--345},
}

@InProceedings{Bus2007,
author = {Busse, L.M. and Orbanz, P. and Buhmann, J.M.},
title = {''Cluster Analysis of Heterogeneous Rank Data''},
booktitle = {Proceedings of the 24th International Conference on Machine Learning},
year = {2007},
address = {Corvallis, OR},
}

@InProceedings{Jac2010a,
author = {Jacques, J. and Biernacki, C.},
title = {''Model-based clustering for rank data based on an insertion sorting algorithm''},
booktitle = {17th Rencontres de la SociÈtÈ Francophone de Classification},
year = {2010},
address = {La RÈunion},
}

@InProceedings{Jac2010b,
author = {Biernacki, C. and Jacques, J.},
title = {ModËles gÈnÈratifs de rangs relatifs ‡ un algorithme de tri par insertion},
booktitle = {42th JournÈes de Statistique organisÈe par la SociÈtÈ FranÁaise de Statistique},
year = {2010},
address = {Marseille, France},
}

@article {Bus2007,
    AUTHOR = {Busse, L.M. and Orbanz, P. and Buhmann, J.M.},
     TITLE = {Cluster Analysis of Heterogeneous Rank Data},
   JOURNAL = {Comput. Statist. Data Anal.},
  FJOURNAL = {Computational Statistics \& Data Analysis},
    VOLUME = {41},
      YEAR = {2003},
    NUMBER = {3-4},
}

@article {celeux85,
    AUTHOR = {Celeux, G. and Diebolt, J.},
     TITLE = {The {SEM} algorithm: A probabilistic teacher algorithm derived from the {EM} algorithm for the mixture problem},
   JOURNAL = {Computational Statistics Quarterly},
    VOLUME = {2},
    NUMBER = {1},
      YEAR = {1985},
     PAGES = {73--82},
}

@article {Coh1982,
    AUTHOR = {Cohen, A.},
     TITLE = {Analysis of large sets of ranking data},
   JOURNAL = {Communications in Statistics, Part A - Theory and Methods},
  FJOURNAL = {Communications in Statistics, Part A - Theory and Methods},
    VOLUME = {11},
      YEAR = {1982},
     PAGES = {235--256},
}

@TechReport{Coh1980,
author = {Cohen, A. and Mallows, C.},
title = {Analysis of ranking data},
institution = {AT\&T Bell Laboratories},
year = {1980},
address = {Murray Hill, NJ},
}


 @book {Cri1985,
    AUTHOR = {Critchlow, D. E.},
     TITLE = {Metric methods for analyzing partially ranked data},
    SERIES = {Lecture Notes in Statistics},
    VOLUME = {34},
 PUBLISHER = {Springer-Verlag},
   ADDRESS = {Berlin},
      YEAR = {1985},
}

@InBook{Cro1989,
author = {Croon, M.A.},
editor = {Feger, Klauer and de Soete},
title = {New Developments in Psychological Choice Modeling},
chapter = {Latent Class models for the analysis of ranking},
year = {1989},
address = {North-Holland:Amsterdam},
pages = {99-121},
}

@book {Dia1988,
    AUTHOR = {Diaconis, P.},
     TITLE = {Group representations in probability and statistics},
    SERIES = {Institute of Mathematical Statistics Lecture Notes---Monograph
              Series, 11},
 PUBLISHER = {Institute of Mathematical Statistics},
   ADDRESS = {Hayward, CA},
      YEAR = {1988},
     PAGES = {vi+198},
}


@article {Dia1989,
    AUTHOR = {Diaconis, P.},
     TITLE = {A generalization of spectral analysis with applications to ranked data},
   JOURNAL = {Annals of Statistics},
    VOLUME = {17},
      YEAR = {1989},
     PAGES = {949--979},
}


@book {Efr1993,
    AUTHOR = {Efron, B. and Tibshirani, R.J.},
     TITLE = {An introduction to the bootstrap},
    SERIES = {Monographs on Statistics and Applied Probability},
    VOLUME = {57},
 PUBLISHER = {Chapman and Hall},
   ADDRESS = {New York},
      YEAR = {1993},
     PAGES = {xvi+436},
}

@article {Fei1986,
    AUTHOR = {Feigin, P.D. and Alvo, M.},
     TITLE = {Intergroup diversity and concordance for ranking data: an
              approach via metrics for permutations},
   JOURNAL = {Ann. Statist.},
  FJOURNAL = {The Annals of Statistics},
    VOLUME = {14},
      YEAR = {1986},
    NUMBER = {2},
     PAGES = {691--707},
}

@article {Fei1978,
    AUTHOR = {Feigin, P. and Cohen, A.},
     TITLE = {On a model for concordance between judges},
   JOURNAL = {Journal of the Royal Statistical Society, Ser. B},
  FJOURNAL = {Journal of the Royal Statistical Society, Ser. B},
    VOLUME = {40},
      YEAR = {1978},
     PAGES = {203--213},
}



@article {geman84,
    AUTHOR = {Geman, A. and Geman, D.},
     TITLE = {Stochastic relaxation, {G}ibbs distributions and the {B}ayesian restoration of images},
   JOURNAL = {IEEE Transactions on Pattern Analysis and Matching Intelligence},
    VOLUME = {6},
      YEAR = {1984},
     PAGES = {721--741},
}

@article {Gol1976,
    AUTHOR = {Goldberg, A.I.},
     TITLE = {The relevance of cosmopolitan/local orientations to professional values and behavior},
   JOURNAL = {Sociology of Work and Occupation},
  FJOURNAL = {Sociology of Work and Occupation},
    VOLUME = {3},
      YEAR = {1976},
     PAGES = {331--356},
}


@InProceedings{Gor2006a,
author = {Gormley, I.C. and Murphy, T.B.},
     TITLE = {A latent space model for rank data},
booktitle = {Proceedings of the 23th International Conference on Machine Learning},
year = {2006},
address = {Pittsburgh, PA},
}

@article {Gor2006b,
    AUTHOR = {Gormley, I.C. and Murphy, T.B.},
     TITLE = {Analysis of {I}rish third-level college applications data},
   JOURNAL = {J. Roy. Statist. Soc. Ser. A},
  FJOURNAL = {Journal of the Royal Statistical Society. Series A. Statistics
              in Society},
    VOLUME = {169},
      YEAR = {2006},
    NUMBER = {2},
     PAGES = {361--379},
}


@article {Gor2008b,
    AUTHOR = {Gormley, I.C. and Murphy, T.B.},
     TITLE = {Exploring Voting Blocs within the Irish Electorate: A Mixture Modeling Approach},
   JOURNAL = {J. Amer. Statist. Assoc.},
  FJOURNAL = {Journal of the American Statistical Association},
    VOLUME = {103},
      YEAR = {2008},
    NUMBER = {483},
     PAGES = {1014-1027},
}


@article {Ken1938,
    AUTHOR = {Kendall, M.G.},
     TITLE = {A new measure of rank correlation},
   JOURNAL = {Biometrika},
  FJOURNAL = {Biometrika},
    VOLUME = {30},
      YEAR = {1938},
     PAGES = {81--93},
}

@article {Ken1940,
    AUTHOR = {Kendall, M.G. and Smith, B.B.},
     TITLE = {On the method of paired comparisons},
   JOURNAL = {Biometrika},
  FJOURNAL = {Biometrika},
    VOLUME = {31},
      YEAR = {1940},
     PAGES = {324--345},
}

@book {Knu1973,
    AUTHOR = {Knuth, D.E.},
     TITLE = {Sorting and Searching: Volume3. The art of Computer Programming},
 PUBLISHER = {Addison-Wesley},
   ADDRESS = {Massachusetts},
      YEAR = {1973},
}

@article {Leb2008a,
    AUTHOR = {Kidwell, P. and Lebanon, G. and Cleveland, W.S.},
     TITLE = {Visualizing Incomplete and Partially Ranked Data},
   JOURNAL = {IEEE Transactions on Visualization and Computer Graphics},
  FJOURNAL = {IEEE Transactions on Visualization and Computer Graphics},
    VOLUME = {14},
    NUMBER = {6},
      YEAR = {2008},
     PAGES = {1356-1363},
}


@article {Leb2008b,
    AUTHOR = {Lebanon, G. and Mao, Y.},
     TITLE = {Non-parametric modeling of partially ranked data},
   JOURNAL = {J. Mach. Learn. Res.},
  FJOURNAL = {Journal of Machine Learning Research (JMLR)},
    VOLUME = {9},
      YEAR = {2008},
     PAGES = {2401--2429},
}

@InProceedings{Leb2002,
author = {Lebanon, G. and Lafferty, J.},
     TITLE = {Cranking: Combining Rankings using Conditional Models on Permutations},
booktitle = {Proceedings of the 19th International Conference on Machine Learning},
year = {2002},
address = {Sydney, Australia},
}

@book {Luc1959,
    AUTHOR = {Luce, R.D.},
     TITLE = {Individual choice behavior: {A} theoretical analysis},
 PUBLISHER = {John Wiley \& Sons Inc.},
   ADDRESS = {New York},
      YEAR = {1959},
     PAGES = {xii+153},
}


@article {May2005,
    AUTHOR = {Maydeu-Olivares, A. and Bockenholt, U.},
     TITLE = {Structural Equation Modeling of Paired-Comparison and Ranking Data},
   JOURNAL = {Psychological Methods},
  FJOURNAL = {Psychological Methods},
    VOLUME = {10},
      YEAR = {2005},
    NUMBER = {3},
     PAGES = {285--304},
}
@article {Mal1957,
    AUTHOR = {Mallows, C.L.},
     TITLE = {Non-null ranking models. {I}},
   JOURNAL = {Biometrika},
  FJOURNAL = {Biometrika},
    VOLUME = {44},
      YEAR = {1957},
     PAGES = {114--130},
}


@article {Pla1975,
    AUTHOR = {Plackett, R.L.},
     TITLE = {The analysis of permutations},
   JOURNAL = {J. Roy. Statist. Soc. Ser. C Appl. Statist.},
  FJOURNAL = {Journal of the Royal Statistical Society. Series C. Applied
              Statistics},
    VOLUME = {24},
      YEAR = {1975},
    NUMBER = {2},
     PAGES = {193--202},
}

@article {Tho1993a,
    AUTHOR = {Thompson, G.L.},
     TITLE = {Generalized permutation polytopes and exploratory graphical
              methods for ranked data},
   JOURNAL = {Ann. Statist.},
  FJOURNAL = {The Annals of Statistics},
    VOLUME = {21},
      YEAR = {1993},
    NUMBER = {3},
     PAGES = {1401--1430},
}

@InCollection{Tho1993b,
author = {Thompson, G.L.},
editor = {Fligner, Michael A. and Verducci, Joseph S.},
title = {Probability models and statistical analyses for ranking data},
chapter = {Graphical techniques for ranked data},
publisher = {Springer-Verlag},
year = {1993},
address = {New-York},
pages = {294--298},
}



@article {Thu1927,
    AUTHOR = {Thurstone, L.L.},
     TITLE = {A law of comparative judgment},
   JOURNAL = {Psychological Review},
  FJOURNAL = {Psychological Review},
    VOLUME = {79},
      YEAR = {1927},
     PAGES = {281--299},
}

@article {Vig1999,
    AUTHOR = {Vigneau, E. and Courcoux, P. and SÈmÈnou, M.},
     TITLE = {Analysis of ranked preference data using latente class models},
   JOURNAL = {Food Quality and Preference},
  FJOURNAL = {Food Quality and Preference},
    VOLUME = {10},
      YEAR = {1999},
     PAGES = {201--207},
}

	
@article{Gat2006,
   title = {Comparison of Eurovision Song Contest Simulation with Actual Results Reveals Shifting Patterns of Collusive Voting Alliances.},
   author = {Gatherer, Derek},
   journal = {Journal of Artificial Societies and Social Simulation},
   ISSN = {1460-7425},
   volume = {9},
   number = {2},
   pages = {1},
   year = {2006},
}

@TechReport{Sch2012,
 author = {K. Schwab},
 title = {The Global Competitiveness Report 2012 - 2013},
 institution = {World Economic Forum},
 year = {2012},
 address = {Geneva Switzerland},
}

@book {Eve1984,
    AUTHOR = {Everitt, B. S.},
     TITLE = {An introduction to latent variable models},
    SERIES = {Monographs on Statistics and Applied Probability},
 PUBLISHER = {Chapman \& Hall},
   ADDRESS = {London},
      YEAR = {1984},
     PAGES = {vii+107},
      ISBN = {0-412-25310-0},
   MRCLASS = {62H25 (62P15)},
  MRNUMBER = {MR769300 (86e:62081)},
MRREVIEWER = {A. D. Gordon},
}

@article {Cel1991,
    AUTHOR = {Celeux, G. and Govaert, G.},
     TITLE = {Clustering criteria for discrete data and latent class models},
   JOURNAL = {Journal of Classification},
    VOLUME = {8},
      YEAR = {1991},
     PAGES = {157--176},
 }

 @Article{ Stephens00,
	title = "Dealing with label switching in mixture models",
	author = "Stephens, M.",
	journal = "Journal of the Royal Statistical Society. Serie B",
	pages = "795--809",
	volume = "62",
	number = "4",
	year = "2000"
}
@Article{Celeux00,
	title = "Computational and inferential difficulties with mixture posterior distributions",
	author = "Celeux, G. and Hurn, M. and Robert, C.",
	journal = "Journal of the American Statistical Association",
	pages = "957--970",
	volume = "95",
	year = "2000"
}
@Article{Ran1971,
	title = "Objective criteria for the evaluation of clustering methods",
	author = "Rand, W.M.",
	journal = "Journal of the American Statistical Association",
	pages = "846--850",
	volume = "55",
	year = "1971"
}

@Manual{Gregory2012,
    title = {RMallow: Fit Multi-Modal Mallows' Models to ranking data.},
    author = {Erik Gregory},
    year = {2012},
    note = {R package version 1.0},
    url = {http://CRAN.R-project.org/package=RMallow},
  }


