@article{Blak:2000,
 author={Blaker, H.},
 title={Confidence curves and improved exact confidence intervals for discrete distributions},
 year={2000},
 journal={Canadian Journal of Statistics},
 volume={28},
 pages={783--798}}

@book{Bres:1980,
 author={Breslow, N.E., and Day, N.E.},
 title={Statistical Methods in Cancer Research: Volume 1: Analysis of Case Control Studies},
 year={1980},
 publisher={International Agency for Research in Cancer},
 address={Lyon, France}}


@book{CoxH:1974,
 author={Cox, D.R., and Hinkley, D.V.},
 title={Theoretical Statistics},
 year={1974},
 publisher={Chapman and Hall},
 address={London}}

@article{Fay:2007,
  author={Fay, M.P., and  Huang, C.Y., and Twum-Danso, N.A.Y.},
  title={Monitoring rare serious adverse events from a new treatment and testing for
  a difference from historical controls},
  year={2007},
  journal={Controlled Clinical Trials},
  volume={4},
  pages={598--610}
}

@article{Fay:2009,
  author={Fay, M.P.},
  title={Confidence intervals that match Fisher's exact or Blaker's exact tests},
  year={2009},
  journal={Biostatistics},
  volume={},
  pages={},
  doi={10.1093/biostatistics/kxp050}
}

@article{Garw:1936,
 author={Garwood, F.},
 title={Fiducial limits for the Poisson distribution},
 year={1936},
 journal={Biometrika},
 pages={437-442}
}

@book{Hirj:2006,
 author={Hirji, K.F.},
 year={2006},
 title={Exact analysis of discrete data},
 publisher={Chapman and Hall/CRC},
 address={New York}}

@book{Lehm:2005,
 author={Lehmann, E.L. and Romano, J.P.},
 year={2005},
 title={Testing Statistical hypotheses, third edition},
 publisher={Springer},
 address={New York}
 }

@article{McNe:1947,
 author={McNemar, Q.},
 year={1947},
 title={Note on the sampling error of the difference between correlated proportions or percentages},
 journal={Psychometrika},
 volume={12},
 pages={153--157}}


 @article{Ster:1954,
  author={Stern, T.H.},
  year={1954},
  title={Some remarks on confidence and fiducial limits},
  journal={Biometrika},
  pages={275-278}
  }
  
  @article{Vos:2008,
   author={Vos, P.W., and Hudson, S.},
   year={2008},
   title={Problems with binomial two-sided tests and the associated confidence intervals},
   journal={Australian and New Zealand Journal of Statistics},
   volume={50},
   pages={81--89}}
@book{Agre:2001,
author = {A.~{Agresti and Y.~Min}},
title = {{On small-sample confidence intervals for parameters in discrete distributions}},
publisher = {Biometrics 57:},
pages = {963--971},
year = {2001}
}
@book{Fay:2010,
author = {M.~{Fay}},
title = {{Confidence intervals that match Fisher's exact or Blaker's exact tests}},
publisher = {Biostatistics 11:},
pages = {373--374},
year = {2010}
}
@book{Ster:1954,
author = {T.~{Stern}},
title = {{Some remarks on confidence and fiducial limits}},
publisher = {Biometrika pages},
pages = {275--278},
year = {1954}
}
@book{Vos:2008,
author = {P.~{Vos and S.~Hudson}},
title = {{Problems with binomial two-sided tests and the associated confidence intervals}},
publisher = {Australian and New Zealand Journal of Statistics 50:},
pages = {81--89},
year = {2008}
}







