@book{R:Dorai-Raj:2009,
author = {S.~{Dorai-Raj}},
title = {{pkgbinom: em Binomial Confidence Intervals for Several Parameterizations, }},
publisher = {R package version 1.0-4},
year = {2009},
url = {http://cran.r-project.org/web/packages/binom}
}
@book{R:Gastwirth+Johnson:1994,
author = {J.~{Gastwirth and W.~Johnson}},
title = {{Screening with cost-effective quality control: Potential applications to HIV and drug testing}},
publisher = {em Journal of the American Statistical Association 89 :},
pages = {972--981},
year = {1994}
}
@book{R:Hepworth:1996,
author = {G.~{Hepworth}},
title = {{Exact confidence intervals for proportions estimated by group testing}},
publisher = {em Biometrics 52 :},
pages = {1134--1146},
year = {1996}
}
@book{R:Hughes-Oliver:2006,
author = {J.~{Hughes-Oliver}},
title = {{Pooling experiments for blood screening and drug discovery}},
publisher = {In em Screening: Methods for Experimentation inIndustry Drug Discovery and Genetics edited by A Dean and S Lewis New York: Springer}
}
@book{R:Kim:2007,
author = {H.~{Kim, M.~Hudgens, J.~Dreyfuss, D.~Westreich, and C.~Pilcher}},
title = {{Comparison of group testing algorithms for case identification in the presence of test error}},
publisher = {em Biometrics 63 :},
pages = {1152--1163},
year = {2007}
}
@book{R:Ornaghi:1999,
author = {J.~{Giuggia, and S.~Lenardon}},
title = {{Infectivity in natural populations of Delphacodes kuscheli vector of 'Mal Rio Cuarto' virus}},
publisher = {em Maydica 44 :},
pages = {219--223},
year = {1999}
}
@book{R:Peck:2006,
author = {C.~{Peck}},
title = {{Going after BVD}},
publisher = {em Beef 42 :},
pages = {34--44},
year = {2006}
}
@book{R:Phatarfod+Sudbury:1994,
author = {R.~{Phatarfod and A.~Sudbury}},
title = {{The use of a square array scheme in blood testing}},
publisher = {em Statistics in Medicine 13 :},
pages = {2337--2343},
year = {1994}
}
@book{R:Pilcher:2005,
author = {R.~{Ashby, J.~O'Dowd, J.~McPherson, B.~Stalzer, L.~Hightow, W.~Miller, J.~Eron, M.~Cohen, and P.~Leone}},
title = {{Detection of acute infections during HIV testing in North Carolina}},
publisher = {em New England Journal of Medicine 352 :},
pages = {1873--1883},
year = {2005}
}
@book{R:Remlinger:2006,
author = {K.~{Remlinger, J.~Hughes-Oliver, S.~Young, and R.~Lam}},
title = {{Statistical design of pools using optimal coverage and minimal collision}},
publisher = {em Technometrics 48 :},
pages = {133--143},
year = {2006}
}
@book{R:Swallow:1985,
author = {W.~{Swallow}},
title = {{Group testing for estimating infection rates and probabilities of disease transmission}},
publisher = {em Phytopathology 75 :},
pages = {882--889},
year = {1985}
}
@book{R:Schaarschmidt:2007,
author = {F.~{Schaarschmidt}},
title = {{Experimental design for one-sided confidence intervals or hypothesis tests in binomial group testing}},
publisher = {em Communications in Biometry and Crop Science 2 :},
pages = {32--40},
year = {2007}
}
@book{R:Tebbs+Bilder:2004,
author = {J.~{Tebbs and C.~Bilder}},
title = {{Confidence interval procedures for the probability of disease transmission in multiple-vector-transfer designs}},
publisher = {em Journal of Agricultural Biological and Environmental Statistics 9 :},
pages = {75--90},
year = {2004}
}
@book{R:Vansteelandt:2000,
author = {S.~{Vansteelandt, E.~Goetghebeur, and T.~Verstraeten}},
title = {{Regression models for disease prevalence with diagnostic tests on pools of serum samples}},
publisher = {em Biometrics 56 :},
pages = {1126--1133},
year = {2000}
}
@book{R:Verstraeten:1998,
author = {T.~{Verstraeten, B.~Farah, L.~Duchateau, and R.~Matu}},
title = {{Pooling sera to reduce the cost of HIV surveillance: a feasibility study in a rural Kenyan district}},
publisher = {em Tropical Medicine and International Health 3 :},
pages = {747--750},
year = {1998}
}
@book{R:Xie:2001,
author = {M.~{Xie}},
title = {{Regression analysis of group testing samples}},
publisher = {em Statistics in Medicine 20 :},
pages = {1957--1969},
year = {2001}
}
@book{R:Zhang+Bilder:2009,
author = {B.~{Zhang and C.~Bilder}},
title = {{The EM algorithm for group testing regression models under matrix pooling}},
publisher = {Technical Report University of Nebraska-Lincoln Department of Statistics},
url = {http://www.chrisbilder.com/grouptesting}
}
@book{R:Zhang+Bilder+Schaarschmidt:2010,
author = {B.~{Zhang, C.~Bilder, and F.~Schaarschmidt}},
title = {{pkgbinGroup: em Evaluation and experimental design for binomial group testing, }},
publisher = {R package version 1.0-5},
year = {2010},
url = {http://cran.r-project.org/web/packages/binGroup}
}






