@Manual{R:2019,
	title = {R: A Language and Environment for Statistical Computing},
	author = {{R Core Team}},
	organization = {R Foundation for Statistical Computing},
	address = {Vienna, Austria},
	year = {2019},
	url = {https://www.R-project.org/},
}

@Manual{Narasimhan:2018,
	title = {cubature: Adaptive Multivariate Integration over Hypercubes},
	author = {Balasubramanian Narasimhan and Steven G. Johnson and Thomas Hahn and Annie Bouvier and Kiên Kiêu},
	year = {2018},
	note = {R package version 2.0.3},
	url = {https://CRAN.R-project.org/package=cubature},
}

@Manual{lun:2019,
    title = {NonNorMvtDist: Multivariate Lomax (Pareto Type II) and Its Related Distributions},
    author = {Zhixin Lun and Ravindra Khattree},
    year = {2020},
    note = {R package version 1.0.2},
    url = {https://CRAN.R-project.org/package=NonNorMvtDist},
  }

@Manual{Soetaert:2017,
	title = {plot3D: Plotting Multi-Dimensional Data},
	author = {Karline Soetaert},
	year = {2017},
	note = {R package version 1.1.1},
	url = {https://CRAN.R-project.org/package=plot3D},
}

@Manual{Yee:2019,
	title = {VGAM: Vector Generalized Linear and Additive Models},
	author = {Thomas Yee},
	year = {2019},
	note = {R package version 1.1-2},
	url = {https://CRAN.R-project.org/package=VGAM},
}

@article{CookJohnson:1981,
  Author = {Cook, R. E. and Johnson, M. E.},
	Journal = {Journal of the Royal Statistical Society. Series B (Methodological)},
	Number = 2,
	Pages = {210--218},
	Title = {A family of distributions for modeling non-elliptically symmetric multivariate data},
	Volume = 43,
	Year = 1981,
	url = {www.jstor.org/stable/2984851}
}

@article{nayak:1987,
    Author = {Nayak, Tapan Kumar},
	Journal = {Journal of Applied Probability},
	Number = 1,
	Pages = {170--177},
	Title = {Multivariate Lomax distribution: Properties and usefulness in reliability theory.},
	Volume = 24,
	Year = 1987,
    url = {https://doi.org/10.2307/3214068}
}

@article{Lindley:1986,
	Author = {Lindley, D. V. and Singpurwalla, N. D.},
	Journal = {Journal of Applied Probability},
	Pages = {418--431},
	Title = {Multivariate distributions for the life lengths of a system sharing a common environment},
	Volume = 23,
	Year = 1986,
	url = {https://doi.org/10.2307/3214184}
}

@article{Krishnaiah:1965,
	Author = {Krishnaiah, P. R.},
	Journal = {Annals of the Institute of Statistical Mathematics},
	Number = 1,
	Pages = {35--53},
	Title = {On the simultaneous anova and manova tests},
	Volume = 17,
	Year = 1965,
	url = {https://doi.org/10.1007/BF02868151}
}

@article{Ghosh:2002,
	Author = {S. Ghosh and S.G. Henderson},
	Journal = {Proceedings of the 2002 Winter Simulation Conference},
	Pages = {263--269},
	Title = {Properties of the NORTA method in higher dimensions},
	Volume = 1,
	Year = 2002,
	url = {https://doi.org/10.1109/WSC.2002.1172894}
}

@book{Bala:2009,
    title = {Continuous Bivariate Distributions},
    author = {Balakrishnan, N and Lai, Chin-Diew},
    ISBN = {978-0-387-09614-8},
    year = {2009},
	edition = {2nd},
    publisher = {Springer-Verlag New York},
	url = {https://doi.org/10.1007/b101765}
}

@book{ArmitageKrishnaiah:1964,
    title = {Tables for Studentized Largest Chi-Square and Their Application},
    author = {Armitage, J. V. and Krishnaiah, Paruchuri R.},
    year = {1964},
    publisher = {Report ARL 64-188, Aerospace Research Laboratories Wright-Patterson Air Force Base, Ohio}
}

@book{Joe:1997,
    title = {Multivariate Models and Dependence Concepts},
    author = {Joe, Harry},
    year = {1997},
    publisher = {Chapman and Hall, London},
	url = {https://doi.org/10.1201/b13150}
}

@book{JohnsonKotz:1972,
    title = {Distribution in Statistics: Continuous Multivariate Distributions},
    author = {Johnson, N. L. and Kotz, S.},
    year = {1972},
    publisher = {John Wiley \& Sons, New York}
}

@Book{Wickham:2016,
	author = {Hadley Wickham},
	title = {ggplot2: Elegant Graphics for Data Analysis},
	publisher = {Springer-Verlag New York},
	year = {2016},
	isbn = {978-3-319-24277-4},
	url = {https://ggplot2.tidyverse.org},
}

@Book{Nelsen:2006,
	author = {Roger B. Nelsen},
	title = {An Introduction to Copulas},
	publisher = {Springer-Verlag New York},
	year = {2006},
	edition = {2nd},
	isbn = {978-0-387-28659-4},
	url = {https://doi.org/10.1007/0-387-28678-0},
}