

@article{Iyengar88,
  author =        {S. Iyengar},
  journal =       {SIAM Journal on Scientific and Statistical Computing},
  number =        {3},
  pages =         {418--423},
  title =         {Evaluation of Normal Probabilities of Symmetric
                   Regions},
  volume =        {9},
  year =          {1988},
  url =           {https://doi.org/10.1137/0909028},
}

@Manual{Rfastpkg,
    title = {Rfast: A Collection of Efficient and Extremely Fast R Functions},
    author = {Manos Papadakis and Michail Tsagris and Marios Dimitriadis and Stefanos Fafalios and Ioannis Tsamardinos and Matteo Fasiolo and Giorgos Borboudakis and John Burkardt and Changliang Zou and Kleanthi Lakiotaki and Christina Chatzipantsiou.},
    year = {2021},
    note = {R package version 2.0.3},
    url = {https://CRAN.R-project.org/package=Rfast},
  }

@article{Somerville98,
  author =        {P.N. Somerville},
  journal =       {Journal of Computational and Graphical Statistics},
  number =        {4},
  pages =         {529-544},
  publisher =     {Taylor \& Francis},
  title =         {Numerical Computation of Multivariate Normal and
                   Multivariate-t Probabilities over Convex Regions},
  volume =        {7},
  year =          {1998},
  url =           {https://doi.org/10.1080/10618600.1998.10474793},
}

@article{PST04,
title={Dynamics of the Spanish Stock Market Through a Broadband View of the {IBEX} 35 index},
author = {I. Pouchkarev and J. Spronk and J. Trinidad},
journal = {Estudios Econom. Aplicada},
year = {2004},
Volume= {22}, Number= {1},
pages = {7--21}
}

@techreport{HHPS2002,
author = {W. Hallerbach and C. Hundack and I. Pouchkarev and J. Spronk},
title = {A broadband vision of the development of the DAX over time},
number={ERS-2002-87-F\&A},
journal = {ERIM Report Series},
year = {2002},
institution={Erasmus University Rotterdam},
}

@book{Genz09,
  author =        {Genz, A. and Bretz, F.},
  edition =       {1st},
  publisher =     {Springer Publishing Company, Incorporated},
  title =         {Computation of Multivariate Normal and t
                   Probabilities},
  year =          {2009},
  isbn =          {364201688X, 9783642016882},
}

@article{Schellenberger09,
  author =        {J. Schellenberger and B.O. Palsson},
  journal =       {The Journal of biological Chemistry},
  pages =         {5457-61},
  title =         {Use of Randomized Sampling for Analysis of Metabolic
                   Networks},
  volume =        {284 9},
  year =          {2009},
  url =           {https://doi.org/10.1074/jbc.R800048200},
}

@article{venzke2019,
  author =        {A. Venzke and D.K. Molzahn and S. Chatzivasileiadis},
  journal =       {Electric Power Systems Research},
  pages =         {106614},
  title =         {Efficient creation of datasets for data-driven power
                   system applications},
  volume =        {190},
  year =          {2021},
  issn =          {0378-7796},
  url =           {https://doi.org/10.1016/j.epsr.2020.106614},
}

@article{Dyer88,
  author =        {Dyer, M. and Frieze, A.},
  journal =       {SIAM Journal on Computing},
  number =        {5},
  pages =         {967-974},
  title =         {On the Complexity of Computing the Volume of a
                   Polyhedron},
  volume =        {17},
  year =          {1988},
  url =           {https://doi.org/10.1137/0217060},
}

@article{Chen18,
  author =        {Y. Chen and R. Dwivedi and M.J. Wainwright and B. Yu},
  journal =       {Journal of Machine Learning Research},
  number =        {55},
  pages =         {1--86},
  title =         {Fast {MCMC} Sampling Algorithms on Polytopes},
  volume =        {19},
  year =          {2018},
  url =           {http://jmlr.org/papers/v19/18-158.html},
}

@inproceedings{Lee18,
  author =        {Y.T. Lee and S. Vempala},
  booktitle =     {Proceedings of the 50th Annual ACM SIGACT Symposium
                   on Theory of Computing},
  pages =         {1115--1121},
  series =        {STOC 2018},
  title =         {Convergence Rate of {R}iemannian {H}amiltonian {Monte
                   Carlo} and Faster Polytope Volume Computation},
  year =          {2018},
  isbn =          {978-1-4503-5559-9},
  url =           {https://doi.org/10.1145/3188745.3188774},
}

@inproceedings{Mangoubi19,
  author =        {O. {Mangoubi} and N. K. {Vishnoi}},
  booktitle =     {2019 IEEE 60th Annual Symposium on Foundations of
                   Computer Science (FOCS)},
  pages =         {1338-1357},
  title =         {Faster Polytope Rounding, Sampling, and Volume
                   Computation via a Sub-Linear Ball Walk},
  year =          {2019},
  url =           {https://doi.org/10.1109/FOCS.2019.00082},
}

@article{Lovasz06,
  address =       {Philadelphia, PA, USA},
  author =        {Lov\'{a}sz, L. and Vempala, S.},
  journal =       {SIAM Journal on Computing},
  number =        {4},
  pages =         {985-1005},
  publisher =     {Society for Industrial and Applied Mathematics},
  title =         {Hit-and-Run from a Corner},
  volume =        {35},
  year =          {2006},
  issn =          {0097-5397},
  url =           {https://doi.org/10.1137/S009753970544727X},
}

@article{Emiris14,
  address =       {New York, USA},
  author =        {{I.Z.} Emiris and V. Fisikopoulos},
  journal =       {ACM Transactions of Mathematical Software, 2018},
  number =        {4},
  pages =         {38:1--38:21},
  publisher =     {ACM},
  title =         {Practical Polytope Volume Approximation},
  volume =        {44},
  year =          {2014},
  issn =          {0098-3500},
  url =           {https://doi.org/10.1145/3194656},
}

@article{Cousins15,
  address =       {Berlin},
  author =        {B. Cousins and S. Vempala},
  journal =       {Mathematical Programming Computation},
  month =         {Jun},
  number =        {2},
  publisher =     {Springer-Verlag},
  title =         {A Practical Volume Algorithm},
  volume =        {8},
  year =          {2016},
  url =           {https://doi.org/10.1007/s12532-015-0097-z},
}

@misc{CoolBod,
  author =        {Apostolos Chalkis and Ioannis Z. Emiris and
                   Vissarion Fisikopoulos},
  title =         {Practical Volume Estimation by a new Annealing
                   Schedule for Cooling Convex Bodies},
  year =          {2019},
  url =           {http://arxiv.org/abs/1905.05494},
}

@article{Bolin15,
  author =        {Bolin, D. and Lindgren, F.},
  journal =       {Journal of the Royal Statistical Society Series B
                   (Statistical Methodology)},
  month =         {01},
  pages =         {85-106},
  title =         {Excursion and contour uncertainty regions for latent
                   Gaussian models},
  volume =        {77},
  year =          {2015},
  url =           {https://doi.org/10.1111/rssb.12055},
}

@article{Wadsworth14,
  author =        {Wadsworth, J. and Tawn, J.},
  journal =       {Biometrika},
  month =         {03},
  pages =         {},
  title =         {Efficient inference for spatial extreme value
                   processes associated to log-Gaussian random
                   functions},
  volume =        {1},
  year =          {2014},
  url =           {https://doi.org/10.1093/biomet/ast042},
}

@article{Huser13,
  author =        {Huser, R. and Davison, A.},
  journal =       {Biometrika},
  month =         {06},
  pages =         {},
  title =         {Composite likelihood estimation for the Brown-Resnick
                   process},
  volume =        {2},
  year =          {2013},
  url =           {https://doi.org/10.1093/biomet/ass089},
}

@article{Azais10,
  author =        {Aza\"is, J. M. and Bercu, S. and Fort, J. C. and
                   Lagnoux, A. and L\'e, P.},
  journal =       {Journal of the Royal Statistical Society: Series C
                   (Applied Statistics)},
  number =        {5},
  pages =         {889-904},
  title =         {Simultaneous confidence bands in curve prediction
                   applied to load curves},
  volume =        {59},
  year =          {2010},
  url =           {https://doi.org/10.1111/j.1467-9876.2010.00727.x},
}

@article{Grun12,
  author =        {Gr\"un, Bettina and Hornik, Kurt},
  journal =       {Journal of the Royal Statistical Society. Series C,
                   Applied statistics},
  month =         {03},
  pages =         {201-218},
  title =         {Modelling human immunodeficiency virus ribonucleic
                   acid levels with finite mixtures for censored
                   longitudinal data},
  volume =        {61},
  year =          {2012},
  url =           {https://doi.org/10.1111/j.1467-9876.2011.01007.x},
}

@article{Albert93,
  author =        {Albert, Jim and Chib, Siddhartha},
  journal =       {Journal of The American Statistical Association - J
                   AMER STATIST ASSN},
  month =         {06},
  pages =         {669-679},
  title =         {Bayesian Analysis of Binary and Polychotomous
                   Response Data},
  volume =        {88},
  year =          {1993},
  url =           {https://doi.org/10.1080/01621459.1993.10476321},
}

@manual{tmg,
  author =        {Ari Pakman},
  note =          {R package version 0.3},
  title =         {\pkg{tmg}: Truncated Multivariate Gaussian Sampling},
  year =          {2015},
}

@manual{multinomineq,
  author =        {Daniel W. Heck},
  note =          {R package version 0.2.1},
  title =         {\pkg{multinomineq}: Bayesian Inference for
                   Multinomial Models with Inequality Constraints},
  year =          {2019},
}

@manual{lineqGPR,
  author =        {Andres Felipe Lopez},
  note =          {R package version 0.1.1},
  title =         {\pkg{lineqGPR}: Gaussian Process Regression Models
                   with Linear Inequality Constraints},
  year =          {2019},
}

@manual{restrictedMVN,
  author =        {Jonathan Taylor and Yuval Benjamini},
  note =          {R package version 1.0},
  title =         {\pkg{restrictedMVN}: Multivariate Normal Restricted
                   by Affine Constraints},
  year =          {2016},
}

@manual{tmvmixnorm,
  author =        {Ting Fung (Ralph) Ma and Sujit K. Ghosh and
                   Yifang Li},
  note =          {R package version 1.1.1},
  title =         {\pkg{tmvmixnorm}: Sampling from Truncated
                   Multivariate Normal and t Distributions},
  year =          {2020},
}

@article{CousinsChnr,
  author =        {Haraldsd\`ottir, H.S and Cousins, B. and Thiele, I. and
                   Fleming, R.M.T and Vempala, S.},
  journal =       {Bioinformatics},
  month =         {01},
  number =        {11},
  pages =         {1741-1743},
  title =         {{CHRR: Coordinate Hit-and-Run with Rounding for
                   Uniform Sampling of Constraint-Based Models}},
  volume =        {33},
  year =          {2017},
  url =           {https://doi.org/10.1093/bioinformatics/btx052},
}

@manual{hitandrun,
  author =        {Gert {van Valkenhoef} and Tommi Tervonen},
  note =          {R package version 0.5-5},
  title =         {\pkg{hitandrun}: "Hit and Run" and "Shake and Bake"
                   for Sampling Uniformly from Convex Shapes},
  year =          {2019},
  url =           {https://CRAN.R-project.org/package=hitandrun},
}

@manual{limSolve,
  author =        {Van den Meersche K. and Soetaert K. and van Oevelen D.},
  note =          {R package version 1.5.1},
  title =         {\pkg{limSolve}: Solving Linear Inverse Models},
  year =          {2009},
  url =           {https://CRAN.R-project.org/package=limSolve},
}

@manual{HybridMC,
  author =        {Richard D. Morey},
  note =          {R package version 0.2},
  title =         {\pkg{HybridMC}: Implementation of the Hybrid Monte
                   Carlo and Multipoint Hybrid Monte Carlo sampling
                   techniques},
  year =          {2009},
}

@article{xsample09,
   author = {Karel Van den Meersche and Karline  Soetaert and Dick Van Oevelen},
   title = {xsample(): An R Function for Sampling Linear Inverse Problems},
   journal = {Journal of Statistical Software, Code Snippets},
   volume = {30},
   number = {1},
   year = {2009},
   keywords = {},
   abstract = {An R function is implemented that uses Markov chain Monte Carlo (MCMC) algorithms to uniformly sample the feasible region of constrained linear problems. Two existing hit-and-run sampling algorithms are implemented, together with a new algorithm where an MCMC step reflects on the inequality constraints. The new algorithm is more robust compared to the hit-and-run methods, at a small cost of increased calculation time. },
   issn = {1548-7660},
   pages = {1--15},
   doi = {10.18637/jss.v030.c01},
   url = {https://www.jstatsoft.org/v030/c01}
}

@manual{rhmc,
  author =        {Victhor Sart\'orio},
  note =          {R package version 1.0.0},
  title =         {\pkg{rhmc}: Hamiltonian Monte Carlo},
  year =          {2018},
}

@manual{mcmc,
  author =        {Charles J. Geyer and Leif T. Johnson},
  note =          {R package version 0.9-7},
  title =         {\pkg{mcmc}: Markov Chain Monte Carlo},
  year =          {2020},
}

@manual{MHadaptive,
  author =        {Corey Chivers},
  note =          {R package version 1.1-8},
  title =         {\pkg{MHadaptive}: General Markov Chain Monte Carlo
                   for Bayesian Inference using adaptive
                   Metropolis-Hastings sampling},
  year =          {2012},
}

@manual{geometry,
  author =        {Jean-Romain Roussel and C. B. Barber and Kai Habel and
                   Raoul Grasman and Robert B. Gramacy and
                   Pavlo Mozharovskyi and David C. Sterratt},
  note =          {R package version 0.4.5},
  title =         {\pkg{geometry}: Mesh Generation and Surface
                   Tessellation},
  year =          {2019},
}

@article{qhull,
  address =       {New York, NY, USA},
  author =        {Barber, C. Bradford and Dobkin, David P. and
                   Huhdanpaa, Hannu},
  journal =       {ACM Transactions on Mathematical Software},
  month =         dec,
  number =        {4},
  pages =         {469--483},
  publisher =     {Association for Computing Machinery},
  title =         {The Quickhull Algorithm for Convex Hulls},
  volume =        {22},
  year =          {1996},
  issn =          {0098-3500},
  url =           {https://doi.org/10.1145/235815.235821},
}

@manual{volesti,
  author =        {Vissarion Fisikopoulos and Apostolos Chalkis and
                   contributors in file inst/AUTHORS},
  note =          {R package version 1.1.2},
  title =         {volesti: Volume Approximation and Sampling of Convex
                   Polytopes},
  year =          {2020},
}

@article{smithhnr,
  author =        {Robert L. Smith},
  journal =       {Operations Research},
  number =        {6},
  pages =         {1296--1308},
  publisher =     {INFORMS},
  title =         {Efficient Monte Carlo Procedures for Generating
                   Points Uniformly Distributed Over Bounded Regions},
  volume =        {32},
  year =          {1984},
  issn =          {0030364X, 15265463},
  url =           {http://www.jstor.org/stable/170949},
}

@article{Hastings70,
  author =        {W. K. Hastings},
  journal =       {Biometrika},
  number =        {1},
  pages =         {97--109},
  publisher =     {[Oxford University Press, Biometrika Trust]},
  title =         {Monte Carlo Sampling Methods Using Markov Chains and
                   Their Applications},
  volume =        {57},
  year =          {1970},
  issn =          {00063444},
  url =           {http://www.jstor.org/stable/2334940},
}

@article{POLYAK20146123,
  author =        {B.T. Polyak and E.N. Gryazina},
  journal =       {IFAC Proceedings Volumes},
  note =          {19th IFAC World Congress},
  number =        {3},
  pages =         {6123 - 6128},
  title =         {Billiard Walk - a new Sampling Algorithm for Control
                   and Optimization},
  volume =        {47},
  year =          {2014},
  issn =          {1474-6670},
  url =           {https://doi.org/10.3182/20140824-6-ZA-1003.02312},
}

@inproceedings{Cales18,
  address =       {Dagstuhl, Germany},
  author =        {L. Cal\`es and A. Chalkis and I.Z. Emiris and
                   V. Fisikopoulos},
  booktitle =     {34th International Symposium on Computational
                   Geometry (SoCG 2018)},
  editor =        {Bettina Speckmann and Csaba D. T{\'o}th},
  pages =         {19:1--19:15},
  publisher =     {Schloss Dagstuhl--Leibniz-Zentrum fuer Informatik},
  series =        {LIPIcs},
  title =         {{Practical Volume Computation of Structured Convex
                   Bodies, and an Application to Modeling Portfolio
                   Dependencies and Financial Crises}},
  volume =        {99},
  year =          {2018},
  url =           {https://doi.org/10.4230/LIPIcs.SoCG.2018.19},
}

@inproceedings{Kopetzki17,
  author =        {A.K. Kopetzki and B. Sch\"urmann and M. Althoff},
  booktitle =     {IEEE Conference on Decision and Control},
  pages =         {5626--5633},
  title =         {Methods for Order Reduction of Zonotopes},
  year =          {2017},
  url =           {https://doi.org/10.1109/CDC.2017.8264508},
}

@book{Ziegler95,
  address =       {New York},
  author =        {Ziegler, G.M.},
  booktitle =     {Graduate texts in mathematics, 152},
  publisher =     {Springer-Verlag},
  title =         {Lectures on Polytopes},
  year =          {1995},
  url =           {https://doi.org/10.1007/978-1-4613-8431-1},
}

@misc{Laddha20,
  author =        {Aditi Laddha and Santosh Vempala},
  title =         {{Convergence of Gibbs Sampling: Coordinate
                   Hit-and-Run Mixes Fast}},
  year =          {2020},
}

@inproceedings{bwmixing,
  author =        {Y.T. Lee and S. Vempala},
  booktitle =     {58th {IEEE} Annual Symposium on Foundations of
                   Computer Science, {FOCS} 2017, Berkeley, CA, USA,
                   October 15-17, 2017},
  pages =         {998--1007},
  title =         {Eldan's Stochastic Localization and the {KLS}
                   Hyperplane Conjecture: An Improved Lower Bound for
                   Expansion},
  year =          {2017},
  biburl =        {https://dblp.org/rec/bib/conf/focs/LeeV17},
  url =           {https://doi.org/10.1109/FOCS.2017.96},
}

@article{LovSim,
  author =        {L. Lov\'asz and R. Kannan and M. Simonovits},
  journal =       {Random Structures and Algorithms},
  pages =         {1--50},
  title =         {Random Walks and an $O^*(n^5)$ Volume Algorithm for
                   Convex Bodies},
  volume =        {11},
  year =          {1997},
  url =           {https://doi.org/10.1002/(SICI)1098-2418(199708)11:1<1::AID-
                  RSA1>3.0.CO;2-X},
}

@article{LovVem,
  author =        {L. Lov\'asz and S. Vempala},
  journal =       {Journal of Computer and System Sciences},
  pages =         {392--417},
  title =         {Simulated Annealing in Convex Bodies and an
                   {O}$^*(n^4)$ Volume Algorithm},
  volume =        {72},
  year =          {2006},
  url =           {https://doi.org/10.1016/j.jcss.2005.08.004},
}

@INPROCEEDINGS{Lovasz06b,
  author={Lovasz, Laszlo and Vempala, Santosh},
  booktitle={2006 47th Annual IEEE Symposium on Foundations of Computer Science (FOCS'06)}, 
  title={Fast Algorithms for Logconcave Functions: Sampling, Rounding, Integration and Optimization}, 
  year={2006},
  volume={},
  number={},
  pages={57-68},
  doi={10.1109/FOCS.2006.28}}

@manual{eigenweb,
  author =        {Ga\"{e}l Guennebaud and Beno\^{i}t Jacob and others},
  title =         {{Eigen} v3},
  year =          {2010},
  url =           {http://eigen.tuxfamily.org},
}

@misc{lpsolve,
  author =        {Berkelaar, Michel and Eikland, Kjell and
                   Notebaert, Peter},
  howpublished =  {Software},
  month =         {May 1},
  title =         {\pkg{lp\_solve} 5.5, Open Source (Mixed-Integer)
                   Linear Programming System},
  year =          {2004},
  biburl =        {https://www.bibsonomy.org/bibtex/
                  28b2a9268a9afb6265cb0d7e01c3c7271/diego},
  url =           {http://lpsolve.sourceforge.net/5.5/},
}

@misc{boostrandom,
  author =        {J. Maurer and S. Watanabe},
  howpublished =  {Software},
  title =         {Boost Random Number Library},
  year =          {2017},
  url =           {https://www.boost.org/doc/libs/1_73_0/doc/html/
                  boost_random.html},
}

@manual{rcpp,
  author =        {Dirk Eddelbuettel and Romain Francois and JJ Allaire and
                   Kevin Ushey and Qiang Kou and Nathan Russell and
                   Douglas Bates and John Chambers},
  note =          {R package version 1.0.5},
  title =         {\pkg{Rcpp}: Seamless R and C++ Integration},
  year =          {2020},
  url =           {https://CRAN.R-project.org/package=Rcpp},
}

@article{geyer11,
  author =        {Geyer, Charles},
  journal =       {Handbook of markov chain monte carlo},
  pages =         {45},
  publisher =     {Boca Raton},
  title =         {Introduction to markov chain monte carlo},
  volume =        {20116022},
  year =          {2011},
}

@manual{coda,
  author =        {Martyn Plummer and Nicky Best and Kate Cowles and
                   Karen Vines and Deepayan Sarkar and Douglas Bates and
                   Russell Almond and Arni Magnusson},
  note =          {R package version 0.19-4},
  title =         {\pkg{coda}: Output Analysis and Diagnostics for MCMC},
  year =          {2020},
  url =           {https://CRAN.R-project.org/package=coda},
}

@inproceedings{Altmann14,
  author =        {Y. {Altmann} and S. {McLaughlin} and N. {Dobigeon}},
  booktitle =     {2014 IEEE Workshop on Statistical Signal Processing
                   (SSP)},
  number =        {},
  pages =         {113-116},
  title =         {Sampling from a multivariate Gaussian distribution
                   truncated on a simplex: A review},
  volume =        {},
  year =          {2014},
  url =           {https://doi.org/10.1109/SSP.2014.6884588},
}

@techreport{ESRB17,
  author =        {M.L. Duca and A. Koban and M. Basten and E. Bengtsson and
                   B. Klaus and P. Kusmierczyk and J.H. Lang and
                   C. Detken and T. Peltonen},
  institution =   {European Central Bank},
  month =         jul,
  number =        {194},
  type =          {Occasional Paper Series},
  title =         {{A new Database for Financial Crises in European
                   Countries}},
  year =          {2017},
  url =           {https://ideas.repec.org/p/ecb/ecbops/2017194.html},
}

@phdthesis{Pouchkarev05,
  address =       {The Netherlands},
  author =        {I. Pouchkarev},
  school =        {Erasmus Research Institute of Management},
  title =         {Performance Evaluation of Constrained Portfolios},
  year =          {2005},
}

@techreport{Guegan11,
  author =        {D. Guegan and L. Cal\`es and M. Billio},
  institution =   {HAL},
  number =        {halshs-00646070},
  type =          {Universit\'e Paris 1 Panth\'eon-Sorbonne (Post-Print
                   and Working Papers)},
  title =         {{A Cross-Sectional Score for the Relative Performance
                   of an Allocation}},
  year =          {2011},
  url =           {https://ideas.repec.org/p/hal/cesptp/halshs-00646070.html},
}

@article{Banerjee11,
  author =        {Anurag Banerjee and Chi-Hsiou Hung},
  journal =       {Journal of Banking \& Finance},
  number =        {11},
  pages =         {3077--3089},
  title =         {Informed Momentum Trading Versus Uninformed "Naive"
                   Investors Strategies},
  volume =        {35},
  year =          {2011},
  issn =          {0378-4266},
  url =           {https://doi.org/10.1016/j.jbankfin.2011.04.005},
}

@techreport{Jensen67,
  address =       {Rochester, NY},
  author =        {Jensen, Michael C.},
  institution =   {Social Science Research Network},
  month =         may,
  number =        {ID 244153},
  type =          {{SSRN} {Scholarly} {Paper}},
  title =         {The {Performance} of {Mutual} {Funds} in the {Period}
                   1945-1964},
  year =          {1967},
  language =      {en},
  url =           {https://papers.ssrn.com/abstract=244153},
}

@article{Sharpe66,
  author =        {Sharpe, William F.},
  journal =       {The Journal of Business},
  number =        {1},
  pages =         {119--138},
  title =         {Mutual {Fund} {Performance}},
  volume =        {39},
  year =          {1966},
  issn =          {0021-9398},
  url =           {https://www.jstor.org/stable/2351741},
}

@incollection{Treynor15,
  author =        {Treynor, Jack L.},
  booktitle =     {Treynor on {Institutional} {Investing}},
  pages =         {69--87},
  publisher =     {John Wiley \& Sons, Ltd},
  title =         {How to {Rate} {Management} of {Investment} {Funds}},
  year =          {2015},
  isbn =          {978-1-119-19667-9},
  language =      {en},
  url =           {https://doi.org/10.1002/9781119196679.ch10},
}

@article{Varsi73,
  author =        {Varsi, Giulio},
  journal =       {Pacific Journal of Mathematics},
  number =        {1},
  pages =         {303--314},
  publisher =     {Pacific Journal of Mathematics, A Non-profit
                   Corporation},
  title =         {The Multidimensional Content of the Frustum of the
                   Simplex.},
  volume =        {46},
  year =          {1973},
  url =           {https://projecteuclid.org:443/euclid.pjm/1102946623},
}

@article{autdriv,
  author =        {M. Althoff and J. M. Dolan},
  journal =       {IEEE Transactions on Robotics},
  month =         {Aug},
  number =        {4},
  pages =         {903-918},
  title =         {Online Verification of Automated Road Vehicles Using
                   Reachability Analysis},
  volume =        {30},
  year =          {2014},
  issn =          {1552-3098},
  url =           {https://doi.org/10.1109/TRO.2014.2312453},
}

@inproceedings{robcol,
  author =        {A. Pereira and M. Althoff},
  booktitle =     {2015 IEEE International Conference on Robotics and
                   Automation (ICRA)},
  month =         {May},
  number =        {},
  pages =         {331-338},
  title =         {Safety Control of Robots Under Computed Torque
                   Control Using Reachable Sets},
  volume =        {},
  year =          {2015},
  issn =          {1050-4729},
  url =           {https://doi.org/10.1109/ICRA.2015.7139020},
}

@manual{SimplicialCubature,
  author =        {John P. Nolan and with parts adapted from Fortran and
                   matlab code by Alan Genz},
  note =          {R package version 1.2},
  title =         {\pkg{SimplicialCubature}: Integration of Functions
                   Over Simplices},
  year =          {2016},
  url =           {https://CRAN.R-project.org/package=SimplicialCubature},
}

@manual{cubature,
  author =        {Balasubramanian Narasimhan and Steven G. Johnson and
                   Thomas Hahn and Annie Bouvier and Ki\^en Ki\^eu},
  note =          {R package version 2.0.3},
  title =         {\pkg{cubature}: Adaptive Multivariate Integration
                   over Hypercubes},
  year =          {2018},
  url =           {https://CRAN.R-project.org/package=cubature},
}

@manual{cuba,
  address =       {Max Planck Institute for Physics, Munich},
  author =        {T. Hahn},
  title =         {{Cuba} - A Library for Multidimensional Numerical
                   Integration},
  year =          {2018},
  url =           {http://www.feynarts.de/cuba/},
}

@manual{Ccubature,
  address =       {Massachusetts Institute of Technology},
  author =        {S. G. Johnson},
  title =         {{Cubature} - Multi-Dimensional Adaptive Integration
                   (Cubature) in {C}},
  year =          {2018},
  url =           {https://github.com/stevengj/cubature},
}

@article{Muise16,
  author =        {Muise, C. and Beck, J. and McIlraith, S.},
  journal =       {Journal of Artificial Intelligence Research},
  month =         {09},
  pages =         {113-149},
  title =         {Optimal Partial-Order Plan Relaxation via MaxSAT},
  volume =        {57},
  year =          {2016},
  url =           {https://doi.org/10.1613/jair.5128},
}

@article{Niinim16,
  author =        {T. Niinim\"{a}ki and P. Parviainen and M. Koivisto},
  journal =       {Journal of Machine Learning Research},
  number =        {57},
  pages =         {1-47},
  title =         {Structure Discovery in Bayesian Networks by Sampling
                   Partial Orders},
  volume =        {17},
  year =          {2016},
  url =           {http://jmlr.org/papers/v17/15-140.html},
}

@article{Stanley86,
  author =        {Stanley, Richard P.},
  journal =       {Discrete \& Computational Geometry},
  month =         mar,
  number =        {1},
  pages =         {9--23},
  title =         {Two Poset Polytopes},
  volume =        {1},
  year =          {1986},
  issn =          {1432-0444},
  url =           {https://doi.org/10.1007/BF02187680},
}

@article{Brightwell91,
  author =        {Brightwell, G. and Winkler, P.},
  journal =       {Order},
  pages =         {225--242},
  title =         {Counting linear extensions},
  volume =        {8},
  year =          {1991},
  url =           {https://doi.org/10.1007/BF00383444},
}

@inproceedings{Talvitie18,
  author =        {T. Talvitie and K. Kangas and T. Niinim\"aki and
                   M. Koivisto},
  booktitle =     {AAAI Conference on Artificial Intelligence},
  title =         {Counting Linear Extensions in Practice: MCMC Versus
                   Exponential Monte Carlo},
  year =          {2018},
  url =           {https://aaai.org/ocs/index.php/AAAI/AAAI18/paper/view/
                  16957},
}

@manual{stats,
  address =       {Vienna, Austria},
  author =        {{R Core Team}},
  organization =  {R Foundation for Statistical Computing},
  title =         {R: A Language and Environment for Statistical
                   Computing},
  year =          {2020},
  url =           {https://www.R-project.org/},
}

@manual{methods,
  address =       {Vienna, Austria},
  author =        {{R Core Team}},
  organization =  {R Foundation for Statistical Computing},
  title =         {R: A Language and Environment for Statistical
                   Computing},
  year =          {2020},
  url =           {https://www.R-project.org/},
}

@manual{BH,
  author =        {Dirk Eddelbuettel and John W. Emerson and
                   Michael J. Kane},
  note =          {R package version 1.72.0-3},
  title =         {BH: Boost C++ Header Files},
  year =          {2020},
  url =           {https://CRAN.R-project.org/package=BH},
}

@article{RcppEigen,
  author =        {Douglas Bates and Dirk Eddelbuettel},
  journal =       {Journal of Statistical Software},
  number =        {5},
  pages =         {1--24},
  title =         {Fast and Elegant Numerical Linear Algebra Using the
                   {RcppEigen} Package},
  volume =        {52},
  year =          {2013},
  url =           {http://www.jstatsoft.org/v52/i05/},
}

@article{testthat,
  author =        {Hadley Wickham},
  journal =       {The R Journal},
  pages =         {5--10},
  title =         {testthat: Get Started with Testing},
  volume =        {3},
  year =          {2011},
  url =           {https://journal.r-project.org/archive/2011-1/RJournal_2011-
                  1_Wickham.pdf},
}

@book{ggplot2,
  author =        {Hadley Wickham},
  publisher =     {Springer-Verlag New York},
  title =         {ggplot2: Elegant Graphics for Data Analysis},
  year =          {2016},
  isbn =          {978-3-319-24277-4},
  url =           {https://ggplot2.tidyverse.org},
}

@book{plotly,
  author =        {Carson Sievert},
  publisher =     {Chapman and Hall/CRC},
  title =         {Interactive Web-Based Data Visualization with R,
                   plotly, and shiny},
  year =          {2020},
  isbn =          {9781138331457},
  url =           {https://plotly-r.com},
}

@manual{latex2exp,
  author =        {Stefano Meschiari},
  note =          {R package version 0.4.0},
  title =         {latex2exp: Use LaTeX Expressions in Plots},
  year =          {2015},
  url =           {https://CRAN.R-project.org/package=latex2exp},
}

@manual{rgl,
  author =        {Daniel Adler and Duncan Murdoch and others},
  note =          {R package version 0.105.13},
  title =         {rgl: 3D Visualization Using OpenGL},
  year =          {2021},
  url =           {https://CRAN.R-project.org/package=rgl},
}

@misc{volesti_blog,
  author =        {Apostolos Chalkis and Vissarion Fisikopoulos},
  title =         {Blog post on sampling, integration and volume computations in {R}},
  year =          {2021},
  url =           {https://geomscale.github.io/Sampling-integration-volume-in-R},
}

