% Encoding: UTF-8

@Book{bateswatts,
  title     = {{Nonlinear Regression Analysis and Its Applications}},
  publisher = {Wiley},
  year      = {1988},
  author    = {Douglas M. Bates and Donald G. Watts},
}

@Article{BatesWatts81,
  author  = {Douglas M. Bates and Donald G. Watts},
  title   = {{A Relative Offset Orthogonality Convergence Criterion for Nonlinear least Squares}},
  journal = {Technometrics},
  year    = {1981},
  volume  = {23},
  number  = {2},
  pages   = {179--183},
}

@Manual{NISTnls-manual,
  title  = {{NISTnls: Nonlinear least squares examples from NIST}},
  author = {Douglas M. Bates},
  year   = {2012},
  note   = {R package version 0.9-13. Original source from National Institutes for 
            Standards and Technology 
            {https://www.itl.nist.gov/div898/strd/nls/nls\_main.shtml}
            with R port by Douglas Bates},
  url    = {https://CRAN.R-project.org/package=NISTnls},
}


@Book{Gallant87,
  title     = {Nonlinear statistical models},
  publisher = {Wiley},
  year      = {1987},
  author    = {A. Ronald Gallant}
}

@article{Bioconductor,
  author = {Gentleman, Robert C. and
         Carey, Vincent J. and
         Bates, Douglas M. and
         Bolstad, Ben and
         Dettling, Marcel and
         Dudoit, Sandrine and
         Ellis, Byron and
         Gautier, Laurent and
         Ge, Yongchao and
         Gentry, Jeff and
         Hornik, Kurt and
         Hothorn, Torsten and
         Huber, Wolfgang and
         Iacus, Stefano and
         Irizarry, Rafael and
         Leisch, Friedrich and
         Li, Cheng and
         Maechler, Martin and
         Rossini, Anthony J. and
         Sawitzki, Gunther and
         Smith, Colin and
         Smyth, Gordon and
         Tierney, Luke and
         Yang, Jean YH and
         Zhang, Jianhua},
    year = {2004},
    title = {Bioconductor: open software development for computational biology and bioinformatics},
    journal = {{Genome Biology}}, 
    volume = 5,
    number = {R80},
    doi = {10.1186/gb-2004-5-10-r80}
}



@Article{Golub1973,
  author    = {G. H. Golub and V. Pereyra},
  title     = {The Differentiation of Pseudo-Inverses and Nonlinear Least Squares Problems Whose Variables Separate},
  journal   = {SIAM Journal of Numerical Analysis},
  year      = {1973},
  volume    = {10},
  number    = {2},
  pages     = {413--432},
  month     = apr,
  owner     = {john},
  timestamp = {2018.11.16},
}

@Book{GSL-manual,
  title  = {{GNU Scientific Library - Reference Manual, Third Edition, for GSL Version 1.12 (3. ed.)}},
  year   = {2009},
  author = {Galassi, Mark and Davies, Jim and Theiler, James and Gough, Brian and Jungman, Gerard},
  publisher = {Free Software Foundation},
  month  = jan,
  isbn   = {978-0-9546120-7-8},
}

@Manual{gslnls23,
  title  = {{gslnls: GSL Nonlinear Least-Squares Fitting}},
  author = {Joris Chau},
  year   = {2023},
  note   = {R package version 1.1.2},
  url    = {https://CRAN.R-project.org/package=gslnls},
}

@Article{Hartley1961,
  author  = {Hartley, H. O.},
  title   = {The Modified Gauss-Newton Method for the Fitting of Non-linear Regression Functions by Least Squares},
  journal = {Technometrics},
  year    = {1961},
  volume  = {3},
  pages   = {269--280},
}

@Book{Huet2004,
  Title                    = {Statistical tools for nonlinear regression: 
                                a practical guide with {S-PLUS} examples, 2nd Edition},
  Author                   = {S. Huet and A. Bouvier and M.-A. Poursat and E. Jolivet},
  Publisher                = {Springer-Verlag},
  Year                     = {2004},
  Address                  = {Berlin \& New York},
}


@Manual{HWdevtools21,
  title  = {{devtools: Tools to Make Developing R Packages Easier}},
  author = {Hadley Wickham and Jim Hester and Winston Chang and Jennifer Bryan},
  year   = {2021},
  note   = {R package version 2.4.3},
  url    = {https://CRAN.R-project.org/package=devtools},
}

@Article{HWtestthat11,
  author  = {Hadley Wickham},
  title   = {{testthat: Get Started with Testing}},
  journal = {The R Journal},
  year    = {2011},
  volume  = {3},
  pages   = {5--10},
  url     = {https://journal.r-project.org/archive/2011-1/RJournal\_2011-1\_Wickham.pdf}
}

@Article{jn77ima,
  author  = {Nash, John C.},
  title   = {Minimizing a nonlinear sum of squares function on a small computer},
  journal = {Journal of the Institute for Mathematics and its Applications},
  year    = {1977},
  volume  = {19},
  pages   = {231--237},
  note    = {JNfile: 77IMA J Appl Math-1977-NASH-231-7.pdf},
}


@Book{cnm79,
  title     = {Compact Numerical Methods for Computers: Linear Algebra and Function Minimisation},
  publisher = {Adam Hilger},
  year      = {1979},
  author    = {John C. Nash},
  address   = {Bristol},
  note      = {Second Edition, 1990, Bristol: Institute of Physics Publications.},
}

@Book{jnmws87,
  title     = {{Nonlinear Parameter Estimation: An Integrated System in BASIC}},
  publisher = {Marcel Dekker},
  year      = {1987},
  author    = {John C. Nash and Mary Walker-Smith},
  address   = {New York},
  isbn      = {0-8247-7819-7},
  note      = {See \url{http://www.nashinfo.com/nlpe.htm} for a downloadable version of this plus some extras.},
  language  = {English},
  pages     = {xiii + 493},
}

@Article{Levenberg1944,
  author  = {Kenneth Levenberg},
  title   = {A Method for the Solution of Certain Non-Linear Problems in Least Squares},
  journal = {Quarterly of Applied Mathematics},
  year    = {1944},
  volume  = {2},
  pages   = {164--168},
}


@Article{Marquardt1963,
  author    = {Marquardt, Donald W.},
  title     = {{An Algorithm for Least-Squares Estimation of Nonlinear Parameters}},
  journal   = {SIAM Journal on Applied Mathematics},
  year      = {1963},
  volume    = {11},
  number    = {2},
  pages     = {431--441},
  publisher = {SIAM},
}


@Manual{MiguezNLRAA2021,
    title = {{nlraa: Nonlinear Regression for Agricultural Applications}},
    author = {Fernando Miguez},
    year = {2021},
    note = {R package version 0.89},
    url = {https://CRAN.R-project.org/package=nlraa},
  }

@Manual{minpacklm12,
  title        = {{minpack.lm: R interface to the Levenberg-Marquardt nonlinear least-squares algorithm found in MINPACK, plus support for bounds}},
  author       = {Timur V. Elzhov and Katharine M. Mullen and Andrej-Nikolai Spiess and Ben Bolker},
  organization = {R Project for Statistical Computing},
  year         = {2012},
  note         = {R package version 1.1-6},
  url          = {http://CRAN.R-project.org/package=minpack.lm},
}

@Manual{m-nlsmsn,
  title  = {{nlsmsn: Fitting Nonlinear Models with Scale Mixture of Skew-Normal Distributions}},
  author = {Marcos Prates and Victor Lachos and Aldo Garay},
  year   = {2021},
  note   = {R package version 0.0-6},
  url    = {https://CRAN.R-project.org/package=nlsmsn},
}

@Manual{m-nlstac,
    title = {nlstac: An R Package for Fitting Separable Nonlinear Models},
    author = {Mariano Rodriguez-Arias and Juan Antonio Fernandez and Javier Cabello and Rafael Benitez},
    year = {2020},
    note = {R package version 0.1.0},
    url = {https://CRAN.R-project.org/package=nlstac},
}

@InProceedings{nash1996nonlinear,
  author    = {Nash, John C. and Velleman, Paul},
  title     = {Nonlinear estimation combining visual fitting with optimization methods},
  booktitle = {Proceedings of the Section on Physical and Engineering Sciences of the American Statistical Association},
  year      = {1996},
  pages     = {256--261},
  publisher = {American Statistical Association},
  note      = {Presented to the 1995 Spring Research Conference on Industrial Statistics, June 1995 in Waterloo, Ontario. JNfile: 96NashVellemanSRC95x.pdf, slides: 95SRC-nashvellemanvisualfittingslides.pdf},
}


@Article{NashWires22,
  author   = {Nash, John C.},
  title    = {{Function minimization and nonlinear least squares in R}},
  journal  = {WIREs Computational Statistics},
  year     = {2022},
  volume   = {14},
  number   = {e1580},
  doi      = {https://doi.org/10.1002/wics.1580},
  keywords = {function minimization, optimization, R},
  url      = {https://wires.onlinelibrary.wiley.com/doi/abs/10.1002/wics.1580},
}

@Manual{nls2-22,
    title = {nls2: Non-Linear Regression with Brute Force},
    author = {G. Grothendieck},
    year = {2022},
    note = {R package version 0.3-3},
    url = {https://CRAN.R-project.org/package=nls2},
}

@Manual{nlshelper-manual,
    title = {nlshelper: Convenient Functions for Non-Linear Regression},
    author = {Remko Duursma},
    year = {2017},
    note = {R package version 0.2},
    url = {https://CRAN.R-project.org/package=nlshelper},
  }

@Manual{nlsic22,
    title = {nlsic: Non Linear Least Squares with Inequality Constraints},
    author = {Serguei Sokol},
    year = {2022},
    note = {R package version 1.0.1},
    url = {https://CRAN.R-project.org/package=nlsic},
  }


@Manual{nlsMicrobio-manual,
    title = {nlsMicrobio: data sets and nonlinear regression models dedicated to predictive microbiology},
    author = {Florent Baty and Marie-Laure Delignette-Muller},
    year = {2014},
    note = {R package version 0.0-1}
}

@Manual{nlsmultstart,
  title  = {{nls.multstart: Robust Non-Linear Regression using AIC Scores}},
  author = {Daniel Padfield and Granville Matheson},
  year   = {2020},
  note   = {R package version 1.2.0},
  url    = {https://CRAN.R-project.org/package=nls.multstart},
}

@Manual{nlsr2023manual,
  title  = {{nlsr: Functions for Nonlinear Least Squares Solutions}},
  author = {Nash, John C and Murdoch, Duncan},
  month  = aug,
  year   = {2023},
  note   = {R package version 2023.8.31},
}

@Article{OlearyRust13,
  author    = {O'Leary, Dianne P. and Rust, Bert W.},
  title     = {Variable projection for nonlinear least squares problems},
  journal   = {Computational Optimization and Applications},
  year      = {2013},
  volume    = {54},
  number    = {3},
  pages     = {579--593},
  issn      = {0926-6003},
  publisher = {Springer US},
}

@Manual{p-bbmle,
  title                    = {bbmle: Tools for general maximum likelihood estimation},
  author                   = {Ben Bolker and R Development Core Team},
  note                     = {R package version 1.0.13},
  year                     = {2013},
  url                      = {http://CRAN.R-project.org/package=bbmle}
}


@Article{PkgFromRbase22,
    title = {Making a package from base {R} files},
    author = {John C. Nash and Arkajyoti Bhattacharjee},
    journal = {R-bloggers},
    year = {2022},
    month = jan,
    day = {19},
    url = {https://www.r-bloggers.com/2022/01/making-a-package-from-base-r-files/},
  }


@Article{p-lme4,
    title = {Fitting Linear Mixed-Effects Models Using {lme4}},
    author = {Douglas Bates and Martin M{\"a}chler and Ben Bolker and Steve Walker},
    journal = {Journal of Statistical Software},
    year = {2015},
    volume = {67},
    number = {1},
    pages = {1--48},
    doi = {10.18637/jss.v067.i01}
  }

@Manual{p-nlme,
  Title                    = {nlme: Linear and Nonlinear Mixed Effects Models},
  Author                   = {Jose Pinheiro and Douglas Bates and Saikat DebRoy and Deepayan Sarkar and {R Core Team}},
  Note                     = {R package version 3.1-111},
  Year                     = {2013}
}

@Manual{p-nlstools,
  Title                    = {nlstools: tools for nonlinear regression diagnostics},
  Author                   = {Florent Baty and Marie-Laure Delignette-Muller},
  Note                     = {R package version 0.0-15},
  Year                     = {2013}
}

@Manual{p-optimx,
  title        = {\emph{optimx}: A Replacement and Extension of the {optim()} function},
  author       = {John C Nash and Ravi Varadhan},
  organization = {Nash Information Services Inc. and Johns Hopkins University},
  year         = {2011},
  note         = {R package version 2011-3.5},
}

@Book{Ratkowsky1983,
  title     = {Nonlinear Regression Modeling: A Unified Practical Approach},
  publisher = {Marcel Dekker Inc.},
  year      = {1983},
  author    = {David A. Ratkowsky},
  address   = {New York and Basel},
}


@Manual{R-crsnls-manual,
    title = {{crsnls: Nonlinear Regression Parameters Estimation by 'CRS4HC' and
            'CRS4HCe'}},
    author = {Josef Tvrdík},
    year = {2016},
    note = {R package version 0.2},
    url = {https://CRAN.R-project.org/package=crsnls},
}


@Manual{R-onls-manual,
    author = {{Spiess, Andrej-Nikolai }},
    title = {onls: Orthogonal Nonlinear Least-Squares Regression},
    year = {2022},
    note = {R package version 0.1-2},
    url = {https://CRAN.R-project.org/package=onls},
}


@Book{Ross90,
  Title                    = {Nonlinear estimation.},
  Author                   = {Ross, Gavin J.S.},
  Publisher                = {New York etc.: Springer-Verlag},
  Year                     = {1990},

  ISBN                     = {3-540-97278-1},
  Pages                    = {viii, 189 p.}
}


@Book{Seber89Wild,
  Title                    = {{Nonlinear regression}},
  Author                   = {Seber, G. A. F. and Wild, C. J.},
  Publisher                = {Wiley},
  Year                     = {1989},
  Address                  = {New York}
}

@TechReport{Torvisco2018,
  author      = {Juan Antonio Fernandez Torvisco and Mariano Rodriguez-Arias and Javier Cabello Sanchez},
  title       = {A New Algorithm to Fit Exponential Decays without Initial Guess},
  institution = {{Faculty of Sciences and Mathematics, University of Nis, Serbia}},
  year        = {2018},
  doi         = {10.2298/fil1812233t},
}


@article{tvrdik2007,
   title = {Adaptive population-based search: Application to estimation of nonlinear regression parameters},
   author = {{Josef Tvrdík and Ivan Křivý and Ladislav Mišík}},
   journal = {{Computational Statistics \& Data Analysis}},
   volume  = 52,
   number = 2,
   month = oct,
   year = 2007,
   pages = {713--724},
   url = {https://doi.org/10.1016/j.csda.2006.10.014}
}


