
@Article{tidy-data,
  author = {Hadley Wickham},
  issue = {10},
  journal = {The Journal of Statistical Software},
  selected = {TRUE},
  title = {Tidy Data},
  url = {http://www.jstatsoft.org/v59/i10/},
  volume = {59},
  year = {2014},
}

@Manual{genomes,
  title = {Genomes: Genome Sequencing Project Metadata},
  author = {Chris Stubben},
  year = {2015},
  note = {R package version 3.4.0},
}

@Manual{MeSHSim,
  title = {MeSHSim: MeSH(Medical Subject Headings) Semantic Similarity Measures},
  author = {Jing Zhou and Yuxuan Shui},
  year = {2015},
  note = {R package version 1.6.0},
}

@Article{RMassBank,
  title = {Automatic Recalibration and Processing of Tandem Mass Spectra Using Formula Annotation},
  author = {Michael A Stravs and Emma L Schymanski and Heinz P Singer and Juliane Hollender},
  journal = {Journal of Mass Spectrometry},
  volume = {48},
  number = {1},
  pages = {89--99},
  year = {2013},
  publisher = {John Wiley \& Sons},
}

@Manual{reutils,
  title = {Reutils: Talk to the NCBI EUtils},
  author = {Gerhard Sch\"{o}fl},
  year = {2016},
  note = {R package version 0.2.3},
  url = {https://CRAN.R-project.org/package=reutils},
}

@Manual{miner,
  author = {Jyoti Rani and {S.Ramachandran} and Ab. Rauf Shah},
  title = {An R Package for Text Mining of PubMed Abstracts.},
  year = {2014},
  note = {R package version 1.0.5},
}

@Article{APE,
  title = {A{PE}: Analyses of Phylogenetics and Evolution in {R} Language},
  author = {E. Paradis and J. Claude and K. Strimmer},
  journal = {Bioinformatics},
  year = {2004},
  volume = {20},
  pages = {289-290},
}

@Manual{RISmed,
  title = {{RISmed}: Download Content from {NCBI} Databases},
  author = {Stephanie Kovalchik},
  year = {2017},
  note = {R package version 2.1.7},
  url = {https://CRAN.R-project.org/package=RISmed},
}

@Manual{genbankr,
  title = {Genbankr: Parsing GenBank Files into Semantically Useful Objects},
  author = {Gabriel Becker and Michael Lawrence},
  year = {2017},
  note = {R package version 1.2.1},
}

@Article{rotl,
  title = {{rotl}: An {R} Package to Interact with the Open Tree of Life Data},
  author = {Francois Michonneau and Joseph W. Brown and David J. Winter},
  journal = {Methods in Ecology and Evolution},
  year = {2016},
  volume = {7},
  number = {12},
  pages = {1476-1481},
  url = {https://doi.org/10.1111/2041-210x.12593},
}

@Manual{fulltext,
  title = {Fulltext: Full Text of 'Scholarly' Articles Across Many Data Sources},
  author = {Scott Chamberlain},
  year = {2016},
  note = {R package version 0.1.8},
  url = {https://CRAN.R-project.org/package=fulltext},
}

@Manual{treemap,
  title = {Treemap: Treemap Visualization},
  author = {Martijn Tennekes},
  year = {2017},
  note = {R package version 2.4-2},
  url = {https://CRAN.R-project.org/package=treemap},
}

@Book{sayers_EUtils,
  title = {Building Customized Data Pipelines Using the Entrez Programming Utilities (eUtils)},
  author = {Eric Sayers and David Wheeler},
  year = {2004},
  publisher = {NCBI},
}
