@article{bock1972estimating,
  title={Estimating item parameters and latent ability when responses are scored in two or more nominal categories},
  author={Bock, R Darrell},
  journal={Psychometrika},
  volume={37},
  number={1},
  pages={29--51},
  year={1972},
  publisher={Springer},
  url={https://doi.org/10.1007/BF02291411}

}

@article{bock1982adaptive,
  title={Adaptive EAP estimation of ability in a microcomputer environment},
  author={Bock, R Darrell and Mislevy, Robert J},
  journal={Applied psychological measurement},
  volume={6},
  number={4},
  pages={431--444},
  year={1982},
  publisher={Sage Publications Sage CA: Thousand Oaks, CA},
  url={https://doi.org/10.1177/014662168200600405}
}

@article{cha2007comprehensive,
  title={Comprehensive Survey on Distance/Similarity Measures between Probability Density Functions},
  author={Cha, Sung-Hyuk},
  journal={International Journal of Mathematical models and Methods in Applied Sciences},
  volume={1},
  number={4},
  pages={300--307},
  year={2007},
  publisher={World Scientific Publishing}
}

@Article{chalmers2016generating,
  title = {Generating Adaptive and Non-Adaptive Test Interfaces for
  Multidimensional Item Response Theory Applications},
  author = {R. Philip Chalmers},
  journal = {Journal of Statistical Software},
  year = {2016},
  volume = {71},
  number = {5},
  pages = {1--39},
  url={https://doi.org/10.18637/jss.v071.i05},
}

@article{chang1996global,
  title={A global information approach to computerized adaptive testing},
  author={Chang, Hua-Hua and Ying, Zhiliang},
  journal={Applied Psychological Measurement},
  volume={20},
  number={3},
  pages={213--229},
  year={1996},
  publisher={Sage Publications Sage CA: Thousand Oaks, CA},
  url={https://doi.org/10.1177/014662169602000303}
}

@article{delgado2019computerized,
  title={Computerized adaptive test and decision trees: A unifying approach},
  author={Delgado-G{\'o}mez, David and Laria, Juan C and Ruiz-Hern{\'a}ndez, Diego},
  journal={Expert Systems with Applications},
  volume={117},
  pages={358--366},
  year={2019},
  publisher={Elsevier},
  url={https://doi.org/10.1016/j.eswa.2018.09.052}
}

@article{fox2019integrating,
  title={Integrating PROMIS{\textregistered} computerized adaptive tests into a web-based intervention for prostate cancer.},
  author={Fox, Rina S and Moreno, Patricia I and Yanez, Betina and Estabrook, Ryne and Thomas, Jessica and Bouchard, Laura C and McGinty, Heather L and Mohr, David C and Begale, Mark J and Flury, Sarah C and others},
  journal={Health Psychology},
  volume={38},
  number={5},
  pages={403-409},
  year={2019},
  publisher={American Psychological Association},
  url={http://dx.doi.org/10.1037/hea0000672}
}

@article{georgiadou2007review,
  title={A review of item exposure control strategies for computerized adaptive testing developed from 1983 to 2005},
  author={Georgiadou, Elissavet G and Triantafillou, Evangelos and Economides, Anastasios A},
  journal={The Journal of Technology, Learning and Assessment},
  volume={5},
  number={8},
  year={2007}
}

@article{he2017development,
  title={Development and validation of a computer adaptive EFL test},
  author={He, Lianzhen and Min, Shangchao},
  journal={Language Assessment Quarterly},
  volume={14},
  number={2},
  pages={160--176},
  year={2017},
  publisher={Taylor \& Francis},
  url={https://doi.org/10.1080/15434303.2016.1162793}
}

@article{lawley1943xxiii,
  title={On problems connected with item selection and test construction},
  author={Lawley, Derek N},
  journal={Proceedings of the Royal Society of Edinburgh Section A: Mathematics},
  volume={61},
  number={3},
  pages={273--287},
  year={1943},
  publisher={Royal Society of Edinburgh Scotland Foundation},
  url={https://doi.org/10.1017/S0080454100006282}
}

@article{li2020look,
  title={Look-ahead content balancing method in variable-length computerized classification testing},
  author={Li, Xiao and Zhang, Jinming and Chang, Hua-hua},
  journal={British Journal of Mathematical and Statistical Psychology},
  volume={73},
  number={1},
  pages={88--108},
  year={2020},
  publisher={Wiley Online Library}
}

@book{lord2012applications,
  title={Applications of item response theory to practical testing problems},
  author={Lord, Frederic M},
  year={2012},
  publisher={Routledge}
}

@article{ma2017new,
  title={A new technique to measure online bullying: online computerized adaptive testing},
  author={Ma, Shu-Ching and Wang, Hsiu-Hung and Chien, Tsair-Wei},
  journal={Annals of general psychiatry},
  volume={16},
  number={1},
  pages={26},
  year={2017},
  publisher={BioMed Central},
  url={https://doi.org/10.1186/s12991-017-0149-z}
}

@article{magis2015note,
  title={A note on the equivalence between observed and expected information functions with polytomous IRT models},
  author={Magis, David},
  journal={Journal of Educational and Behavioral Statistics},
  volume={40},
  number={1},
  pages={96--105},
  year={2015},
  publisher={SAGE Publications Sage CA: Los Angeles, CA},
  url={https://doi.org/10.3102/1076998614558122}
}

@article{magis2017computerized,
  title={Computerized adaptive testing with R: Recent updates of the package catR},
  author={Magis, David and Barrada, Juan Ramon},
  journal={Journal of Statistical Software},
  volume={76},
  number={1},
  pages={1--19},
  year={2017},
  publisher={University of California at Los Angeles},
  url={https://doi.org/10.18637/jss.v076.c01}
}

@article{magis2012random,
  title={Random generation of response patterns under computerized adaptive testing with the R package catR},
  author={Magis, David and Ra{\^\i}che, Gilles and others},
  journal={Journal of Statistical Software},
  volume={48},
  number={8},
  pages={1--31},
  year={2012},
  publisher={Foundation for Open Access Statistics}
}

@article{michel2018computerized,
  title={Computerized adaptive testing with decision regression trees: an alternative to item response theory for quality of life measurement in multiple sclerosis},
  author={Michel, Pierre and Baumstarck, Karine and Loundou, Anderson and Ghattas, Badih and Auquier, Pascal and Boyer, Laurent},
  journal={Patient preference and adherence},
  volume={12},
  pages={1043--1053},
  year={2018},
  publisher={Dove Press},
  url={https://doi.org/10.2147/PPA.S162206}
}

@article{mizumoto2019developing,
  title={Developing and evaluating a computerized adaptive testing version of the Word Part Levels Test},
  author={Mizumoto, Atsushi and Sasao, Yosuke and Webb, Stuart A},
  journal={Language Testing},
  volume={36},
  number={1},
  pages={101--123},
  year={2019},
  publisher={SAGE Publications Sage UK: London, England},
  url={https://doi.org/10.1177/0265532217725776}
}

@Manual{Nydick2014,
  title={catIrt: An R Package for Simulating IRT-Based Computerized Adaptive Tests},
  author={Nydick, SW},
  year={2014},
  note={R package version 0.5-0},
  url={https://CRAN.R-project.org/package=catIrt.}
}

@article{richardson1936relation,
  title={The relation between the difficulty and the differential validity of a test},
  author={Richardson, Marion Webster},
  journal={Psychometrika},
  volume={1},
  number={2},
  pages={33--49},
  year={1936},
  publisher={Springer},
  url={https://doi.org/10.1007/BF02288003}
}

@article{rodriguez2020merged,
  title={Merged Tree-CAT: A fast method for building precise computerized adaptive tests based on decision trees},
  author={Rodr{\'\i}guez-Cuadrado, Javier and Delgado-G{\'o}mez, David and Laria, Juan C and Rodr{\'\i}guez-Cuadrado, Sara},
  journal={Expert Systems with Applications},
  volume={143},
  pages={113066},
  year={2020},
  publisher={Elsevier}
}

@article{samejima1969estimation,
  title={Estimation of latent ability using a response pattern of graded scores.},
  author={Samejima, Fumiko},
  journal={Psychometrika monograph supplement},
  volume={34},
  number={4, Pt. 2},
  year={1969}
}

@article{tucker1946maximum,
  title={Maximum validity of a test with equivalent items},
  author={Tucker, Ledyard R},
  journal={Psychometrika},
  volume={11},
  number={1},
  pages={1--13},
  year={1946},
  publisher={Springer},
  url={https://doi.org/10.1007/BF02288894}
}

@inproceedings{ueno2010computerized,
  title={Computerized adaptive testing based on decision tree},
  author={Ueno, Maomi and Songmuang, Pokpong},
  booktitle={2010 10th IEEE International Conference on Advanced Learning Technologies},
  pages={191--193},
  year={2010},
  organization={IEEE}
}

@inproceedings{ueno2013adaptive,
  title={Adaptive testing based on bayesian decision theory},
  author={Ueno, Maomi},
  booktitle={International Conference on Artificial Intelligence in Education},
  pages={712--716},
  year={2013},
  organization={Springer}
}

@incollection{van2009item,
  title={Item selection and ability estimation in adaptive testing},
  author={Van der Linden, Wim J and Pashley, Peter J},
  booktitle={Elements of adaptive testing},
  pages={3--30},
  year={2009},
  publisher={Springer},
  url={https://doi.org/10.1007/978-0-387-85461-8_1}
}

@article{veerkamp1997some,
  title={Some new item selection criteria for adaptive testing},
  author={Veerkamp, Wim JJ and Berger, Martijn PF},
  journal={Journal of Educational and Behavioral Statistics},
  volume={22},
  number={2},
  pages={203--226},
  year={1997},
  publisher={Sage Publications Sage CA: Los Angeles, CA},
  url={https://doi.org/10.3102/10769986022002203}
}

@article{weiss1982improving,
  title={Improving measurement quality and efficiency with adaptive testing},
  author={Weiss, David J},
  journal={Applied psychological measurement},
  volume={6},
  number={4},
  pages={473--492},
  year={1982},
  publisher={Sage Publications Sage CA: Thousand Oaks, CA},
  url={https://doi.org/10.1177/014662168200600408}
}

@article{weiss2004computerized,
  title={Computerized adaptive testing for effective and efficient measurement in counseling and education},
  author={Weiss, David J},
  journal={Measurement and Evaluation in Counseling and Development},
  volume={37},
  number={2},
  pages={70--84},
  year={2004},
  publisher={Taylor \& Francis},
  url={https://doi.org/10.1080/07481756.2004.11909751}
}

@article{weiss1984application,
  title={Application of computerized adaptive testing to educational problems},
  author={Weiss, David J and Kingsbury, G Gage},
  journal={Journal of Educational Measurement},
  volume={21},
  number={4},
  pages={361--375},
  year={1984},
  publisher={Wiley Online Library},
  url={https://doi.org/10.1111/j.1745-3984.1984.tb01040.x}
}

@article{wu2017computerized,
  title={Computerized Dynamic Adaptive Tests with Immediately Individualized Feedback for Primary School Mathematics Learning.},
  author={Wu, Huey-Min and Kuo, Bor-Chen and Wang, Su-Chen},
  journal={Educational Technology \& Society},
  volume={20},
  number={1},
  pages={61--72},
  year={2017},
  publisher={JSTOR},
  url={https://www.jstor.org/stable/jeductechsoci.20.1.61}
}

@article{yan2004adaptive,
  title={Adaptive testing with regression trees in the presence of multidimensionality},
  author={Yan, Duanli and Lewis, Charles and Stocking, Martha},
  journal={Journal of Educational and Behavioral Statistics},
  volume={29},
  number={3},
  pages={293--316},
  year={2004},
  publisher={Sage Publications Sage CA: Los Angeles, CA}
}

@article{zhou2014optimal,
  title={Optimal item pool design for computerized adaptive tests with polytomous items using GPCM},
  author={Zhou, Xuechun and Reckase, Mark D},
  journal={Psychological Test and Assessment Modeling},
  volume={56},
  number={3},
  pages={255},
  year={2014},
  publisher={Citeseer}
}

@article{zhuokang2012computational,
  title={Computational intelligence and intelligent systems},
  author={ZhuoKang, ZhihuaCai HengjianTong and Liu, Yong},
  year={2012},
  publisher={Springer}
}