@Manual{R,
  title = {R: A {L}anguage and {E}nvironment for {S}tatistical {C}omputing},
  author = {{R Core Team}},
  organization = {R Foundation for Statistical Computing},
  address = {Vienna, Austria},
  year = {2020},
  url = {https://www.R-project.org/},
}

@Book{Fisher1935,
author = {R.A. Fisher},
 title = {The Design of Experiments},
 year = {1935},
  edition = {1st},
  publisher = {Hafner Publishing Company},
}

@Article{Friedman1940,
 author = {M. Friedman},
 title = {A Comparison of Alternative Tests of Significance for the Problem of $m$ Rankings},
 journal = {The Annals of Mathematical Statistics}, 
 volume = {11},
 pages = {86--92}, 
 year = {1940},
 url = {https://doi.org/10.1214/aoms/1177731944},
}

@Article{Kendall1938,
 author = {M.G. Kendall},
 title = {A New Measure of Rank Correlation},
 journal = {Biometrika}, 
 volume = {30},
 pages = {81--93}, 
 year = {1938},
 url = {https://doi.org/10.2307/2332226},
}

@Article{Kendall1939,
 author = {M.G. Kendall and B. Babington Smith},
 title = {The problem of $m$ ranking},
 journal = {The Annals of Mathematical Statistics}, 
 volume = {10},
 pages = {275--287}, 
 year = {1939},
 url = {https://doi.org/10.1214/aoms/1177732186},
}

@Article{Kruskal1958,
 author = {W. H. Kruskal},
 title = {Ordinal Measures of Association},
 journal = {Journal of the American Statistical Association}, 
 volume = {53},
 pages = {814--861}, 
 year = {1958},
 url = {https://doi.org/10.1080/01621459.1958.10501481},
}

@Article{Kruskal1952,
 author = {W. H. Kruskal and W.A. Wallis},
 title = {Use of Ranks in One-Criterion Variance Analysis},
 journal = {Journal of the American Statistical Association}, 
 volume = {47},
 pages = {583--618}, 
 year = {1952},
 url = {https://doi.org/10.1080/01621459.1952.10483441},
}

@Article{Wilcoxon1947,
 author = {H.B. Mann and D.R. Whitney},
 title = {On a Test of Whether One or Two Random Variables is Stochastically Larger Than the Other},
 journal = {Annals of Mathematical Statistics},
 volume = {18},
 pages = {50--60}, 
 year = {1947},
 url = {https://doi.org/10.1214/aoms/1177730491},
}

@Article{Pitman1937,
 author = {E.J.G. Pitman},
 title = {Significance Tests Which May be Applied to Samples From any Populations},
 journal = {Supplement to the Journal of the Royal Statistical Society}, 
 volume = {4},
 pages = {119--130}, 
 year = {1937},
 url = {https://doi.org/10.2307/2984124},
}

@Article{Wilcoxon1945,
 author = {F. Wilcoxon},
 title = {Individual Comparisons by Ranking Method},
 journal = {Biometrics}, 
 volume = {1},
 pages = {80-83}, 
 year = {1945},
 url = {https://doi.org/10.2307/3001968},
}

@Article{Alhakim2008,
 author = {A. Alhakim and W. Hooper},
 title = {A Non-Parametric Test for Several Independent Samples},
 journal = {Journal of Nonparametric Statistics}, 
 volume = {20},
 pages = {253--261}, 
 year = {2008},
 url = {https://doi.org/10.1080/10485250801976741},
}

@Article{Terpstra2003,
 author = {J.T. Terpstra and R.C. Magel},
 title = {A New Nonparametric Test For the Ordered Alternative Problem},
 journal = {Nonparametric Statistics}, 
 volume = {15},
 pages = {289--301}, 
 year = {2003},
 url = {https://doi.org/10.1080/1048525031000078349},
}

@Article{Spearman1904,
 author = {C.E. Spearman},
 title = {The Proof and Measurement of Association Between Two Things},
 journal = {American Journal of Psychology}, 
 volume = {15},
 pages = {72-101}, 
 year = {1904},
 url = {https://doi.org/10.2307/1412159},
}

@Article{Aparicio2020,
  author = {J. Aparicio and M. Landete and J. F. Monge},
  title = {A Linear Ordering Problem of Sets},
  year = {2020},
  journal = {Annals of Operations Research},
  volume = {288},
  number = {1},
  pages = {45--64},
	url = {https://doi.org/10.1007/s10479-019-03473-y},
}

@Manual{ConcordanceTest2022,
  title = {ConcordanceTest: An Alternative to the {K}ruskal-{W}allis Based on the {K}endall Tau Distance},
  author = {J. Alcaraz and L. Anton-Sanchez and J. F. Monge},
  year = {2022},
  note = {R package version 1.0.2},
  url = {https://CRAN.R-project.org/package=ConcordanceTest},
}

@Manual{KendallPackage2011,
  title = {Kendall: {K}endall Rank Correlation and {M}ann-{K}endall Trend Test},
  author = {A.I. McLeod},
  year = {2011},
   note = {R package version 2.2},
  url = {https://CRAN.R-project.org/package=Kendall},
}

@Manual{pspearmanPackage2014,
  title = {pspearman: {S}pearman's Rank Correlation Test},
  author = {P. Savicky},
  year = {2014},
  note = {R package version 0.3-0},
  url = {https://CRAN.R-project.org/package=pspearman},
}

@Article{Spurrier2003,
  author = {J. D. Spurrier},
  title = {On the Null Distribution of the {K}ruskal-{W}allis Statistic},
  journal = {Nonparametric Statistics},
  volume = {15},
  pages = {695--691},
	year = {2003},
	url = {https://doi.org/10.1080/10485250310001634719},
}

@Book{Marti2011,
  author = {R. Mart\'i and G. Reinelt},
  title = {The Linear Ordering Problem: Exact and Heuristic Methods in Combinational Optimization},
  year = {2011},
  edition = {1st},
  publisher = {Springer},
	url = {https://doi.org/10.1007/978-3-642-16729-4},
}

@Book{arrow1951,
 author = {Kenneth J. Arrow},
 publisher = {Wiley},
 address = {New York},
 title = {Social Choice and Individual Values},
 year = {1951}
}

@Article{Kemeny1959,
  author = {J. Kemeny},
  title = {Mathematics Without Numbers},
  journal = {Daedalus},
  volume = {88},
  pages = {577--591},
	year = {1959},
}

@Article{zahid2015,
  author = {M.A. Zahid and H. Swart},
  title = {The Borda Majority Count},
  journal = {Information Sciences},
  volume = {295},
  pages = {429--440},
	year = {2015},
	url = {https://doi.org/10.1016/j.ins.2014.10.044},
}

@Article{Box1980,
  author = {J. F. Box},
  title = {R. {A}. {F}isher and the Design of Experiments, 1922-1926},
  journal = {The American Statistician},
  volume = {34},
  pages = {1--7},
	year = {1980},
	url = {https://doi.org/10.2307/2682986},
}

@Article{Stern1990,
  author = {H. Stern},
  title = {Models for Distributions on Permutations},
  journal = {Journal of the American Statistical Association},
  volume = {85},
  pages = {558--564},
	year = {1990},
	url = {https://doi.org/10.1080/01621459.1990.10476235},
}

@Article{Welch1990,
  author = {W. J. Welch},
  title = {Construction of Permutation Tests},
  journal = {Journal of the American Statistical Association},
  volume = {85},
  pages = {693--698},
	year = {1990},
	url = {https://doi.org/10.1080/01621459.1990.10474929},
}

@Book{Meyer2015,
  author = {J. Patrick Meyer and Michael A. Seaman},
  title = {Kruskal-Wallis Exact Probability Tables},
  year = {2015},
  url = {https://web.archive.org/web/20181017173535/http://faculty.virginia.edu/kruskal-wallis/},
}

@Article{Irurozki2016,
 author = {E. Irurozki and B. Calvo and J.A. Lozano},
 title = {PerMallows: An {R} {P}ackage for {M}allows and {G}eneralized {M}allows {M}odels},
 journal = {Journal of Statistical Software}, 
 volume = {71},
 number = {12},
 pages = {1--30}, 
 year = {2016},
 url = {https://doi.org/10.18637/jss.v071.i12},
}

@Article{Qian2019,
 author = {Zhaozhi Qian and Philip Yu},
 title = {Weighted Distance-Based Models for Ranking Data Using the {R} Package rankdist},
 journal = {Journal of Statistical Software}, 
 volume = {90},
 number = {5},
 pages = {1--31}, 
 year = {2019},
 url = {https://doi.org/10.18637/jss.v090.i05},
}

@Article{Sorensen2020,
  author       = {Oystein Sorensen and Marta Crispino and Qinghua Liu and
          Valeria Vitelli}, 
  title        = {Bayes{M}allows: An {R} {P}ackage for the {B}ayesian {M}allows {M}odel}, 
  journal      = {The R Journal},
  year         = 2020,
  volume       = 12,
  number       = 1,
  pages        = {324--342},
  month        = jun,
  url          = {https://doi.org/10.32614/RJ-2020-026}
}

@book{Hollander1973,
  title={Nonparametric Statistical Methods},
  author={Hollander, M. and Wolfe, D.A.},
  series={Wiley series in probability and mathematical statistics},
  year={1973},
  address = {New York},
  publisher={John Wiley \& Sons},
  url          = {https://doi.org/10.1002/bimj.19750170808}
}



