@inproceedings{shpitser2007,
  author = {Shpitser, Ilya and Pearl, Judea},
  title = {What Counterfactuals Can Be Tested},
  year = {2007},
  publisher = {AUAI Press},
  booktitle = {Proceedings of the 23rd Conference on Uncertainty in Artificial Intelligence},
  pages = {352--359}
}

@article{shpitser2008,
  author = {Shpitser, Ilya and Pearl, Judea},
  title = {Complete Identification Methods for the Causal Hierarchy},
  year = {2008},
  volume = {9},
  number = {64},
  journal = {Journal of Machine Learning Research},
  pages = {1941--1979}
}

@article{pearl1995,
  author = {Pearl, Judea},
  title = {Causal Diagrams for Empirical Research},
  year = {1995},
  journal = {Biometrika},
  pages = {669--710},
  url = {https://doi.org/10.1093/biomet/82.4.669}
}

@article{holland1986,
  author = {Holland, Paul W.},
  title = {Statistics and Causal Inference},
  year = {1986},
  journal = {Journal of the American Statistical Association},
  volume = {81},
  number = {396},
  pages = {945--960},
  url = {https://doi.org/10.1080/01621459.1986.10478354}
}

@book{pearl2009,
  author = {Pearl, Judea},
  title = {Causality: Models, Reasoning and Inference},
  year = {2009},
  edition = {2nd},
  publisher = {Cambridge University Press}
}

@inproceedings{halpern1998,
  author = {Halpern, Joseph Y.},
  title = {Axiomatizing Causal Reasoning},
  year = {1998},
  booktitle = {Proceedings of the 14th Conference on Uncertainty in Artificial Intelligence},
  pages = {202--210}
}

@article{tikka2017,
  title = {Identifying Causal Effects with the {R} Package {causaleffect}},
  volume = {76},
  url = {https://doi.org/10.18637/jss.v076.i12},
  number = {12},
  journal = {Journal of Statistical Software},
  author = {Tikka, Santtu and Karvanen, Juha},
  year = {2017},
  pages = {1--30}
}

@inproceedings{shpitser2006id,
  author = {Shpitser, Ilya and Pearl, Judea},
  title = {Identification of Joint Interventional Distributions in Recursive Semi-{M}arkovian Causal Models},
  year = {2006},
  publisher = {AAAI Press},
  booktitle = {Proceedings of the 21st National Conference on Artificial Intelligence - Volume 2},
  pages = {1219--1226}
}

@inproceedings{shpitser2006idc,
  author = {Shpitser, Ilya and Pearl, Judea},
  title = {Identification of Conditional Interventional Distributions},
  year = {2006},
  publisher = {AUAI Press},
  booktitle = {Proceedings of the 22nd Conference on Uncertainty in Artificial Intelligence},
  pages = {437--444}
}

@article{dosearch,
  title = {Causal Effect Identification from Multiple Incomplete Data Sources: A General Search-Based Approach},
  author = {Santtu Tikka and Antti Hyttinen and Juha Karvanen},
  journal = {Journal of Statistical Software},
  year = {2021},
  volume = {99},
  number = {5},
  pages = {1--40},
  url = {https://doi.org/10.18637/jss.v099.i05},
}

@misc{swigs,
  title = {Single World Intervention Graphs ({SWIG}s): A Unification of the Counterfactual and Graphical Approaches to Causality},
  author = {Thomas S. Richardson},
  note = {Working Paper Number 128, Center for Statistics and the Social Sciences, University of Washington},
  year = {2013}
}

@inproceedings{nabi2020fulllaw,
  author = {Nabi, Razieh and Bhattacharya, Rohit and Shpitser, Ilya},
  title = {Full Law Identification in Graphical Models of Missing Data: Completeness Results},
  year = {2020},
  booktitle = {Proceedings of the 37th International Conference on Machine Learning},
  volume = {119},
  pages = {7153--7163},
  url = {https://doi.org/10.5555/3524938.3525601}
}

@misc{lee2020arbitrary,
  url = {https://arxiv.org/abs/2004.01157},
  author = {Lee, Jaron J. R. and Shpitser, Ilya},
  title = {Identification Methods With Arbitrary Interventional Distributions as Inputs},
  publisher = {arXiv},
  year = {2020}
}

@misc{bhattacharya2020,
  url = {https://arxiv.org/abs/2003.12659},
  author = {Bhattacharya, Rohit and Nabi, Razieh and Shpitser, Ilya},
  title = {Semiparametric Inference For Causal Effects In Graphical Models With Hidden Variables},
  publisher = {arXiv},
  year = {2020}
}

@Manual{counterfactualpackage,
  title = {{Counterfactual}: Estimation and Inference Methods for Counterfactual Analysis},
  author = {Mingli Chen and Victor Chernozhukov and Ivan Fernandez-Val and Blaise Melly},
  year = {2020},
  note = {{R}~package version~1.2},
  url = {https://CRAN.R-project.org/package=Counterfactual},
}

@Manual{whatifpackage,
  title = {{WhatIf}: Software for Evaluating Counterfactuals},
  author = {Heather Stoll and Gary King and Langche Zeng and Christopher Gandrud and Ben Sabath},
  year = {2020},
  note = {{R}~package version~1.5-10},
  url = {https://CRAN.R-project.org/package=WhatIf},
}

@inproceedings{avin2005pathspecific,
  author = {Avin, Chen and Shpitser, Ilya and Pearl, Judea},
  year = {2005},
  month = {01},
  pages = {357--363},
  title = {Identifiability of Path-Specific Effects},
  volume = {19},
  booktitle = {Proceedings of International Joint Conference on Artificial Intelligence}
}

@Manual{Rlanguage,
  title = {{R}: A Language and Environment for Statistical Computing},
  author = {{R Core Team}},
  organization = {{R} Foundation for Statistical Computing},
  year = {2022},
  url = {https://www.R-project.org/}
}

@article{dagitty,
  author = {Textor, Johannes and van der Zander, Benito and Gilthorpe, Mark S and Li\'{s}kiewicz, Maciej and Ellison, George TH},
  title = {Robust Causal Inference Using Directed Acyclic Graphs: The {R} package {dagitty}},
  journal = {International Journal of Epidemiology},
  volume = {45},
  number = {6},
  pages = {1887--1894},
  year = {2017},
  url = {https://doi.org/10.1093/ije/dyw341}
}

@misc{dowhy,
  author = {Sharma, Amit and Kiciman, Emre and others},
  title = {{DoWhy}: A {Python} Package for Causal Inference},
  url = {https://github.com/microsoft/dowhy},
  year = {2019}
}

@book{python,
 author = {Van Rossum, Guido and Drake, Fred L.},
 title = {{Python} 3 Reference Manual},
 year = {2009},
 publisher = {CreateSpace}
}

@inproceedings{bareinboim2012zid,
  author = {Bareinboim, Elias and Pearl, Judea},
  title = {Causal Inference by Surrogate Experiments: $z$-Identifiability},
  year = {2012},
  booktitle = {Proceedings of the 28th Conference on Uncertainty in Artificial Intelligence},
  pages = {113--120},
}

@article{tikka2019surrogate,
  author = {Tikka, Santtu and Karvanen, Juha},
  title = {Surrogate Outcomes and Transportability},
  journal = {International Journal of Approximate Reasoning},
  volume = {108},
  pages = {21--37},
  year = {2019}
}

@inproceedings{lee2019surrogate,
  author = {Lee, Sanghack and Correa, Juan D and Bareinboim, Elias}, 
  title = {General Identifiability with Arbitrary Surrogate Experiments},
  booktitle = {Proceedings of the 35th Conference on Uncertainty in Artificial Intelligence},
  volume = {115},
  pages = {389--398},
  year = {2019},
  publisher = {PMLR}
}

@inproceedings{huang2006complete,
  author = {Huang, Yimin and Valtorta, Marco},
  title = {Pearl's Calculus of Intervention is Complete},
  year = {2006},
  publisher = {AUAI Press},
  booktitle = {Proceedings of the 22nd Conference on Uncertainty in Artificial Intelligence},
  pages = {217--224}
}


@InProceedings{kivva2022,
  title = {Revisiting the General Identifiability Problem},
  author = {Kivva, Yaroslav and Mokhtarian, Ehsan and Etesami, Jalal and Kiyavash, Negar},
  booktitle = {Proceedings of the 38th Conference on Uncertainty in Artificial Intelligence},
  pages = {1022--1030},
  year = {2022},
  volume = {180},
  publisher = {PMLR}
}

@InProceedings{verma1990,
  title = {Equivalence and Synthesis of Causal Models},
  author = {Verma, T. S. and Pearl, J.},
  booktitle = {Proceedings of the 6th Conference on Uncertainty in Artificial Intelligence},
  pages = {255--270},
  year = {1990}
}

@InProceedings{balke1994a,
  title = {Counterfactual Probabilities: Computational Methods, Bounds and Applications},
  author = {Alexander Balke and Judea Pearl},
  booktitle = {Proceedings of the 10th Conference on Uncertainty in Artificial Intelligence},
  pages = {46--54}, 
  year = {1994}
}

@InProceedings{balke1994b,
  title = {Probabilistic Evaluation of Counterfactual Queries},
  author = {Alexander Balke and Judea Pearl},
  booktitle = {Proceedings of the 12th AAAI National Conference on Artificial Intelligence},
  pages = {230--237},
  year = {1994}
}

@inproceedings{tian2002general,
  author = {Tian, Jin and Pearl, Judea},
  title = {A General Identification Condition for Causal Effects},
  year = {2002},
  booktitle = {Proceedings of the 19th AAAI National Conference on Artificial Intelligence},
  pages = {567--573},
  numpages = {7}
}

@Manual{r6causal,
    title = {{R6causal}: R6 Class for Structural Causal Models},
    author = {Juha Karvanen},
    year = {2022},
    note = {{R}~package version~0.6.1},
  }

  @Article{igraph,
    title = {The {igraph} Software Package for Complex Network Research},
    author = {Gabor Csardi and Tamas Nepusz},
    journal = {InterJournal},
    volume = {Complex Systems},
    pages = {1695},
    year = {2006},
    url = {https://igraph.org},
  }

@inproceedings{ZhangBareinboim2018, 
  title = {Fairness in Decision-Making --- The Causal Explanation Formula}, 
  pages = {2037--2045},
  booktitle = {Proceedings of the 32nd AAAI Conference on Artificial Intelligence}, 
  author = {Zhang, Junzhe and Bareinboim, Elias}, 
  year = {2018}
}

@inproceedings{KusnerCounterfactual,
 author = {Kusner, Matt J and Loftus, Joshua and Russell, Chris and Silva, Ricardo},
 booktitle = {Proceedings of the 31st International Conference on Neural Information Processing Systems},
 pages = {4069--4079},
 title = {Counterfactual Fairness},
 year = {2017}
}

