% Encoding: UTF-8

@Article{Heckman2000,
  author    = {Heckman, Nancy E and Zamar, Ruben H},
  title     = {Comparing the shapes of regression functions},
  journal   = {Biometrika},
  year      = {2000},
  volume    = {87},
  number    = {1},
  pages     = {135--144},
  publisher = {Oxford University Press},
}

@Article{Ray2006,
  author    = {Ray, Shubhankar and Mallick, Bani},
  title     = {Functional clustering by Bayesian wavelet methods},
  journal   = {Journal of the Royal Statistical Society: Series B (Statistical Methodology)},
  year      = {2006},
  volume    = {68},
  number    = {2},
  pages     = {305--332},
  publisher = {Wiley Online Library},
}

@Article{Chiou2007,
  author    = {Chiou, Jeng-Min and Li, Pai-Ling},
  title     = {Functional clustering and identifying substructures of longitudinal data},
  journal   = {Journal of the Royal Statistical Society: Series B (Statistical Methodology)},
  year      = {2007},
  volume    = {69},
  number    = {4},
  pages     = {679--699},
  publisher = {Wiley Online Library},
}

@Article{Elliott2005,
  author    = {Elliott, Michael R and Gallo, Joseph J and Ten Have, Thomas R and Bogner, Hillary R and Katz, Ira R},
  title     = {Using a Bayesian latent growth curve model to identify trajectories of positive affect and negative events following myocardial infarction},
  journal   = {Biostatistics},
  year      = {2005},
  volume    = {6},
  number    = {1},
  pages     = {119--143},
  publisher = {Oxford University Press},
  doi       = {10.1093/biostatistics/kxh022}
}

@Article{Jacques2014,
  author    = {Jacques, Julien and Preda, Cristian},
  title     = {Model-based clustering for multivariate functional data},
  journal   = {Computational Statistics \& Data Analysis},
  year      = {2014},
  volume    = {71},
  pages     = {92--106},
  publisher = {Elsevier},
}

@Article{James2003,
  author    = {James, Gareth M and Sugar, Catherine A},
  title     = {Clustering for sparsely sampled functional data},
  journal   = {Journal of the American Statistical Association},
  year      = {2003},
  volume    = {98},
  number    = {462},
  pages     = {397--408},
  publisher = {Taylor \& Francis},
}

@Article{Yao2005,
  author    = {Yao, Fang and M{\"u}ller, Hans-Georg and Wang, Jane-Ling},
  title     = {Functional data analysis for sparse longitudinal data},
  journal   = {Journal of the American Statistical Association},
  year      = {2005},
  volume    = {100},
  number    = {470},
  pages     = {577--590},
  publisher = {Taylor \& Francis},
}

@Article{Dong2017,
  author    = {Dong, Jianghu J and Wang, Liangliang and Gill, Jagbir and Cao, Jiguo},
  title     = {Functional principal component analysis of glomerular filtration rate curves after kidney transplant},
  journal   = {Statistical Methods in Medical Research},
  year      = {2017},
  pages     = {0962280217712088},
  publisher = {SAGE Publications Sage UK: London, England},
}

@Book{McLachlan2004,
  title     = {Finite mixture models},
  publisher = {John Wiley \& Sons},
  year      = {2004},
  author    = {McLachlan, Geoffrey and Peel, David},
}

@Article{Nagin1999,
  author    = {Nagin, Daniel S},
  title     = {Analyzing developmental trajectories: a semiparametric, group-based approach.},
  journal   = {Psychological Methods},
  year      = {1999},
  volume    = {4},
  number    = {2},
  pages     = {139},
  publisher = {US: American Psychological Association},
}

@Article{Muthen1999,
  author    = {Muth{\'e}n, Bengt and Shedden, Kerby},
  title     = {Finite mixture modeling with mixture outcomes using the EM algorithm},
  journal   = {Biometrics},
  year      = {1999},
  volume    = {55},
  number    = {2},
  pages     = {463--469},
  publisher = {Wiley Online Library},
}

@Article{Pauler2000,
  author    = {Pauler, Donna K and Laird, Nan M},
  title     = {A mixture model for longitudinal data with application to assessment of noncompliance},
  journal   = {Biometrics},
  year      = {2000},
  volume    = {56},
  number    = {2},
  pages     = {464--472},
  publisher = {Wiley Online Library},
}

@Article{Dunson2008,
  author    = {Dunson, David B and Herring, Amy H and Siega-Riz, Anna Maria},
  title     = {Bayesian inference on changes in response densities over predictor clusters},
  journal   = {Journal of the American Statistical Association},
  year      = {2008},
  volume    = {103},
  number    = {484},
  pages     = {1508--1517},
  publisher = {Taylor \& Francis},
}

@Article{DelaCruz-Mesia2008,
  author    = {De la Cruz-Mes{\'\i}a, Rolando and Quintana, Fernando A and Marshall, Guillermo},
  title     = {Model-based clustering for longitudinal data},
  journal   = {Computational Statistics \& Data Analysis},
  year      = {2008},
  volume    = {52},
  number    = {3},
  pages     = {1441--1457},
  publisher = {Elsevier},
}

@Article{Slaughter2009,
  author    = {Slaughter, James C and Herring, Amy H and Thorp, John M},
  title     = {A Bayesian latent variable mixture model for longitudinal fetal growth},
  journal   = {Biometrics},
  year      = {2009},
  volume    = {65},
  number    = {4},
  pages     = {1233--1242},
  publisher = {Wiley Online Library},
}

@Article{Leiby2009,
  author    = {Leiby, Benjamin E and Sammel, Mary D and Ten Have, Thomas R and Lynch, Kevin G},
  journal   = {Journal of the Royal Statistical Society: Series C (Applied Statistics)},
  title     = {Identification of multivariate responders and non-responders by using {B}ayesian growth curve latent class models},
  year      = {2009},
  number    = {4},
  pages     = {505--524},
  volume    = {58},
  publisher = {Wiley Online Library},
  URL       = {https://doi.org/10.1111/j.1467-9876.2009.00663.x}
}

@Article{Neelon2011,
  author    = {Neelon, Brian and Swamy, Geeta K and Burgette, Lane F and Miranda, Marie Lynn},
  journal   = {Statistics in Medicine},
  title     = {A {B}ayesian growth mixture model to examine maternal hypertension and birth outcomes},
  year      = {2011},
  number    = {22},
  pages     = {2721--2735},
  volume    = {30},
  publisher = {Wiley Online Library},
  url       = {https://doi.org/10.1002/sim.4291}
}

@Article{Fruehwirth-Schnatter2010,
  author    = {Fr{\"u}hwirth-Schnatter, Sylvia and Pyne, Saumyadipta},
  title     = {Bayesian inference for finite mixtures of univariate and multivariate skew-normal and skew-t distributions},
  journal   = {Biostatistics},
  year      = {2010},
  volume    = {11},
  number    = {2},
  pages     = {317--336},
  publisher = {Oxford University Press},
  URL       = {https://doi.org/10.1093/biostatistics/kxp062}
}

@Article{Lu2014,
  author    = {Lu, Xiaosun and Huang, Yangxin},
  title     = {Bayesian analysis of nonlinear mixed-effects mixture models for longitudinal data with heterogeneity and skewness},
  journal   = {Statistics in Medicine},
  year      = {2014},
  volume    = {33},
  number    = {16},
  pages     = {2830--2849},
  publisher = {Wiley Online Library},
}

@Book{DeBoor1978,
  title     = {A practical guide to splines},
  publisher = {Springer-Verlag New York},
  year      = {1978},
  author    = {De Boor, Carl and De Boor, Carl and Math{\'e}maticien, Etats-Unis and De Boor, Carl and De Boor, Carl},
  volume    = {27},
}

@Article{Beath2007,
  author    = {Beath, Ken J},
  title     = {Infant growth modelling using a shape invariant model with random effects},
  journal   = {Statistics in Medicine},
  year      = {2007},
  volume    = {26},
  number    = {12},
  pages     = {2547--2564},
  publisher = {Wiley Online Library},
}

@Article{Cole2010,
  author    = {Cole, Tim J and Donaldson, Malcolm DC and Ben-Shlomo, Yoav},
  title     = {SITAR—a useful instrument for growth curve analysis},
  journal   = {International Journal of Epidemiology},
  year      = {2010},
  volume    = {39},
  number    = {6},
  pages     = {1558--1566},
  publisher = {Oxford University Press},
}

@Article{Spiegelhalter2002,
  author    = {Spiegelhalter, David J and Best, Nicola G and Carlin, Bradley P and Van Der Linde, Angelika},
  title     = {Bayesian measures of model complexity and fit},
  journal   = {Journal of the Royal Statistical Society: Series B (Statistical Methodology)},
  year      = {2002},
  volume    = {64},
  number    = {4},
  pages     = {583--639},
  publisher = {Wiley Online Library},
  url       = {https://doi.org/10.1111/1467-9868.00353}
}

@Article{Celeux2006,
  author    = {Celeux, Gilles and Forbes, Florence and Robert, Christian P and Titterington, D Michael and others},
  title     = {Deviance information criteria for missing data models},
  journal   = {Bayesian Analysis},
  year      = {2006},
  volume    = {1},
  number    = {4},
  pages     = {651--673},
  publisher = {International Society for Bayesian Analysis},
  doi       = {10.1214/06-BA122}
}

@Article{Gelman1992,
  author    = {Gelman, Andrew and Rubin, Donald B},
  title     = {Inference from iterative simulation using multiple sequences},
  journal   = {Statistical Science},
  year      = {1992},
  pages     = {457--472},
  publisher = {JSTOR},
}

@Article{Wang2014,
  author    = {Wang, Wan-Lun and Lin, Tsung-I},
  title     = {Multivariate t nonlinear mixed-effects models for multi-outcome longitudinal data with missing values},
  journal   = {Statistics in Medicine},
  year      = {2014},
  volume    = {33},
  number    = {17},
  pages     = {3029--3046},
  publisher = {Wiley Online Library},
}

@Article{Wang2013,
  author    = {Wang, Wan-Lun},
  title     = {Multivariate t linear mixed models for irregularly observed multiple repeated measures with missing outcomes},
  journal   = {Biometrical Journal},
  year      = {2013},
  volume    = {55},
  number    = {4},
  pages     = {554--571},
  publisher = {Wiley Online Library},
}

@Article{McGeachie2016,
  author    = {McGeachie, Michael J and Yates, Katherine P and Zhou, Xiaobo and Guo, Feng and Sternberg, Alice L and Van Natta, Mark L and Wise, Robert A and Szefler, Stanley J and Sharma, Sunita and Kho, Alvin T and others},
  title     = {Patterns of growth and decline in lung function in persistent childhood asthma},
  journal   = {New England Journal of Medicine},
  year      = {2016},
  volume    = {374},
  number    = {19},
  pages     = {1842--1852},
  publisher = {Mass Medical Soc},
}

@Article{Diebolt1994,
  author    = {Diebolt, Jean and Robert, Christian P},
  title     = {Estimation of finite mixture distributions through Bayesian sampling},
  journal   = {Journal of the Royal Statistical Society. Series B (methodological)},
  year      = {1994},
  pages     = {363--375},
  publisher = {JSTOR},
}

@Article{Jasra2005,
  author    = {Jasra, Ajay and Holmes, Chris C and Stephens, David A},
  title     = {Markov chain Monte Carlo methods and the label switching problem in Bayesian mixture modeling},
  journal   = {Statistical Science},
  year      = {2005},
  pages     = {50--67},
  publisher = {JSTOR},
}

@Article{Fruehwirth-Schnatter2001,
  author    = {Fr{\"u}hwirth-Schnatter, Sylvia},
  title     = {Markov chain Monte Carlo estimation of classical and dynamic switching and mixture models},
  journal   = {Journal of the American Statistical Association},
  year      = {2001},
  volume    = {96},
  number    = {453},
  pages     = {194--209},
  publisher = {Taylor \& Francis},
}

@Article{Stephens2000,
  author    = {Stephens, Matthew},
  title     = {Dealing with label switching in mixture models},
  journal   = {Journal of the Royal Statistical Society: Series B (Statistical Methodology)},
  year      = {2000},
  volume    = {62},
  number    = {4},
  pages     = {795--809},
  publisher = {Wiley Online Library},
  url       = {https://doi.org/10.1111/1467-9868.00265}
}

@InProceedings{Celeux1998,
  author       = {Celeux, Gilles},
  title        = {Bayesian inference for mixture: The label switching problem},
  booktitle    = {Compstat},
  year         = {1998},
  pages        = {227--232},
  organization = {Springer},
}

@Article{Celeux2000,
  author    = {Celeux, Gilles and Hurn, Merrilee and Robert, Christian P},
  title     = {Computational and inferential difficulties with mixture posterior distributions},
  journal   = {Journal of the American Statistical Association},
  year      = {2000},
  volume    = {95},
  number    = {451},
  pages     = {957--970},
  publisher = {Taylor \& Francis Group},
}

@Article{Hurn2003,
  author    = {Hurn, Merrilee and Justel, Ana and Robert, Christian P},
  title     = {Estimating mixtures of regressions},
  journal   = {Journal of Computational and Graphical Statistics},
  year      = {2003},
  volume    = {12},
  number    = {1},
  pages     = {55--79},
  publisher = {Taylor \& Francis},
}

@Article{Fraley1998,
  author    = {Fraley, Chris and Raftery, Adrian E},
  title     = {How many clusters? Which clustering method? Answers via model-based cluster analysis},
  journal   = {The Computer Journal},
  year      = {1998},
  volume    = {41},
  number    = {8},
  pages     = {578--588},
  publisher = {OUP},
}

@Article{Fraley2002,
  author    = {Fraley, Chris and Raftery, Adrian E},
  title     = {Model-based clustering, discriminant analysis, and density estimation},
  journal   = {Journal of the American Statistical Association},
  year      = {2002},
  volume    = {97},
  number    = {458},
  pages     = {611--631},
  publisher = {Taylor \& Francis},
}

@Article{Johnson2014,
  author    = {Johnson, Laura and van Jaarsveld, Cornelia HM and Llewellyn, Clare H and Cole, Tim J and Wardle, Jane},
  title     = {Associations between infant feeding and the size, tempo and velocity of infant weight gain: SITAR analysis of the Gemini twin birth cohort},
  journal   = {International Journal of Obesity},
  year      = {2014},
  volume    = {38},
  number    = {7},
  publisher = {Nature Publishing Group},
}

@Article{Heard2006,
  author    = {Heard, Nicholas A and Holmes, Christopher C and Stephens, David A},
  title     = {A quantitative study of gene regulation involved in the immune response of anopheline mosquitoes: An application of Bayesian hierarchical clustering of curves},
  journal   = {Journal of the American Statistical Association},
  year      = {2006},
  volume    = {101},
  number    = {473},
  pages     = {18--29},
  publisher = {Taylor \& Francis},
}

@Book{Geweke1991,
  title     = {Evaluating the accuracy of sampling-based approaches to the calculation of posterior moments},
  publisher = {Federal Reserve Bank of Minneapolis, Research Department Minneapolis, MN, USA},
  year      = {1991},
  author    = {Geweke, John},
  volume    = {196},

}

@Article{Hubert1985,
  author    = {Hubert, Lawrence and Arabie, Phipps},
  title     = {Comparing partitions},
  journal   = {Journal of Classification},
  year      = {1985},
  volume    = {2},
  number    = {1},
  pages     = {193--218},
  publisher = {Springer},
}

@Article{Yao2010,
  author    = {Yao, Fang and Fu, Yuejiao and Lee, Thomas CM},
  title     = {Functional mixture regression},
  journal   = {Biostatistics},
  year      = {2010},
  volume    = {12},
  number    = {2},
  pages     = {341--353},
  publisher = {Oxford University Press},
}

@Article{Green1995,
  author    = {Green, Peter J},
  title     = {Reversible jump Markov chain Monte Carlo computation and Bayesian model determination},
  journal   = {Biometrika},
  year      = {1995},
  volume    = {82},
  number    = {4},
  pages     = {711--732},
  publisher = {Oxford University Press},
}

@Article{Rand1971,
  author    = {Rand, William M},
  title     = {Objective criteria for the evaluation of clustering methods},
  journal   = {Journal of the American Statistical Association},
  year      = {1971},
  volume    = {66},
  number    = {336},
  pages     = {846--850},
  publisher = {Taylor \& Francis Group},
}

@Article{Lawton1972,
  author    = {Lawton, WH and Sylvestre, EA and Maggio, MS},
  title     = {Self modeling nonlinear regression},
  journal   = {Technometrics},
  year      = {1972},
  volume    = {14},
  number    = {3},
  pages     = {513--532},
  publisher = {Taylor \& Francis},
}

@Article{Andrinopoulou2018,
  author  = {Andrinopoulou, Eleni-Rosalina and Nasserinejad, Kazem and Szczesniak, Rhonda and Rizopoulos, Dimitris},
  title   = {Integrating Latent Classes in the Bayesian Shared Parameter Joint Model of Longitudinal and Survival Outcomes},
  journal   = {Arxiv Preprint Arxiv:1802.10015},
  year    = {2018},
}

@Article{Kass1995,
  author    = {Kass, Robert E and Raftery, Adrian E},
  title     = {Bayes factors},
  journal   = {Journal of the American Statistical Association},
  year      = {1995},
  volume    = {90},
  number    = {430},
  pages     = {773--795},
  publisher = {Taylor \& Francis},
}

@Article{Richardson1997,
  author    = {Richardson, Sylvia and Green, Peter J},
  title     = {On Bayesian analysis of mixtures with an unknown number of components (with discussion)},
  journal   = {Journal of the Royal Statistical Society: Series B (Statistical Methodology)},
  year      = {1997},
  volume    = {59},
  number    = {4},
  pages     = {731--792},
  publisher = {Wiley Online Library},
}

@Article{Escobar1995,
  author    = {Escobar, Michael D and West, Mike},
  title     = {Bayesian density estimation and inference using mixtures},
  journal   = {Journal of the American Statistical Association},
  year      = {1995},
  volume    = {90},
  number    = {430},
  pages     = {577--588},
  publisher = {Taylor \& Francis},
}

@Article{Rousseau2011,
  author    = {Rousseau, Judith and Mengersen, Kerrie},
  title     = {Asymptotic behaviour of the posterior distribution in overfitted mixture models},
  journal   = {Journal of the Royal Statistical Society: Series B (Statistical Methodology)},
  year      = {2011},
  volume    = {73},
  number    = {5},
  pages     = {689--710},
  publisher = {Wiley Online Library},
}

@Article{Fraley1998a,
  author    = {Fraley, Chris and Raftery, Adrian E},
  title     = {How many clusters? Which clustering method? Answers via model-based cluster analysis},
  journal   = {The Computer Journal},
  year      = {1998},
  volume    = {41},
  number    = {8},
  pages     = {578--588},
  publisher = {Oxford University Press},
}

@Article{Park2008,
  author    = {Park, Trevor and Casella, George},
  title     = {The Bayesian lasso},
  journal   = {Journal of the American Statistical Association},
  year      = {2008},
  volume    = {103},
  number    = {482},
  pages     = {681--686},
  publisher = {Taylor \& Francis},
}

@Article{Nasserinejad2017,
  author    = {Nasserinejad, Kazem and van Rosmalen, Joost and de Kort, Wim and Lesaffre, Emmanuel},
  journal   = {Plos One},
  title     = {Comparison of criteria for choosing the number of classes in {B}ayesian finite mixture models},
  year      = {2017},
  number    = {1},
  pages     = {e0168838},
  volume    = {12},
  publisher = {Public Library of Science},
  url       = {https://doi.org/10.1371/journal.pone.0168838}
}

@Article{Hwang2018,
  author    = {Hwang, Beom Seuk and Chen, Zhen and Louis, Germaine M Buck and Albert, Paul S},
  title     = {A Bayesian multi-dimensional couple-based latent risk model with an application to infertility},
  journal   = {Biometrics},
  year      = {2018},
  publisher = {Wiley Online Library},
}

@Article{Fahrmeir2010,
  author    = {Fahrmeir, Ludwig and Kneib, Thomas and Konrath, Susanne},
  title     = {Bayesian regularisation in structured additive regression: a unifying perspective on shrinkage, smoothing and predictor selection},
  journal   = {Statistics and Computing},
  year      = {2010},
  volume    = {20},
  number    = {2},
  pages     = {203--219},
  publisher = {Springer},
}

@Article{Berry2016,
  author    = {Berry, Cristine E and Billheimer, Dean and Jenkins, Isaac C and Lu, Zhenqiang J and Stern, Debra A and Gerald, Lynn B and Carr, Tara F and Guerra, Stefano and Morgan, Wayne J and Wright, Anne L and others},
  title     = {A distinct low lung function trajectory from childhood to the fourth decade of life},
  journal   = {American Journal of Respiratory and Critical Care Medicine},
  year      = {2016},
  volume    = {194},
  number    = {5},
  pages     = {607--612},
  publisher = {American Thoracic Society},
}

@Article{Subbarao2015,
  author    = {Subbarao, Padmaja and Anand, Sonia S and Becker, Allan B and Befus, A Dean and Brauer, Michael and Brook, Jeffrey R and Denburg, Judah A and HayGlass, Kent T and Kobor, Michael S and Kollmann, Tobias R and others},
  title     = {The Canadian Healthy Infant Longitudinal Development (CHILD) Study: examining developmental origins of allergy and asthma},
  journal   = {Thorax},
  year      = {2015},
  volume    = {70},
  number    = {10},
  pages     = {998--1000},
  publisher = {BMJ Publishing Group Ltd},
}

@Article{Kim2016,
  author    = {Kim, Minjung and Vermunt, Jeroen and Bakk, Zsuzsa and Jaki, Thomas and Van Horn, M Lee},
  title     = {Modeling predictors of latent classes in regression mixture models},
  journal   = {Structural Equation Modeling: A Multidisciplinary Journal},
  year      = {2016},
  volume    = {23},
  number    = {4},
  pages     = {601--614},
  publisher = {Taylor \& Francis},
}

@Article{Asparouhov2014,
  author    = {Asparouhov, Tihomir and Muth{\'e}n, Bengt},
  title     = {Auxiliary variables in mixture modeling: Three-step approaches using M plus},
  journal   = {Structural Equation Modeling: A Multidisciplinary Journal},
  year      = {2014},
  volume    = {21},
  number    = {3},
  pages     = {329--341},
  publisher = {Taylor \& Francis},
}

@Article{Bakk2013,
  author    = {Bakk, Zsuzsa and Tekle, Fetene B and Vermunt, Jeroen K},
  title     = {Estimating the association between latent class membership and external variables using bias-adjusted three-step approaches},
  journal   = {Sociological Methodology},
  year      = {2013},
  volume    = {43},
  number    = {1},
  pages     = {272--311},
  publisher = {Sage Publications Sage CA: Los Angeles, CA},
}

@Article{Henderson2008,
  author    = {Henderson, John and Granell, Raquel and Heron, Jon and Sherriff, Andrea and Simpson, Angela and Woodcock, Ashley A and Strachan, David P and Shaheen, Seif O and Sterne, Jonathan AC},
  title     = {Associations of wheezing phenotypes in the first six years of life with atopy, lung function and airway responsiveness in mid childhood.},
  journal   = {Thorax},
  year      = {2008},
  publisher = {BMJ Publishing Group Ltd},
}

@Article{Rzehak2013,
  author    = {Rzehak, Peter and Wijga, Alet H and Keil, Thomas and Eller, Esben and Bindslev-Jensen, Carsten and Smit, Henriette A and Weyler, Joost and Dom, Sandra and Sunyer, Jordi and Mendez, Michelle and others},
  title     = {Body mass index trajectory classes and incident asthma in childhood: results from 8 European Birth Cohorts—a Global Allergy and Asthma European Network initiative},
  journal   = {Journal of Allergy and Clinical Immunology},
  year      = {2013},
  volume    = {131},
  number    = {6},
  pages     = {1528--1536},
  publisher = {Elsevier},
}

@Article{Stull2011,
  author    = {Stull, Donald E and Wiklund, Ingela and Gale, Rupert and Capkun-Niggli, Gorana and Houghton, Katherine and Jones, Paul},
  title     = {Application of latent growth and growth mixture modeling to identify and characterize differential responders to treatment for COPD},
  journal   = {Contemporary Clinical Trials},
  year      = {2011},
  volume    = {32},
  number    = {6},
  pages     = {818--828},
  publisher = {Elsevier},
}

@Article{Vermunt2010,
  author    = {Vermunt, Jeroen K},
  title     = {Latent class modeling with covariates: Two improved three-step approaches},
  journal   = {Political Analysis},
  year      = {2010},
  volume    = {18},
  number    = {4},
  pages     = {450--469},
  publisher = {Cambridge University Press},
}

@Article{Siegmund2006,
  author    = {Siegmund, Kimberly D and Levine, A Joan and Chang, Jing and Laird, Peter W},
  title     = {Modeling exposures for DNA methylation profiles},
  journal   = {Cancer Epidemiology and Prevention Biomarkers},
  year      = {2006},
  volume    = {15},
  number    = {3},
  pages     = {567--572},
  publisher = {AACR},
}

@Article{Tibshirani1996,
  author    = {Tibshirani, Robert},
  title     = {Regression shrinkage and selection via the lasso},
  journal   = {Journal of the Royal Statistical Society. Series B (methodological)},
  year      = {1996},
  pages     = {267--288},
  publisher = {JSTOR},
}

@Article{Bhadra2017,
  author  = {Bhadra, Anindya and Datta, Jyotishka and Polson, Nicholas G and Willard, Brandon T},
  title   = {Lasso Meets Horseshoe},
  journal   = {Arxiv Preprint Arxiv:1706.10179},
  year    = {2017},
}

@Article{George1993,
  author    = {George, Edward I and McCulloch, Robert E},
  title     = {Variable selection via Gibbs sampling},
  journal   = {Journal of the American Statistical Association},
  year      = {1993},
  volume    = {88},
  number    = {423},
  pages     = {881--889},
  publisher = {Taylor \& Francis},
}

@Article{Lipsitz1996,
  author    = {Lipsitz, Stuart R and Ibrahim, Joseph G},
  title     = {A conditional model for incomplete covariates in parametric regression models},
  journal   = {Biometrika},
  year      = {1996},
  volume    = {83},
  number    = {4},
  pages     = {916--922},
  publisher = {Oxford University Press},
}

@Article{Ibrahim1999,
  author    = {Ibrahim, Joseph G and Lipsitz, Stuart R and Chen, M-H},
  title     = {Missing covariates in generalized linear models when the missing data mechanism is non-ignorable},
  journal   = {Journal of the Royal Statistical Society: Series B (Statistical Methodology)},
  year      = {1999},
  volume    = {61},
  number    = {1},
  pages     = {173--190},
  publisher = {Wiley Online Library},
}

@Article{Ibrahim2002,
  author    = {Ibrahim, Joseph G and Chen, Ming-Hui and Lipsitz, Stuart R},
  title     = {Bayesian methods for generalized linear models with covariates missing at random},
  journal   = {Canadian Journal of Statistics},
  year      = {2002},
  volume    = {30},
  number    = {1},
  pages     = {55--78},
  publisher = {Wiley Online Library},
}

@Article{Gelman1996,
  author    = {Gelman, Andrew and Meng, Xiao-Li and Stern, Hal},
  title     = {Posterior predictive assessment of model fitness via realized discrepancies},
  journal   = {Statistica Sinica},
  year      = {1996},
  pages     = {733--760},
  publisher = {JSTOR},
  URL       = {https://www.jstor.org/stable/24306036}
}

@Article{Bhattacharya2015,
  author    = {Bhattacharya, Anirban and Pati, Debdeep and Pillai, Natesh S and Dunson, David B},
  title     = {Dirichlet--Laplace priors for optimal shrinkage},
  journal   = {Journal of the American Statistical Association},
  year      = {2015},
  volume    = {110},
  number    = {512},
  pages     = {1479--1490},
  publisher = {Taylor \& Francis},
}

@Article{Lykou2013,
  author    = {Lykou, Anastasia and Ntzoufras, Ioannis},
  title     = {On Bayesian lasso variable selection and the specification of the shrinkage parameter},
  journal   = {Statistics and Computing},
  year      = {2013},
  volume    = {23},
  number    = {3},
  pages     = {361--390},
  publisher = {Springer},
}

@Article{Kuo1998,
  author    = {Kuo, Lynn and Mallick, Bani},
  title     = {Variable selection for regression models},
  journal   = {Sankhy{\=a}: The Indian Journal of Statistics, Series B},
  year      = {1998},
  pages     = {65--81},
  publisher = {JSTOR},
}

@Article{Carlin1995,
  author    = {Carlin, Bradley P and Chib, Siddhartha},
  title     = {Bayesian model choice via Markov chain Monte Carlo methods},
  journal   = {Journal of the Royal Statistical Society. Series B (methodological)},
  year      = {1995},
  pages     = {473--484},
  publisher = {JSTOR},
}

@Article{Dellaportas2000,
  author    = {Dellaportas, Petros and Forster, Jonathan J and Ntzoufras, Ioannis},
  title     = {Bayesian variable selection using the Gibbs sampler},
  journal   = {Biostatistics-basel-},
  year      = {2000},
  volume    = {5},
  pages     = {273--286},
  publisher = {MARCEL DEKKER INC},
}

@Article{Polson2013,
  author    = {Polson, Nicholas G and Scott, James G and Windle, Jesse},
  title     = {Bayesian inference for logistic models using P{\'o}lya--Gamma latent variables},
  journal   = {Journal of the American Statistical Association},
  year      = {2013},
  volume    = {108},
  number    = {504},
  pages     = {1339--1349},
  publisher = {Taylor \& Francis},
}

@Article{Jiang1999,
  author    = {Jiang, Wenxin and Tanner, Martin A},
  title     = {Hierarchical mixtures-of-experts for exponential family regression models: approximation and maximum likelihood estimation},
  journal   = {Annals of Statistics},
  year      = {1999},
  pages     = {987--1011},
  publisher = {JSTOR},
}

@Article{Jordan1994,
  author    = {Jordan, Michael I and Jacobs, Robert A},
  title     = {Hierarchical mixtures of experts and the EM algorithm},
  journal   = {Neural Computation},
  year      = {1994},
  volume    = {6},
  number    = {2},
  pages     = {181--214},
  publisher = {MIT Press},
}

@Article{Albert1993,
  author    = {Albert, James H and Chib, Siddhartha},
  title     = {Bayesian analysis of binary and polychotomous response data},
  journal   = {Journal of the American Statistical Association},
  year      = {1993},
  volume    = {88},
  number    = {422},
  pages     = {669--679},
  publisher = {Taylor \& Francis Group},
}

@Article{Makalic2016,
  author    = {Makalic, Enes and Schmidt, Daniel F},
  title     = {A simple sampler for the horseshoe estimator},
  journal   = {Ieee Signal Processing Letters},
  year      = {2016},
  volume    = {23},
  number    = {1},
  pages     = {179--182},
  publisher = {IEEE},
}

@Article{Carvalho2010,
  author    = {Carvalho, Carlos M and Polson, Nicholas G and Scott, James G},
  title     = {The horseshoe estimator for sparse signals},
  journal   = {Biometrika},
  year      = {2010},
  volume    = {97},
  number    = {2},
  pages     = {465--480},
  publisher = {Oxford University Press},
}

@Article{Ishwaran2005,
  author    = {Ishwaran, Hemant and Rao, J Sunil and others},
  title     = {Spike and slab variable selection: frequentist and Bayesian strategies},
  journal   = {The Annals of Statistics},
  year      = {2005},
  volume    = {33},
  number    = {2},
  pages     = {730--773},
  publisher = {Institute of Mathematical Statistics},
}

@Article{Agusti2019,
  author    = {Agusti, Alvar and Faner, Rosa},
  title     = {Lung function trajectories in health and disease},
  journal   = {The Lancet Respiratory Medicine},
  year      = {2019},
  publisher = {Elsevier},
}

@Article{Cole2018,
  author    = {Cole, Tim J and Mori, Hiroshi},
  title     = {Fifty years of child height and weight in Japan and South Korea: Contrasting secular trend patterns analyzed by SITAR},
  journal   = {American Journal of Human Biology},
  year      = {2018},
  volume    = {30},
  number    = {1},
  pages     = {e23054},
  publisher = {Wiley Online Library},
}

@Article{Ghosh2011,
  author    = {Ghosh, Joyee and Herring, Amy H and Siega-Riz, Anna Maria},
  title     = {Bayesian variable selection for latent class models},
  journal   = {Biometrics},
  year      = {2011},
  volume    = {67},
  number    = {3},
  pages     = {917--925},
  publisher = {Wiley Online Library},
}

@Article{Yeung2001,
  author    = {Yeung, Ka Yee and Fraley, Chris and Murua, Alejandro and Raftery, Adrian E. and Ruzzo, Walter L.},
  title     = {Model-based clustering and data transformations for gene expression data},
  journal   = {Bioinformatics},
  year      = {2001},
  volume    = {17},
  number    = {10},
  pages     = {977--987},
  publisher = {Oxford University Press},
}

@Article{Zhang2001,
  author    = {Zhang, Yongyue and Brady, Michael and Smith, Stephen},
  title     = {Segmentation of brain MR images through a hidden Markov random field model and the expectation-maximization algorithm},
  journal   = {Ieee Transactions On Medical Imaging},
  year      = {2001},
  volume    = {20},
  number    = {1},
  pages     = {45--57},
  publisher = {IEEE},
}

@Article{Colder2002,
  author    = {Colder, Craig R and Campbell, Richard T and Ruel, Erin and Richardson, Jean L and Flay, Brian R},
  title     = {A finite mixture model of growth trajectories of adolescent alcohol use: Predictors and consequences.},
  journal   = {Journal of Consulting and Clinical Psychology},
  year      = {2002},
  volume    = {70},
  number    = {4},
  pages     = {976},
  publisher = {American Psychological Association},
}

@Article{Siroux2011,
  author    = {Siroux, Val{\'e}rie and Basaga{\~n}a, Xavier and Boudier, Anne and Pin, Isabelle and Garcia-Aymerich, Judith and Vesin, Aur{\'e}lien and Slama, R{\'e}my and Jarvis, D{\'e}borah and Anto, Josep M and Kauffmann, Francine and others},
  title     = {Identifying adult asthma phenotypes using a clustering approach},
  journal   = {European Respiratory Journal},
  year      = {2011},
  volume    = {38},
  number    = {2},
  pages     = {310--317},
  publisher = {Eur Respiratory Soc},
}

@Article{Dean2010,
  author    = {Dean, Nema and Raftery, Adrian E},
  title     = {Latent class analysis variable selection},
  journal   = {Annals of the Institute of Statistical Mathematics},
  year      = {2010},
  volume    = {62},
  number    = {1},
  pages     = {11},
  publisher = {Springer},
}

@Article{Flynt2017,
  author  = {Flynt, Abby and Dean, Nema},
  title   = {Growth Mixture Modeling with Measurement Selection},
  journal   = {Arxiv Preprint Arxiv:1710.06930},
  year    = {2017},
}

@Article{Fop2017,
  author  = {Fop, Michael and Murphy, Thomas Brendan},
  title   = {Variable Selection Methods for Model-based Clustering},
  journal   = {Arxiv Preprint Arxiv:1707.00306},
  year    = {2017},
}

@Article{Fop2017a,
  author    = {Fop, Michael and Smart, Keith M and Murphy, Thomas Brendan and others},
  title     = {Variable selection for latent class analysis with application to low back pain diagnosis},
  journal   = {The Annals of Applied Statistics},
  year      = {2017},
  volume    = {11},
  number    = {4},
  pages     = {2080--2110},
  publisher = {Institute of Mathematical Statistics},
}

@Article{Hix-Small2004,
  author    = {Hix-Small, Hollie and Duncan, Terry E and Duncan, Susan C and Okut, Hayrettin},
  title     = {A multivariate associative finite growth mixture modeling approach examining adolescent alcohol and marijuana use},
  journal   = {Journal of Psychopathology and Behavioral Assessment},
  year      = {2004},
  volume    = {26},
  number    = {4},
  pages     = {255--270},
  publisher = {Springer},
}

@Article{Houseman2006,
  author    = {Houseman, E Andres and Coull, Brent A and Betensky, Rebecca A},
  title     = {Feature-Specific Penalized Latent Class Analysis for Genomic Data},
  journal   = {Biometrics},
  year      = {2006},
  volume    = {62},
  number    = {4},
  pages     = {1062--1070},
  publisher = {Wiley Online Library},
}

@Article{Gelman2006,
  author    = {Gelman, Andrew and others},
  title     = {Prior distributions for variance parameters in hierarchical models (comment on article by Browne and Draper)},
  journal   = {Bayesian Analysis},
  year      = {2006},
  volume    = {1},
  number    = {3},
  pages     = {515--534},
  publisher = {International Society for Bayesian Analysis},
}

@Article{Holmes2006,
  author    = {Holmes, Chris C and Held, Leonhard and others},
  title     = {Bayesian auxiliary variable models for binary and multinomial regression},
  journal   = {Bayesian Analysis},
  year      = {2006},
  volume    = {1},
  number    = {1},
  pages     = {145--168},
  publisher = {International Society for Bayesian Analysis},
}

@Article{Khalili2007,
  author    = {Khalili, Abbas and Chen, Jiahua},
  title     = {Variable selection in finite mixture of regression models},
  journal   = {Journal of the American Statistical Association},
  year      = {2007},
  volume    = {102},
  number    = {479},
  pages     = {1025--1038},
  publisher = {Taylor \& Francis},
}

@Book{McCutcheon1987,
  title     = {Latent class analysis},
  publisher = {Sage},
  year      = {1987},
  author    = {McCutcheon, Allan L},
  number    = {64},
}

@Article{White2016,
  author    = {White, Arthur and Wyse, Jason and Murphy, Thomas Brendan},
  title     = {Bayesian variable selection for latent class analysis using a collapsed Gibbs sampler},
  journal   = {Statistics and Computing},
  year      = {2016},
  volume    = {26},
  number    = {1-2},
  pages     = {511--527},
  publisher = {Springer},
}

@Article{Medvedovic2002,
  author    = {Medvedovic, Mario and Sivaganesan, Siva},
  title     = {Bayesian infinite mixture model based clustering of gene expression profiles},
  journal   = {Bioinformatics},
  year      = {2002},
  volume    = {18},
  number    = {9},
  pages     = {1194--1206},
  publisher = {Oxford University Press},
}

@Article{Jacobs1991,
  author    = {Jacobs, Robert A and Jordan, Michael I and Nowlan, Steven J and Hinton, Geoffrey E},
  title     = {Adaptive mixtures of local experts},
  journal   = {Neural Computation},
  year      = {1991},
  volume    = {3},
  number    = {1},
  pages     = {79--87},
  publisher = {MIT Press},
}

@Article{Jacobs1996,
  author    = {Jacobs, Robert A and Tanner, Martin A and Peng, Fengchun},
  title     = {Bayesian inference for hierarchical mixtures-of-experts with applications to regression and classification},
  journal   = {Statistical Methods in Medical Research},
  year      = {1996},
  volume    = {5},
  number    = {4},
  pages     = {375--390},
  publisher = {Sage Publications Sage CA: Thousand Oaks, CA},
}

@Article{Peng1996,
  author    = {Peng, Fengchun and Jacobs, Robert A and Tanner, Martin A},
  title     = {Bayesian inference in mixtures-of-experts and hierarchical mixtures-of-experts models with an application to speech recognition},
  journal   = {Journal of the American Statistical Association},
  year      = {1996},
  volume    = {91},
  number    = {435},
  pages     = {953--960},
  publisher = {Taylor \& Francis Group},
}

@Article{Wu2013,
  author    = {Wu, Baolin},
  title     = {Sparse cluster analysis of large-scale discrete variables with application to single nucleotide polymorphism data},
  journal   = {Journal of Applied Statistics},
  year      = {2013},
  volume    = {40},
  number    = {2},
  pages     = {358--367},
  publisher = {Taylor \& Francis},
}

@Article{Toussile2009,
  author    = {Toussile, Wilson and Gassiat, Elisabeth},
  title     = {Variable selection in model-based clustering using multilocus genotype data},
  journal   = {Advances in Data Analysis and Classification},
  year      = {2009},
  volume    = {3},
  number    = {2},
  pages     = {109--134},
  publisher = {Springer},
}

@Article{Silvestre2015,
  author    = {Silvestre, Cl{\'a}udia and Cardoso, Margarida GMS and Figueiredo, M{\'a}rio},
  title     = {Feature selection for clustering categorical data with an embedded modelling approach},
  journal   = {Expert Systems},
  year      = {2015},
  volume    = {32},
  number    = {3},
  pages     = {444--453},
  publisher = {Wiley Online Library},
}

@Misc{Clark2009,
  author = {Clark, Shaunna L and Muth{\'e}n, Bengt},
  title  = {Relating latent class analysis results to variables not included in the analysis},
  year   = {2009},
}

@InProceedings{Carvalho2009,
  author    = {Carvalho, Carlos M and Polson, Nicholas G and Scott, James G},
  title     = {Handling sparsity via the horseshoe},
  booktitle = {Artificial Intelligence and Statistics},
  year      = {2009},
  pages     = {73--80},
}

@InCollection{Fruehwirth-Schnatter2010a,
  author    = {Fr{\"u}hwirth-Schnatter, Sylvia and Fr{\"u}hwirth, Rudolf},
  title     = {Data augmentation and MCMC for binary and multinomial logit models},
  booktitle = {Statistical modelling and regression structures},
  publisher = {Springer},
  year      = {2010},
  pages     = {111--132},
}

@Article{Martinez2007,
  author    = {Martinez, Fernando D},
  title     = {Gene--environment interactions in asthma: with apologies to William of Ockham},
  journal   = {Proceedings of the American Thoracic Society},
  year      = {2007},
  volume    = {4},
  number    = {1},
  pages     = {26--31},
  publisher = {Am Thoracic Soc},
}

@Article{Savenije2011,
  author    = {Savenije, Olga E and Granell, Raquel and Caudri, Daan and Koppelman, Gerard H and Smit, Henri{\"e}tte A and Wijga, Alet and de Jongste, Johan C and Brunekreef, Bert and Sterne, Jonathan A and Postma, Dirkje S and others},
  title     = {Comparison of childhood wheezing phenotypes in 2 birth cohorts: ALSPAC and PIAMA},
  journal   = {Journal of Allergy and Clinical Immunology},
  year      = {2011},
  volume    = {127},
  number    = {6},
  pages     = {1505--1512},
  publisher = {Elsevier},
}

@Article{Chen2012,
  author    = {Chen, Qixuan and Just, Allan C and Miller, Rachel L and Perzanowski, Matthew S and Goldstein, Inge F and Perera, Frederica P and Whyatt, Robin M},
  title     = {Using latent class growth analysis to identify childhood wheeze phenotypes in an urban birth cohort},
  journal   = {Annals of Allergy, Asthma \& Immunology},
  year      = {2012},
  volume    = {108},
  number    = {5},
  pages     = {311--315},
  publisher = {Elsevier},
}

@Article{Belgrave2013,
  author    = {Belgrave, Danielle CM and Custovic, Adnan and Simpson, Angela},
  title     = {Characterizing wheeze phenotypes to identify endotypes of childhood asthma, and the implications for future management},
  journal   = {Expert Review of Clinical Immunology},
  year      = {2013},
  volume    = {9},
  number    = {10},
  pages     = {921--936},
  publisher = {Taylor \& Francis},
}

@Article{McNicholas2016,
  author    = {McNicholas, Paul D},
  title     = {Model-based clustering},
  journal   = {Journal of Classification},
  year      = {2016},
  volume    = {33},
  number    = {3},
  pages     = {331--373},
  publisher = {Springer},
}

@Article{Gustafsson2007,
  author    = {Gustafsson, Per M and de Jong, Pim A and Tiddens, Harm AWM and Lindblad, Anders},
  title     = {Multiple-breath inert gas washout and spirometry vs. structural lung disease in cystic fibrosis},
  journal   = {Thorax},
  year      = {2007},
  publisher = {BMJ Publishing Group Ltd},
}

@Article{Khalili2011,
  author    = {Khalili, Abbas},
  title     = {An overview of the new feature selection methods in finite mixture of regression models},
  journal   = {Journal of the Iranian Statistical Society},
  year      = {2011},
  volume    = {10},
  number    = {2},
  pages     = {201--235},
  publisher = {Journal of The Iranian Statistical Society},
}

@Article{OHara2009,
  author    = {O'Hara, Robert B and Sillanp{\"a}{\"a}, Mikko J and others},
  title     = {A review of Bayesian variable selection methods: what, how and which},
  journal   = {Bayesian Analysis},
  year      = {2009},
  volume    = {4},
  number    = {1},
  pages     = {85--117},
  publisher = {International Society for Bayesian Analysis},
}

@Article{Escobar1994,
  author    = {Escobar, Michael D},
  journal   = {Journal of the American Statistical Association},
  title     = {Estimating normal means with a {D}irichlet process prior},
  year      = {1994},
  number    = {425},
  pages     = {268--277},
  volume    = {89},
  publisher = {Taylor \& Francis},
  URL       = {https://doi.org/10.2307/2291223}
}

@Article{Gelman1998,
  author    = {Gelman, Andrew and Meng, Xiao-Li},
  title     = {Simulating normalizing constants: From importance sampling to bridge sampling to path sampling},
  journal   = {Statistical Science},
  year      = {1998},
  pages     = {163--185},
  publisher = {JSTOR},
}

@Article{Fragoso2015,
  author    = {Fragoso, Tiago M and Bertoli, Wesley and Louzada, Francisco},
  title     = {Bayesian model averaging: A systematic review and conceptual classification},
  journal   = {International Statistical Review},
  year      = {2015},
  publisher = {Wiley Online Library},
}

@Article{Hoeting1999,
  author    = {Hoeting, Jennifer A and Madigan, David and Raftery, Adrian E and Volinsky, Chris T},
  title     = {Bayesian model averaging: a tutorial},
  journal   = {Statistical Science},
  year      = {1999},
  pages     = {382--401},
  publisher = {JSTOR},
}

@Article{Wasserman2000,
  author    = {Wasserman, Larry},
  title     = {Bayesian model selection and model averaging},
  journal   = {Journal of Mathematical Psychology},
  year      = {2000},
  volume    = {44},
  number    = {1},
  pages     = {92--107},
  publisher = {Elsevier},
}

@Article{Erler2016,
  author    = {Erler, Nicole S and Rizopoulos, Dimitris and Rosmalen, Joost van and Jaddoe, Vincent WV and Franco, Oscar H and Lesaffre, Emmanuel MEH},
  title     = {Dealing with missing covariates in epidemiologic studies: a comparison between multiple imputation and a full Bayesian approach},
  journal   = {Statistics in Medicine},
  year      = {2016},
  volume    = {35},
  number    = {17},
  pages     = {2955--2974},
  publisher = {Wiley Online Library},
}

@Article{Rubin1976,
  author    = {Rubin, Donald B},
  title     = {Inference and missing data},
  journal   = {Biometrika},
  year      = {1976},
  volume    = {63},
  number    = {3},
  pages     = {581--592},
  publisher = {Oxford University Press},
}

@Book{Little2014,
  title     = {Statistical analysis with missing data},
  publisher = {John Wiley \& Sons},
  year      = {2014},
  author    = {Little, Roderick JA and Rubin, Donald B},
  volume    = {333},
}

@Article{Chen1999,
  author    = {Chen, Hua Yun and Little, Roderick JA},
  title     = {Proportional hazards regression with missing covariates},
  journal   = {Journal of the American Statistical Association},
  year      = {1999},
  volume    = {94},
  number    = {447},
  pages     = {896--908},
  publisher = {Taylor \& Francis Group},
}

@Article{Ibrahim2001,
  author    = {Ibrahim, Joseph G and Chen, Ming-Hui and Lipsitz, Stuart R},
  title     = {Missing responses in generalised linear mixed models when the missing data mechanism is nonignorable},
  journal   = {Biometrika},
  year      = {2001},
  volume    = {88},
  number    = {2},
  pages     = {551--564},
  publisher = {Oxford University Press},
}

@Article{Chen2002,
  author    = {Chen, Ming-Hui and Ibrahim, Joseph G and Lipsitz, Stuart R},
  title     = {Bayesian methods for missing covariates in cure rate models},
  journal   = {Lifetime Data Analysis},
  year      = {2002},
  volume    = {8},
  number    = {2},
  pages     = {117--146},
  publisher = {Springer},
}

@Article{Ibrahim2005,
  author    = {Ibrahim, Joseph G and Chen, Ming-Hui and Lipsitz, Stuart R and Herring, Amy H},
  title     = {Missing-data methods for generalized linear models: A comparative review},
  journal   = {Journal of the American Statistical Association},
  year      = {2005},
  volume    = {100},
  number    = {469},
  pages     = {332--346},
  publisher = {Taylor \& Francis},
}

@Book{VanBuuren2012,
  title     = {Flexible imputation of missing data},
  publisher = {CRC press},
  year      = {2012},
  author    = {Van Buuren, Stef},
}

@Article{Bien2013,
  author    = {Bien, Jacob and Taylor, Jonathan and Tibshirani, Robert},
  title     = {A lasso for hierarchical interactions},
  journal   = {Annals of Statistics},
  year      = {2013},
  volume    = {41},
  number    = {3},
  pages     = {1111},
  publisher = {NIH Public Access},
}

@Article{Efron2004,
  author    = {Efron, Bradley and Hastie, Trevor and Johnstone, Iain and Tibshirani, Robert and others},
  title     = {Least angle regression},
  journal   = {The Annals of Statistics},
  year      = {2004},
  volume    = {32},
  number    = {2},
  pages     = {407--499},
  publisher = {Institute of Mathematical Statistics},
}

@Article{Fan2001,
  author    = {Fan, Jianqing and Li, Runze},
  title     = {Variable selection via nonconcave penalized likelihood and its oracle properties},
  journal   = {Journal of the American Statistical Association},
  year      = {2001},
  volume    = {96},
  number    = {456},
  pages     = {1348--1360},
  publisher = {Taylor \& Francis},
}

@Article{Sun2013,
  author    = {Sun, Tingni and Zhang, Cun-Hui},
  title     = {Sparse matrix inversion with scaled lasso},
  journal   = {The Journal of Machine Learning Research},
  year      = {2013},
  volume    = {14},
  number    = {1},
  pages     = {3385--3418},
  publisher = {JMLR. org},
}

@Article{Tibshirani2005,
  author    = {Tibshirani, Robert and Saunders, Michael and Rosset, Saharon and Zhu, Ji and Knight, Keith},
  title     = {Sparsity and smoothness via the fused lasso},
  journal   = {Journal of the Royal Statistical Society: Series B (Statistical Methodology)},
  year      = {2005},
  volume    = {67},
  number    = {1},
  pages     = {91--108},
  publisher = {Wiley Online Library},
}

@Article{Walter2009,
  author    = {Walter, Stefan and Tiemeier, Henning},
  title     = {Variable selection: current practice in epidemiological studies},
  journal   = {European Journal of Epidemiology},
  year      = {2009},
  volume    = {24},
  number    = {12},
  pages     = {733},
  publisher = {Springer},
}

@Article{Zhang2010,
  author    = {Zhang, Cun-Hui and others},
  title     = {Nearly unbiased variable selection under minimax concave penalty},
  journal   = {The Annals of Statistics},
  year      = {2010},
  volume    = {38},
  number    = {2},
  pages     = {894--942},
  publisher = {Institute of Mathematical Statistics},
}

@Article{Zou2005,
  author    = {Zou, Hui and Hastie, Trevor},
  title     = {Regularization and variable selection via the elastic net},
  journal   = {Journal of the Royal Statistical Society: Series B (Statistical Methodology)},
  year      = {2005},
  volume    = {67},
  number    = {2},
  pages     = {301--320},
  publisher = {Wiley Online Library},
}

@Article{Zou2006,
  author    = {Zou, Hui},
  title     = {The adaptive lasso and its oracle properties},
  journal   = {Journal of the American Statistical Association},
  year      = {2006},
  volume    = {101},
  number    = {476},
  pages     = {1418--1429},
  publisher = {Taylor \& Francis},
}

@Article{Yuan2006,
  author    = {Yuan, Ming and Lin, Yi},
  title     = {Model selection and estimation in regression with grouped variables},
  journal   = {Journal of the Royal Statistical Society: Series B (Statistical Methodology)},
  year      = {2006},
  volume    = {68},
  number    = {1},
  pages     = {49--67},
  publisher = {Wiley Online Library},
}

@Article{Barbieri2004,
  author    = {Barbieri, Maria Maddalena and Berger, James O and others},
  title     = {Optimal predictive model selection},
  journal   = {The Annals of Statistics},
  year      = {2004},
  volume    = {32},
  number    = {3},
  pages     = {870--897},
  publisher = {Institute of Mathematical Statistics},
}

@Article{Bhadra2017a,
  author    = {Bhadra, Anindya and Datta, Jyotishka and Polson, Nicholas G and Willard, Brandon and others},
  title     = {The horseshoe+ estimator of ultra-sparse signals},
  journal   = {Bayesian Analysis},
  year      = {2017},
  volume    = {12},
  number    = {4},
  pages     = {1105--1131},
  publisher = {International Society for Bayesian Analysis},
}

@Article{Zellner1986,
  author    = {Zellner, Arnold},
  title     = {Bayesian estimation and prediction using asymmetric loss functions},
  journal   = {Journal of the American Statistical Association},
  year      = {1986},
  volume    = {81},
  number    = {394},
  pages     = {446--451},
  publisher = {Taylor \& Francis},
}

@Article{Madigan1994,
  author    = {Madigan, David and Raftery, Adrian E},
  title     = {Model selection and accounting for model uncertainty in graphical models using Occam's window},
  journal   = {Journal of the American Statistical Association},
  year      = {1994},
  volume    = {89},
  number    = {428},
  pages     = {1535--1546},
  publisher = {Taylor \& Francis Group},
}

@Article{Piironen2017,
  author    = {Piironen, Juho and Vehtari, Aki},
  title     = {Comparison of Bayesian predictive methods for model selection},
  journal   = {Statistics and Computing},
  year      = {2017},
  volume    = {27},
  number    = {3},
  pages     = {711--735},
  publisher = {Springer},
}

@Article{Geisser1979,
  author    = {Geisser, Seymour and Eddy, William F},
  title     = {A predictive approach to model selection},
  journal   = {Journal of the American Statistical Association},
  year      = {1979},
  volume    = {74},
  number    = {365},
  pages     = {153--160},
  publisher = {Taylor \& Francis Group},
}

@Article{Kass1995a,
  author    = {Kass, Robert E and Wasserman, Larry},
  title     = {A reference Bayesian test for nested hypotheses and its relationship to the Schwarz criterion},
  journal   = {Journal of the American Statistical Association},
  year      = {1995},
  volume    = {90},
  number    = {431},
  pages     = {928--934},
  publisher = {Taylor \& Francis},
}

@Article{Rockova2018,
  author    = {Ro{\v{c}}kov{\'a}, Veronika and George, Edward I},
  title     = {The spike-and-slab lasso},
  journal   = {Journal of the American Statistical Association},
  year      = {2018},
  volume    = {113},
  number    = {521},
  pages     = {431--444},
  publisher = {Taylor \& Francis},
}

@Article{Forte2018,
  author    = {Forte, Anabel and Garcia-Donato, Gonzalo and Steel, Mark},
  title     = {Methods and tools for Bayesian variable selection and model averaging in normal linear regression},
  journal   = {International Statistical Review},
  year      = {2018},
  volume    = {86},
  number    = {2},
  pages     = {237--258},
  publisher = {Wiley Online Library},
}

@Article{Rockova2012,
  author    = {Rockova, Veronika and Lesaffre, Emmanuel and Luime, Jolanda and L{\"o}wenberg, Bob},
  title     = {Hierarchical Bayesian formulations for selecting variables in regression models},
  journal   = {Statistics in Medicine},
  year      = {2012},
  volume    = {31},
  number    = {11-12},
  pages     = {1221--1237},
  publisher = {Wiley Online Library},
}

@Article{Schwarz1978,
  author    = {Schwarz, Gideon},
  title     = {Estimating the dimension of a model},
  journal   = {The Annals of Statistics},
  year      = {1978},
  volume    = {6},
  number    = {2},
  pages     = {461--464},
  publisher = {Institute of Mathematical Statistics},
}

@Article{Watanabe2010,
  author  = {Watanabe, Sumio},
  title   = {Asymptotic equivalence of Bayes cross validation and widely applicable information criterion in singular learning theory},
  journal   = {Journal of Machine Learning Research},
  year    = {2010},
  volume  = {11},
  number  = {Dec},
  pages   = {3571--3594},
  url     = {http://jmlr.org/papers/v11/watanabe10a.html}
}

@Article{Madigan1995,
  author    = {Madigan, David and York, Jeremy and Allard, Denis},
  title     = {Bayesian graphical models for discrete data},
  journal   = {International Statistical Review/revue Internationale De Statistique},
  year      = {1995},
  pages     = {215--232},
  publisher = {JSTOR},
}

@Book{Ley2011,
  title     = {Mixtures of g-priors for Bayesian Model Averaging with economic application},
  publisher = {The World Bank},
  year      = {2011},
  author    = {Ley, Eduardo and Steel, Mark FJ},
}

@Article{Dellaportas1997,
  author  = {Dellaportas, Petros and Karlis, Dimitris and Xekalaki, Evdokia},
  title   = {Bayesian analysis of finite poisson mixtures},
  journal   = {Manuscript},
  year    = {1997},
}

@Article{George1997,
  author    = {George, Edward I and McCulloch, Robert E},
  title     = {Approaches for Bayesian variable selection},
  journal   = {Statistica Sinica},
  year      = {1997},
  pages     = {339--373},
  publisher = {JSTOR},
}

@Article{Ishwaran2003,
  author    = {Ishwaran, Hemant and Rao, J Sunil},
  title     = {Detecting differentially expressed genes in microarrays using Bayesian model selection},
  journal   = {Journal of the American Statistical Association},
  year      = {2003},
  volume    = {98},
  number    = {462},
  pages     = {438--455},
  publisher = {Taylor \& Francis},
}

@Article{Scott2006,
  author    = {Scott, James G and Berger, James O},
  title     = {An exploration of aspects of Bayesian multiple testing},
  journal   = {Journal of Statistical Planning and Inference},
  year      = {2006},
  volume    = {136},
  number    = {7},
  pages     = {2144--2162},
  publisher = {Elsevier},
}

@Article{Ishwaran2005b,
  author    = {Ishwaran, Hemant and Rao, J Sunil},
  title     = {Spike and slab gene selection for multigroup microarray data},
  journal   = {Journal of the American Statistical Association},
  year      = {2005},
  volume    = {100},
  number    = {471},
  pages     = {764--780},
  publisher = {Taylor \& Francis},
}

@Article{Polson2010,
  author    = {Polson, Nicholas G and Scott, James G},
  title     = {Shrink globally, act locally: Sparse Bayesian regularization and prediction},
  journal   = {Bayesian Statistics},
  year      = {2010},
  volume    = {9},
  pages     = {501--538},
  publisher = {Citeseer},
}

@Article{Johnson2009,
  author    = {Johnson, Brent A and others},
  title     = {On lasso for censored data},
  journal   = {Electronic Journal of Statistics},
  year      = {2009},
  volume    = {3},
  pages     = {485--506},
  publisher = {The Institute of Mathematical Statistics and the Bernoulli Society},
}

@Article{Meier2008,
  author    = {Meier, Lukas and Van De Geer, Sara and B{\"u}hlmann, Peter},
  title     = {The group lasso for logistic regression},
  journal   = {Journal of the Royal Statistical Society: Series B (Statistical Methodology)},
  year      = {2008},
  volume    = {70},
  number    = {1},
  pages     = {53--71},
  publisher = {Wiley Online Library},
}

@Article{Zhang2018,
  author    = {Zhang, Yan and Bondell, Howard D and others},
  title     = {Variable Selection via Penalized Credible Regions with Dirichlet--Laplace Global-Local Shrinkage Priors},
  journal   = {Bayesian Analysis},
  year      = {2018},
  publisher = {International Society for Bayesian Analysis},
}

@Article{Griffin2010,
  author    = {Griffin, Jim E and Brown, Philip J and others},
  title     = {Inference with normal-gamma prior distributions in regression problems},
  journal   = {Bayesian Analysis},
  year      = {2010},
  volume    = {5},
  number    = {1},
  pages     = {171--188},
  publisher = {International Society for Bayesian Analysis},
}

@Article{Friel2008,
  author    = {Friel, Nial and Pettitt, Anthony N},
  title     = {Marginal likelihood estimation via power posteriors},
  journal   = {Journal of the Royal Statistical Society: Series B (Statistical Methodology)},
  year      = {2008},
  volume    = {70},
  number    = {3},
  pages     = {589--607},
  publisher = {Wiley Online Library},
}

@Article{Meng1996,
  author    = {Meng, Xiao-Li and Wong, Wing Hung},
  title     = {Simulating ratios of normalizing constants via a simple identity: a theoretical exploration},
  journal   = {Statistica Sinica},
  year      = {1996},
  pages     = {831--860},
  publisher = {JSTOR},
}

@Article{Newton1994,
  author    = {Newton, Michael A and Raftery, Adrian E},
  title     = {Approximate Bayesian inference with the weighted likelihood bootstrap},
  journal   = {Journal of the Royal Statistical Society. Series B (methodological)},
  year      = {1994},
  pages     = {3--48},
  publisher = {JSTOR},
}

@Article{Kyung2010,
  author    = {Kyung, Minjung and Gill, Jeff and Ghosh, Malay and Casella, George and others},
  title     = {Penalized regression, standard errors, and Bayesian lassos},
  journal   = {Bayesian Analysis},
  year      = {2010},
  volume    = {5},
  number    = {2},
  pages     = {369--411},
  publisher = {International Society for Bayesian Analysis},
}

@Article{Shin2018,
  author    = {Shin, Minsuk and Bhattacharya, Anirban and Johnson, Valen E},
  title     = {Scalable Bayesian variable selection using nonlocal prior densities in ultrahigh-dimensional settings},
  journal   = {Statistica Sinica},
  year      = {2018},
  volume    = {28},
  number    = {2},
  pages     = {1053},
  publisher = {NIH Public Access},
}

@Article{Hans2007,
  author    = {Hans, Chris and Dobra, Adrian and West, Mike},
  title     = {Shotgun stochastic search for “large p” regression},
  journal   = {Journal of the American Statistical Association},
  year      = {2007},
  volume    = {102},
  number    = {478},
  pages     = {507--516},
  publisher = {Taylor \& Francis},
}

@Article{Mitchell1988,
  author    = {Mitchell, Toby J and Beauchamp, John J},
  title     = {Bayesian variable selection in linear regression},
  journal   = {Journal of the American Statistical Association},
  year      = {1988},
  volume    = {83},
  number    = {404},
  pages     = {1023--1032},
  publisher = {Taylor \& Francis Group},
}

@Article{Rockova2014,
  author    = {Ro{\v{c}}kov{\'a}, Veronika and George, Edward I},
  title     = {EMVS: The EM approach to Bayesian variable selection},
  journal   = {Journal of the American Statistical Association},
  year      = {2014},
  volume    = {109},
  number    = {506},
  pages     = {828--846},
  publisher = {Taylor \& Francis},
}

@Article{Schreck2016,
  author    = {Schreck, Amandine and Fort, Gersende and Le Corff, Sylvain and Moulines, Eric},
  title     = {A shrinkage-thresholding Metropolis adjusted Langevin algorithm for Bayesian variable selection},
  journal   = {Ieee Journal of Selected Topics in Signal Processing},
  year      = {2016},
  volume    = {10},
  number    = {2},
  pages     = {366--375},
  publisher = {IEEE},
}

@Article{Ghosh2015,
  author    = {Ghosh, Joyee and Ghattas, Andrew E},
  title     = {Bayesian variable selection under collinearity},
  journal   = {The American Statistician},
  year      = {2015},
  volume    = {69},
  number    = {3},
  pages     = {165--173},
  publisher = {Taylor \& Francis},
}

@Article{Tsiatis2008,
  author    = {Tsiatis, Anastasios A and Davidian, Marie and Zhang, Min and Lu, Xiaomin},
  title     = {Covariate adjustment for two-sample treatment comparisons in randomized clinical trials: a principled yet flexible approach},
  journal   = {Statistics in Medicine},
  year      = {2008},
  volume    = {27},
  number    = {23},
  pages     = {4658--4677},
  publisher = {Wiley Online Library},
}

@Article{Boos2009,
  author    = {Boos, Dennis D and Stefanski, Leonard A and Wu, Yujun},
  title     = {Fast FSR variable selection with applications to clinical trials},
  journal   = {Biometrics},
  year      = {2009},
  volume    = {65},
  number    = {3},
  pages     = {692--700},
  publisher = {Wiley Online Library},
}

@Article{Leng2014,
  author    = {Leng, Chenlei and Tran, Minh-Ngoc and Nott, David},
  title     = {Bayesian adaptive lasso},
  journal   = {Annals of the Institute of Statistical Mathematics},
  year      = {2014},
  volume    = {66},
  number    = {2},
  pages     = {221--244},
  publisher = {Springer},
}

@Article{Heinze2018,
  author    = {Heinze, Georg and Wallisch, Christine and Dunkler, Daniela},
  title     = {Variable selection--A review and recommendations for the practicing statistician},
  journal   = {Biometrical Journal},
  year      = {2018},
  volume    = {60},
  number    = {3},
  pages     = {431--449},
  publisher = {Wiley Online Library},
}

@Article{Bayarri2012,
  author    = {Bayarri, Maria J and Berger, James O and Forte, Anabel and Garc{\'\i}a-Donato, G and others},
  title     = {Criteria for Bayesian model choice with application to variable selection},
  journal   = {The Annals of Statistics},
  year      = {2012},
  volume    = {40},
  number    = {3},
  pages     = {1550--1577},
  publisher = {Institute of Mathematical Statistics},
}

@Article{Liang2008,
  author    = {Liang, Feng and Paulo, Rui and Molina, German and Clyde, Merlise A and Berger, Jim O},
  title     = {Mixtures of g priors for Bayesian variable selection},
  journal   = {Journal of the American Statistical Association},
  year      = {2008},
  volume    = {103},
  number    = {481},
  pages     = {410--423},
  publisher = {Taylor \& Francis},
}

@Article{Zellner1980,
  author    = {Zellner, Arnold and Siow, Aloysius},
  title     = {Posterior odds ratios for selected regression hypotheses},
  journal   = {Trabajos De Estad{\'\i}stica y de investigaci{\'o}n operativa},
  year      = {1980},
  volume    = {31},
  number    = {1},
  pages     = {585--603},
  publisher = {Springer},
}

@Article{Fernandez2001,
  author    = {Fernandez, Carmen and Ley, Eduardo and Steel, Mark FJ},
  title     = {Benchmark priors for Bayesian model averaging},
  journal   = {Journal of Econometrics},
  year      = {2001},
  volume    = {100},
  number    = {2},
  pages     = {381--427},
  publisher = {Elsevier},
}

@Article{Amini2011,
  author    = {Amini, Shahram M and Parmeter, Christopher F},
  title     = {Bayesian model averaging in R},
  journal   = {Journal of Economic and Social Measurement},
  year      = {2011},
  volume    = {36},
  number    = {4},
  pages     = {253--287},
  publisher = {IOS Press},
}

@Article{Clyde2011,
  author    = {Clyde, Merlise A and Ghosh, Joyee and Littman, Michael L},
  title     = {Bayesian adaptive sampling for variable selection and model averaging},
  journal   = {Journal of Computational and Graphical Statistics},
  year      = {2011},
  volume    = {20},
  number    = {1},
  pages     = {80--101},
  publisher = {Taylor \& Francis},
}

@Article{Tierney1986,
  author    = {Tierney, Luke and Kadane, Joseph B},
  title     = {Accurate approximations for posterior moments and marginal densities},
  journal   = {Journal of the American Statistical Association},
  year      = {1986},
  volume    = {81},
  number    = {393},
  pages     = {82--86},
  publisher = {Taylor \& Francis},
}

@Article{Li2010,
  author    = {Li, Qing and Lin, Nan and others},
  title     = {The Bayesian elastic net},
  journal   = {Bayesian Analysis},
  year      = {2010},
  volume    = {5},
  number    = {1},
  pages     = {151--170},
  publisher = {International Society for Bayesian Analysis},
}

@Article{Bhadra2017b,
  author  = {Bhadra, Anindya and Datta, Jyotishka and Polson, Nicholas G and Willard, Brandon},
  title   = {Horseshoe regularization for feature subset selection},
  journal   = {Arxiv Preprint Arxiv:1702.07400},
  year    = {2017},
}

@Article{Frank1993,
  author    = {Frank, LLdiko E and Friedman, Jerome H},
  title     = {A statistical view of some chemometrics regression tools},
  journal   = {Technometrics},
  year      = {1993},
  volume    = {35},
  number    = {2},
  pages     = {109--135},
  publisher = {Taylor \& Francis},
}

@Article{Fu1998,
  author    = {Fu, Wenjiang J},
  title     = {Penalized regressions: the bridge versus the lasso},
  journal   = {Journal of Computational and Graphical Statistics},
  year      = {1998},
  volume    = {7},
  number    = {3},
  pages     = {397--416},
  publisher = {Taylor \& Francis},
}

@Article{Polson2014,
  author    = {Polson, Nicholas G and Scott, James G and Windle, Jesse},
  title     = {The Bayesian bridge},
  journal   = {Journal of the Royal Statistical Society: Series B (Statistical Methodology)},
  year      = {2014},
  volume    = {76},
  number    = {4},
  pages     = {713--733},
  publisher = {Wiley Online Library},
}

@Article{Xu2015,
  author    = {Xu, Xiaofan and Ghosh, Malay and others},
  title     = {Bayesian variable selection and estimation for group lasso},
  journal   = {Bayesian Analysis},
  year      = {2015},
  volume    = {10},
  number    = {4},
  pages     = {909--936},
  publisher = {International Society for Bayesian Analysis},
}

@Article{Group1999,
  author    = {Childhood Asthma Management Program Research Group and others},
  title     = {The childhood asthma management program (CAMP): design, rationale, and methods},
  journal   = {Controlled Clinical Trials},
  year      = {1999},
  volume    = {20},
  number    = {1},
  pages     = {91--120},
  publisher = {Elsevier},
}

@Article{Fragoso2018,
  author    = {Fragoso, Tiago M and Bertoli, Wesley and Louzada, Francisco},
  title     = {Bayesian model averaging: A systematic review and conceptual classification},
  journal   = {International Statistical Review},
  year      = {2018},
  volume    = {86},
  number    = {1},
  pages     = {1--28},
  publisher = {Wiley Online Library},
}

@Article{Rue2001,
  author    = {Rue, H{\aa}vard},
  title     = {Fast sampling of Gaussian Markov random fields},
  journal   = {Journal of the Royal Statistical Society: Series B (Statistical Methodology)},
  year      = {2001},
  volume    = {63},
  number    = {2},
  pages     = {325--338},
  publisher = {Wiley Online Library},
}

@Article{James2010,
  author  = {James, Gareth},
  title   = {Sparseness and functional data analysis},
  journal   = {The Oxford Handbook of Functional Data Analaysis},
  year    = {2010},
  pages   = {298--323},
}

@Article{Sears2003,
  author    = {Sears, Malcolm R and Greene, Justina M and Willan, Andrew R and Wiecek, Elizabeth M and Taylor, D Robin and Flannery, Erin M and Cowan, Jan O and Herbison, G Peter and Silva, Phil A and Poulton, Richie},
  title     = {A longitudinal, population-based, cohort study of childhood asthma followed to adulthood},
  journal   = {New England Journal of Medicine},
  year      = {2003},
  volume    = {349},
  number    = {15},
  pages     = {1414--1422},
  publisher = {Mass Medical Soc},
}

@Article{Norris2009,
  author    = {Norris, Fran H and Tracy, Melissa and Galea, Sandro},
  title     = {Looking for resilience: Understanding the longitudinal trajectories of responses to stress},
  journal   = {Social Science \& Medicine},
  year      = {2009},
  volume    = {68},
  number    = {12},
  pages     = {2190--2198},
  publisher = {Elsevier},
}

@Article{Caselli2009,
  author    = {Caselli, Richard J and Dueck, Amylou C and Osborne, David and Sabbagh, Marwan N and Connor, Donald J and Ahern, Geoffrey L and Baxter, Leslie C and Rapcsak, Steven Z and Shi, Jiong and Woodruff, Bryan K and others},
  title     = {Longitudinal modeling of age-related memory decline and the APOE $\varepsilon$4 effect},
  journal   = {New England Journal of Medicine},
  year      = {2009},
  volume    = {361},
  number    = {3},
  pages     = {255--263},
  publisher = {Mass Medical Soc},
}

@Article{McKeague2011,
  author    = {McKeague, Ian W and L{\'o}pez-Pintado, Sara and Hallin, Marc and {\v{S}}iman, Miroslav},
  title     = {Analyzing growth trajectories},
  journal   = {Journal of Developmental Origins of Health and Disease},
  year      = {2011},
  volume    = {2},
  number    = {6},
  pages     = {322--329},
  publisher = {Cambridge University Press},
}

@Book{Dierckx1995,
  title     = {Curve and surface fitting with splines},
  publisher = {Oxford University Press},
  year      = {1995},
  author    = {Dierckx, Paul},
}

@Book{Wu2006,
  title     = {Nonparametric regression methods for longitudinal data analysis: mixed-effects modeling approaches},
  publisher = {John Wiley \& Sons},
  year      = {2006},
  author    = {Wu, Hulin and Zhang, Jin-Ting},
  volume    = {515},
}

@Article{Marin2005,
  author    = {Marin, Jean-Michel and Mengersen, Kerrie and Robert, Christian P},
  title     = {Bayesian modelling and inference on mixtures of distributions},
  journal   = {Handbook of Statistics},
  year      = {2005},
  volume    = {25},
  pages     = {459--507},
  publisher = {Elsevier},
}

@Article{Chib1995,
  author    = {Chib, Siddhartha},
  title     = {Marginal likelihood from the Gibbs output},
  journal   = {Journal of the American Statistical Association},
  year      = {1995},
  volume    = {90},
  number    = {432},
  pages     = {1313--1321},
  publisher = {Taylor \& Francis Group},
}

@Article{Sperrin2010,
  author    = {Sperrin, Matthew and Jaki, Thomas and Wit, Ernst},
  title     = {Probabilistic relabelling strategies for the label switching problem in Bayesian mixture models},
  journal   = {Statistics and Computing},
  year      = {2010},
  volume    = {20},
  number    = {3},
  pages     = {357--366},
  publisher = {Springer},
}

@TechReport{Wolfe1965,
  author      = {Wolfe, John H},
  title       = {A computer program for the maximum likelihood analysis of types},
  institution = {NAVAL PERSONNEL RESEARCH ACTIVITY SAN DIEGO CA},
  year        = {1965},
}

@Article{Dempster1977,
  author    = {Dempster, Arthur P and Laird, Nan M and Rubin, Donald B},
  title     = {Maximum likelihood from incomplete data via the EM algorithm},
  journal   = {Journal of the Royal Statistical Society: Series B (methodological)},
  year      = {1977},
  volume    = {39},
  number    = {1},
  pages     = {1--22},
  publisher = {Wiley Online Library},
}

@Article{Biernacki2000,
  author    = {Biernacki, Christophe and Celeux, Gilles and Govaert, G{\'e}rard},
  title     = {Assessing a mixture model for clustering with the integrated completed likelihood},
  journal   = {Ieee Transactions On Pattern Analysis and Machine Intelligence},
  year      = {2000},
  volume    = {22},
  number    = {7},
  pages     = {719--725},
  publisher = {IEEE},
}

@Article{Banfield1993,
  author    = {Banfield, Jeffrey D and Raftery, Adrian E},
  title     = {Model-based Gaussian and non-Gaussian clustering},
  journal   = {Biometrics},
  year      = {1993},
  pages     = {803--821},
  publisher = {JSTOR},
}

@Article{Cappe2003,
  author    = {Capp{\'e}, Olivier and Robert, Christian P and Ryd{\'e}n, Tobias},
  title     = {Reversible jump, birth-and-death and more general continuous time Markov chain Monte Carlo samplers},
  journal   = {Journal of the Royal Statistical Society: Series B (Statistical Methodology)},
  year      = {2003},
  volume    = {65},
  number    = {3},
  pages     = {679--700},
  publisher = {Wiley Online Library},
}

@Article{Baddeley1993,
  author    = {Baddeley, AJ and Lieshout, MNM Van},
  title     = {Stochastic geometry models in high-level vision},
  journal   = {Journal of Applied Statistics},
  year      = {1993},
  volume    = {20},
  number    = {5-6},
  pages     = {231--256},
  publisher = {Taylor \& Francis},
}

@Article{Stephens2000b,
  author    = {Stephens, Matthew and others},
  title     = {Bayesian analysis of mixture models with an unknown number of components—an alternative to reversible jump methods},
  journal   = {The Annals of Statistics},
  year      = {2000},
  volume    = {28},
  number    = {1},
  pages     = {40--74},
  publisher = {Institute of Mathematical Statistics},
}

@Article{Melnykov2010,
  author    = {Melnykov, Volodymyr and Maitra, Ranjan and others},
  title     = {Finite mixture models and model-based clustering},
  journal   = {Statistics Surveys},
  year      = {2010},
  volume    = {4},
  pages     = {80--116},
  publisher = {The author, under a Creative Commons Attribution License},
}

@Article{Maitra2009,
  author    = {Maitra, Ranjan},
  title     = {Initializing partition-optimization algorithms},
  journal   = {Ieee/acm Transactions On Computational Biology and Bioinformatics},
  year      = {2009},
  volume    = {6},
  number    = {1},
  pages     = {144--157},
  publisher = {IEEE},
}

@Book{Fan2018,
  title     = {Local polynomial modelling and its applications: monographs on statistics and applied probability 66},
  publisher = {Routledge},
  year      = {2018},
  author    = {Fan, Jianqing},
}

@Article{Zhao2004,
  author    = {Zhao, Xin and Marron, JS and Wells, Martin T},
  title     = {The functional data analysis view of longitudinal data},
  journal   = {Statistica Sinica},
  year      = {2004},
  pages     = {789--808},
  publisher = {JSTOR},
}

@InCollection{Mu2008,
  author    = {Mu, Hans-Georg and others},
  title     = {Functional modeling of longitudinal data},
  booktitle = {Longitudinal data analysis},
  publisher = {Chapman and Hall/CRC},
  year      = {2008},
  pages     = {225--253},
}

@Article{Zhang2016,
  author    = {Zhang, Xiaoke and Wang, Jane-Ling and others},
  title     = {From sparse to dense functional data and beyond},
  journal   = {The Annals of Statistics},
  year      = {2016},
  volume    = {44},
  number    = {5},
  pages     = {2281--2321},
  publisher = {Institute of Mathematical Statistics},
}

@Article{Morris2015,
  author    = {Morris, Jeffrey S},
  title     = {Functional regression},
  journal   = {Annual Review of Statistics and Its Application},
  year      = {2015},
  volume    = {2},
  pages     = {321--359},
  publisher = {Annual Reviews},
}

@InCollection{Akaike1987,
  author    = {Akaike, Hirotugu},
  title     = {Factor analysis and AIC},
  booktitle = {Selected Papers of Hirotugu Akaike},
  publisher = {Springer},
  year      = {1987},
  pages     = {371--386},
}

@Article{Lo2001,
  author    = {Lo, Yungtai and Mendell, Nancy R and Rubin, Donald B},
  title     = {Testing the number of components in a normal mixture},
  journal   = {Biometrika},
  year      = {2001},
  volume    = {88},
  number    = {3},
  pages     = {767--778},
  publisher = {Oxford University Press},
}

@Article{Nylund2007,
  author    = {Nylund, Karen L and Asparouhov, Tihomir and Muth{\'e}n, Bengt O},
  title     = {Deciding on the number of classes in latent class analysis and growth mixture modeling: A Monte Carlo simulation study},
  journal   = {Structural Equation Modeling: A Multidisciplinary Journal},
  year      = {2007},
  volume    = {14},
  number    = {4},
  pages     = {535--569},
  publisher = {Taylor \& Francis},
}

@Article{Diggle1994,
  author    = {Diggle, Peter and Kenward, Michael G},
  title     = {Informative drop-out in longitudinal data analysis},
  journal   = {Journal of the Royal Statistical Society: Series C (Applied Statistics)},
  year      = {1994},
  volume    = {43},
  number    = {1},
  pages     = {49--73},
  publisher = {Wiley Online Library},
}

@Article{Goldsmith2013,
  author    = {Goldsmith, Jeff and Greven, Sonja and Crainiceanu, CIPRIAN},
  title     = {Corrected confidence bands for functional data using principal components},
  journal   = {Biometrics},
  year      = {2013},
  volume    = {69},
  number    = {1},
  pages     = {41--51},
  publisher = {Wiley Online Library},
}

@Article{Ramsay2005,
  author    = {Ramsay, JO and Silverman, BW},
  title     = {Principal components analysis for functional data},
  journal   = {Functional Data Analysis},
  year      = {2005},
  pages     = {147--172},
  publisher = {Springer},
}

@Article{Jacques2014b,
  author    = {Jacques, Julien and Preda, Cristian},
  title     = {Functional data clustering: a survey},
  journal   = {Advances in Data Analysis and Classification},
  year      = {2014},
  volume    = {8},
  number    = {3},
  pages     = {231--255},
  publisher = {Springer},
}

@Article{Proust-Lima2015,
  author    = {Proust-Lima, C{\'e}cile and Philipps, Viviane and Liquet, Benoit},
  title     = {Estimation of extended mixed models using latent classes and latent processes: the R package lcmm},
  journal   = {Journal of Statistical Software},
  year      = {2017},
  volume    = {78},
  number    = {2},
  pages     = {1--56},
  publisher = {Foundation for Open Access Statistics},
}

@Article{Celeux2018,
  author  = {Celeux, Gilles and Kamary, Kaniav and Malsiner-Walli, Gertraud and Marin, Jean-Michel and Robert, Christian P},
  title   = {Computational Solutions for Bayesian Inference in Mixture Models},
  journal   = {Arxiv Preprint Arxiv:1812.07240},
  year    = {2018},
}

@Article{Lin2014,
  author    = {Lin, Haiqun and Han, Ling and Peduzzi, Peter N and Murphy, Terrence E and Gill, Thomas M and Allore, Heather G},
  title     = {A dynamic trajectory class model for intensive longitudinal categorical outcome},
  journal   = {Statistics in Medicine},
  year      = {2014},
  volume    = {33},
  number    = {15},
  pages     = {2645--2664},
  publisher = {Wiley Online Library},
}

@Article{Group2000,
  author    = {{CAMP Research Group}},
  title     = {Long-term effects of budesonide or nedocromil in children with asthma},
  journal   = {New England Journal of Medicine},
  year      = {2000},
  volume    = {343},
  number    = {15},
  pages     = {1054--1063},
  publisher = {Mass Medical Soc},
}

@Article{Altman2007,
  author    = {Altman, Rachel MacKay},
  title     = {Mixed hidden Markov models: an extension of the hidden Markov model to the longitudinal data setting},
  journal   = {Journal of the American Statistical Association},
  year      = {2007},
  volume    = {102},
  number    = {477},
  pages     = {201--210},
  publisher = {Taylor \& Francis},
}

@Article{Raffa2015,
  author    = {Raffa, Jesse D and Dubin, Joel A},
  title     = {Multivariate longitudinal data analysis with mixed effects hidden Markov models},
  journal   = {Biometrics},
  year      = {2015},
  volume    = {71},
  number    = {3},
  pages     = {821--831},
  publisher = {Wiley Online Library},
}

@Article{Erler2019,
  author    = {Erler, Nicole S and Rizopoulos, Dimitris and Jaddoe, Vincent WV and Franco, Oscar H and Lesaffre, Emmanuel MEH},
  title     = {Bayesian imputation of time-varying covariates in linear mixed models},
  journal   = {Statistical Methods in Medical Research},
  year      = {2019},
  volume    = {28},
  number    = {2},
  pages     = {555--568},
  publisher = {SAGE Publications Sage UK: London, England},
}

@Article{Fitzmaurice2001,
  author    = {Fitzmaurice, Garrett M and Laird, Nan M and Shneyer, Lucy},
  title     = {An alternative parameterization of the general linear mixture model for longitudinal data with non-ignorable drop-outs},
  journal   = {Statistics in Medicine},
  year      = {2001},
  volume    = {20},
  number    = {7},
  pages     = {1009--1021},
  publisher = {Wiley Online Library},
}

@Article{Lin2004,
  author    = {Lin, Haiqun and McCulloch, Charles E and Rosenheck, Robert A},
  title     = {Latent pattern mixture models for informative intermittent missing data in longitudinal studies},
  journal   = {Biometrics},
  year      = {2004},
  volume    = {60},
  number    = {2},
  pages     = {295--305},
  publisher = {Wiley Online Library},
}

@Article{Merkle2019,
  author    = {Merkle, Edgar C and Furr, Daniel and Rabe-Hesketh, Sophia},
  title     = {Bayesian comparison of latent variable models: Conditional versus marginal likelihoods},
  journal   = {Psychometrika},
  year      = {2019},
  volume    = {84},
  number    = {3},
  pages     = {802--829},
  publisher = {Springer},
  url       = {https://doi.org/10.1007/s11336-019-09679-0}
}

@Article{Lu2021b,
  author    = {Lu, Zihang and Lou, Wendy},
  journal   = {International Journal of Biostatistics},
  title     = {Bayesian approaches to variable selection: a comparative study from practical perspectives},
  year      = {2022},
  month     = may,
  number    = {1},
  pages     = {89-108},
  volume    = {18},
  publisher = {SAGE Publications Sage UK: London, England},
  URL       = {https://doi.org/10.1515/ijb-2020-0130}
}

@Article{Kwon2011,
  author    = {Kwon, Deukwoo and Landi, Maria Teresa and Vannucci, Marina and Issaq, Haleem J and Prieto, DaRue and Pfeiffer, Ruth M},
  title     = {An efficient stochastic search for Bayesian variable selection with high-dimensional correlated predictors},
  journal   = {Computational Statistics \& Data Analysis},
  year      = {2011},
  volume    = {55},
  number    = {10},
  pages     = {2807--2818},
  publisher = {Elsevier},
}

@Article{Koo2020,
  author    = {Koo, Wonmo and Kim, Heeyoung},
  title     = {Bayesian nonparametric latent class model for longitudinal data},
  journal   = {Statistical Methods in Medical Research},
  year      = {2020},
  volume    = {29},
  number    = {11},
  pages     = {3381-3395},
  publisher = {SAGE Publications Sage UK: London, England},
}

@Article{Komarek2013,
  author    = {Kom{\'a}rek, Arno{\v{s}}t and Kom{\'a}rkov{\'a}, Lenka},
  title     = {Clustering for multivariate continuous and discrete longitudinal data},
  journal   = {The Annals of Applied Statistics},
  year      = {2013},
  volume    = {7},
  number    = {1},
  pages     = {177--200},
  publisher = {Institute of Mathematical Statistics},
  doi       = {10.1214/12-AOAS580}
}

@Article{Lock2013,
  author    = {Lock, Eric F and Dunson, David B},
  title     = {Bayesian consensus clustering},
  journal   = {Bioinformatics},
  year      = {2013},
  volume    = {29},
  number    = {20},
  pages     = {2610--2616},
  publisher = {Oxford University Press},
  doi       = {10.1093/bioinformatics/btt425}
}

@Article{Gabasova2017,
  author    = {Gabasova, Evelina and Reid, John and Wernisch, Lorenz},
  title     = {Clusternomics: Integrative context-dependent clustering for heterogeneous datasets},
  journal   = {Plos Computational Biology},
  year      = {2017},
  volume    = {13},
  number    = {10},
  pages     = {e1005781},
  publisher = {Public Library of Science},
}

@Article{Mo2018,
  author    = {Mo, Qianxing and Shen, Ronglai and Guo, Cui and Vannucci, Marina and Chan, Keith S and Hilsenbeck, Susan G},
  title     = {A fully Bayesian latent variable model for integrative clustering analysis of multi-type omics data},
  journal   = {Biostatistics},
  year      = {2018},
  volume    = {19},
  number    = {1},
  pages     = {71--86},
  publisher = {Oxford University Press},
}

@Article{Lu2018a,
  author    = {Lu, Zihang and Foong, Rachel E and Kowalik, Krzysztof and Moraes, Theo J and Boyce, Ayanna and Dubeau, Aimee and Balkovec, Susan and Gustafsson, Per Magnus and Becker, Allan B and Mandhane, Piush J and others},
  title     = {Ventilation inhomogeneity in infants with recurrent wheezing},
  journal   = {Thorax},
  year      = {2018},
  volume    = {73},
  number    = {10},
  pages     = {936--941},
  publisher = {BMJ Publishing Group Ltd},
}

@Article{Lu2018b,
  author    = {Lu, Zihang and Foong, Rachel E and Kowalik, Krzysztof and Moraes, Theo J and Dubeau, Aimee and Lefebvre, Diana and Davis, Stephanie D and Balkovec, Susan and Becker, Allan and Mandhane, Piush and others},
  title     = {Reference equations for the interpretation of forced expiratory and plethysmographic measurements in infants},
  journal   = {Pediatric Pulmonology},
  year      = {2018},
  volume    = {53},
  number    = {7},
  pages     = {907--916},
  publisher = {Wiley Online Library},
}

@Article{Azad2017,
  author    = {Azad, Meghan B and Vehling, Lorena and Lu, Zihang and Dai, David and Subbarao, Padmaja and Becker, Allan B and Mandhane, Piushkumar J and Turvey, Stuart E and Lefebvre, Diana L and Sears, Malcolm R},
  title     = {Breastfeeding, maternal asthma and wheezing in the first year of life: a longitudinal birth cohort study},
  journal   = {European Respiratory Journal},
  year      = {2017},
  volume    = {49},
  number    = {5},
  pages     = {1602019},
  publisher = {Eur Respiratory Soc},
}

@Article{Lu2019,
  author    = {Lu, Zihang and Lou, Wendy},
  title     = {Shape invariant mixture model for clustering non-linear longitudinal growth trajectories},
  journal   = {Statistical Methods in Medical Research},
  year      = {2019},
  volume    = {28},
  number    = {12},
  pages     = {3769--3784},
  publisher = {SAGE Publications Sage UK: London, England},
  URL       = {https://doi.org/10.1177/0962280218815301}
}

@Article{Green2001,
  author    = {Green, Peter J and Richardson, Sylvia},
  title     = {Modelling heterogeneity with and without the Dirichlet process},
  journal   = {Scandinavian Journal of Statistics},
  year      = {2001},
  volume    = {28},
  number    = {2},
  pages     = {355--375},
  publisher = {Wiley Online Library},
}

@Article{Ishwaran2001,
  author    = {Ishwaran, Hemant and James, Lancelot F},
  title     = {Gibbs sampling methods for stick-breaking priors},
  journal   = {Journal of the American Statistical Association},
  year      = {2001},
  volume    = {96},
  number    = {453},
  pages     = {161--173},
  publisher = {Taylor \& Francis},
}

@Article{Papaspiliopoulos2008,
  author    = {Papaspiliopoulos, Omiros and Roberts, Gareth O},
  title     = {Retrospective Markov chain Monte Carlo methods for Dirichlet process hierarchical models},
  journal   = {Biometrika},
  year      = {2008},
  volume    = {95},
  number    = {1},
  pages     = {169--186},
  publisher = {Oxford University Press},
}

@Article{Kalli2011,
  author    = {Kalli, Maria and Griffin, Jim E and Walker, Stephen G},
  title     = {Slice sampling mixture models},
  journal   = {Statistics and Computing},
  year      = {2011},
  volume    = {21},
  number    = {1},
  pages     = {93--105},
  publisher = {Springer},
}

@Article{Dunson2009,
  author    = {Dunson, David B},
  title     = {Bayesian nonparametric hierarchical modeling},
  journal   = {Biometrical Journal: Journal of Mathematical Methods in Biosciences},
  year      = {2009},
  volume    = {51},
  number    = {2},
  pages     = {273--284},
  publisher = {Wiley Online Library},
}

@Article{Sun2017,
  author    = {Sun, Jiehuan and Herazo-Maya, Jose D and Kaminski, Naftali and Zhao, Hongyu and Warren, Joshua L},
  title     = {A Dirichlet process mixture model for clustering longitudinal gene expression data},
  journal   = {Statistics in Medicine},
  year      = {2017},
  volume    = {36},
  number    = {22},
  pages     = {3495--3506},
  publisher = {Wiley Online Library},
}

@Article{Kirk2012,
  author    = {Kirk, Paul and Griffin, Jim E and Savage, Richard S and Ghahramani, Zoubin and Wild, David L},
  title     = {Bayesian correlated clustering to integrate multiple datasets},
  journal   = {Bioinformatics},
  year      = {2012},
  volume    = {28},
  number    = {24},
  pages     = {3290--3297},
  publisher = {Oxford University Press},
}

@Article{Shen2009,
  author    = {Shen, Ronglai and Olshen, Adam B and Ladanyi, Marc},
  title     = {Integrative clustering of multiple genomic data types using a joint latent variable model with application to breast and lung cancer subtype analysis},
  journal   = {Bioinformatics},
  year      = {2009},
  volume    = {25},
  number    = {22},
  pages     = {2906--2912},
  publisher = {Oxford University Press},
}

@Article{Shen2013,
  author    = {Shen, Ronglai and Wang, Sijian and Mo, Qianxing},
  title     = {Sparse integrative clustering of multiple omics data sets},
  journal   = {The Annals of Applied Statistics},
  year      = {2013},
  volume    = {7},
  number    = {1},
  pages     = {269-294},
  publisher = {NIH Public Access},
}

@Article{Wang2014a,
  author    = {Wang, Bo and Mezlini, Aziz M and Demir, Feyyaz and Fiume, Marc and Tu, Zhuowen and Brudno, Michael and Haibe-Kains, Benjamin and Goldenberg, Anna},
  title     = {Similarity network fusion for aggregating data types on a genomic scale},
  journal   = {Nature Methods},
  year      = {2014},
  volume    = {11},
  number    = {3},
  pages     = {333},
  publisher = {Nature Publishing Group},
}

@Article{Lock2013a,
  author    = {Lock, Eric F and Hoadley, Katherine A and Marron, James Stephen and Nobel, Andrew B},
  title     = {Joint and individual variation explained (JIVE) for integrated analysis of multiple data types},
  journal   = {The Annals of Applied Statistics},
  year      = {2013},
  volume    = {7},
  number    = {1},
  pages     = {523},
  publisher = {NIH Public Access},
}

@Article{Komarek2014,
  author    = {Kom{\'a}rek, Arno{\v{s}}t and Kom{\'a}rkov{\'a}, Lenka},
  journal   = {Journal of Statistical Software},
  title     = {Capabilities of {R} package mixAK for clustering based on multivariate continuous and discrete longitudinal data},
  year      = {2014},
  number    = {12},
  pages     = {1--38},
  volume    = {59},
  publisher = {Foundation for Open Access Statistics},
  note      = {R package version 5.5},
  URL       = {https://doi.org/10.18637/jss.v059.i12}
}

@Article{Chen2003,
  author    = {Chen, Zhen and Dunson, David B},
  title     = {Random effects selection in linear mixed models},
  journal   = {Biometrics},
  year      = {2003},
  volume    = {59},
  number    = {4},
  pages     = {762--769},
  publisher = {Wiley Online Library},
}

@Article{Kinney2007,
  author    = {Kinney, Satkartar K and Dunson, David B},
  title     = {Fixed and random effects selection in linear and logistic models},
  journal   = {Biometrics},
  year      = {2007},
  volume    = {63},
  number    = {3},
  pages     = {690--698},
  publisher = {Wiley Online Library},
}

@Article{Crainiceanu2005,
  author  = {Crainiceanu, Ciprian and Ruppert, David and Wand, Matthew P},
  title   = {Bayesian analysis for penalized spline regression using WinBUGS},
  journal   = {Journal of Statistical Software},
  year    = {2005},
  volume  = {14},
  number  = {14},
  pages   = {1-24},
}

@Article{Yue2012,
  author    = {Yue, Yu Ryan and Speckman, Paul L and Sun, Dongchu},
  title     = {Priors for Bayesian adaptive spline smoothing},
  journal   = {Annals of the Institute of Statistical Mathematics},
  year      = {2012},
  volume    = {64},
  number    = {3},
  pages     = {577--613},
  publisher = {Springer},
}

@Article{White2016a,
  author    = {White, Arthur and Wyse, Jason and Murphy, Thomas Brendan},
  title     = {Bayesian variable selection for latent class analysis using a collapsed Gibbs sampler},
  journal   = {Statistics and Computing},
  year      = {2016},
  volume    = {26},
  number    = {1-2},
  pages     = {511--527},
  publisher = {Springer},
}

@Article{Zobay2014,
  author    = {Zobay, O and others},
  title     = {Variational Bayesian inference with Gaussian-mixture approximations},
  journal   = {Electronic Journal of Statistics},
  year      = {2014},
  volume    = {8},
  number    = {1},
  pages     = {355--389},
  publisher = {The Institute of Mathematical Statistics and the Bernoulli Society},
}

@Article{Lim2020,
  author    = {Lim, Yaeji and Cheung, Ying Kuen and Oh, Hee-Seok},
  title     = {A generalization of functional clustering for discrete multivariate longitudinal data},
  journal   = {Statistical Methods in Medical Research},
  year      = {2020},
  pages     = {0962280220921912},
  publisher = {SAGE Publications Sage UK: London, England},
}

@Article{Neal2003,
  author    = {Neal, Radford M},
  title     = {Slice sampling},
  journal   = {Annals of Statistics},
  year      = {2003},
  volume    = {31},
  number    = {3},
  pages     = {705--741},
  publisher = {JSTOR},
}

@Article{Morris2017,
  author    = {Morris, Jeffrey S and Baladandayuthapani, Veerabhadran},
  title     = {Statistical contributions to bioinformatics: Design, modelling, structure learning and integration},
  journal   = {Statistical Modelling},
  year      = {2017},
  volume    = {17},
  number    = {4-5},
  pages     = {245--289},
  publisher = {SAGE Publications Sage India: New Delhi, India},
}

@Article{Zitnik2019,
  author    = {Zitnik, Marinka and Nguyen, Francis and Wang, Bo and Leskovec, Jure and Goldenberg, Anna and Hoffman, Michael M},
  title     = {Machine learning for integrating data in biology and medicine: Principles, practice, and opportunities},
  journal   = {Information Fusion},
  year      = {2019},
  volume    = {50},
  pages     = {71--91},
  publisher = {Elsevier},
}

@Article{Zhang2017,
  author    = {Zhang, Yuping and Ouyang, Zhengqing and Zhao, Hongyu},
  title     = {A statistical framework for data integration through graphical models with application to cancer genomics},
  journal   = {The Annals of Applied Statistics},
  year      = {2017},
  volume    = {11},
  number    = {1},
  pages     = {161},
  publisher = {NIH Public Access},
}

@Article{Zhang2018a,
  author    = {Zhang, Yuping and Ouyang, Zhengqing},
  title     = {Joint principal trend analysis for longitudinal high-dimensional data},
  journal   = {Biometrics},
  year      = {2018},
  volume    = {74},
  number    = {2},
  pages     = {430--438},
  publisher = {Wiley Online Library},
}

@Article{Buehlmann2014,
  author    = {B{\"u}hlmann, Peter and Kalisch, Markus and Meier, Lukas},
  title     = {High-dimensional statistics with a view toward applications in biology},
  journal   = {Annual Review of Statistics and Its Application},
  year      = {2014},
  volume    = {1},
  pages     = {255--278},
  publisher = {Annual Reviews},
}

@Article{Quintana2013,
  author    = {Quintana, MA and Conti, DV},
  title     = {Integrative variable selection via Bayesian model uncertainty},
  journal   = {Statistics in Medicine},
  year      = {2013},
  volume    = {32},
  number    = {28},
  pages     = {4938--4953},
  publisher = {Wiley Online Library},
}

@Article{Stingo2011,
  author    = {Stingo, Francesco C and Chen, Yian A and Tadesse, Mahlet G and Vannucci, Marina},
  title     = {Incorporating biological information into linear models: A Bayesian approach to the selection of pathways and genes},
  journal   = {The Annals of Applied Statistics},
  year      = {2011},
  volume    = {5},
  number    = {3},
  publisher = {NIH Public Access},
}

@Article{Loon2020,
  author    = {van Loon, Wouter and Fokkema, Marjolein and Szabo, Botond and de Rooij, Mark},
  title     = {Stacked penalized logistic regression for selecting views in multi-view learning},
  journal   = {Information Fusion},
  year      = {2020},
  volume    = {61},
  pages     = {113--123},
  publisher = {Elsevier},
}

@Article{Ray2014,
  author    = {Ray, Priyadip and Zheng, Lingling and Lucas, Joseph and Carin, Lawrence},
  title     = {Bayesian joint analysis of heterogeneous genomics data},
  journal   = {Bioinformatics},
  year      = {2014},
  volume    = {30},
  number    = {10},
  pages     = {1370--1376},
  publisher = {Oxford University Press},
}

@Article{Loon2020a,
  author  = {van Loon, Wouter and Fokkema, Marjolein and Szabo, Botond and de Rooij, Mark},
  title   = {View selection in multi-view stacking: Choosing the meta-learner},
  journal   = {Arxiv Preprint Arxiv:2010.16271},
  year    = {2020},
}

@InProceedings{Chen2012a,
  author       = {Chen, Xi and Han, Liu and Carbonell, Jaime},
  title        = {Structured sparse canonical correlation analysis},
  booktitle    = {Artificial intelligence and statistics},
  year         = {2012},
  pages        = {199--207},
  organization = {PMLR},
}

@Article{Luo2015,
  author    = {Luo, Yong and Tao, Dacheng and Ramamohanarao, Kotagiri and Xu, Chao and Wen, Yonggang},
  title     = {Tensor canonical correlation analysis for multi-view dimension reduction},
  journal   = {Ieee Transactions On Knowledge and Data Engineering},
  year      = {2015},
  volume    = {27},
  number    = {11},
  pages     = {3111--3124},
  publisher = {IEEE},
}

@InProceedings{Wu2020,
  author    = {Wu, Xingyu and Jiang, Bingbing and Yu, Kui and Chen, Huanhuan and Miao, Chunyan},
  title     = {Multi-label causal feature selection},
  booktitle = {Proceedings of the AAAI Conference on Artificial Intelligence},
  year      = {2020},
  volume    = {34},
  number    = {04},
  pages     = {6430--6437},
}

@Article{Bareinboim2016,
  author    = {Bareinboim, Elias and Pearl, Judea},
  title     = {Causal inference and the data-fusion problem},
  journal   = {Proceedings of the National Academy of Sciences},
  year      = {2016},
  volume    = {113},
  number    = {27},
  pages     = {7345--7352},
  publisher = {National Acad Sciences},
}

@Article{Guo2021,
  author  = {Guo, Wenshuo and Wang, Serena and Ding, Peng and Wang, Yixin and Jordan, Michael I},
  title   = {Multi-Source Causal Inference Using Control Variates},
  journal   = {Arxiv Preprint Arxiv:2103.16689},
  year    = {2021},
}

@InProceedings{Li2014,
  author    = {Li, Shao-Yuan and Jiang, Yuan and Zhou, Zhi-Hua},
  title     = {Partial multi-view clustering},
  booktitle = {Proceedings of the AAAI conference on artificial intelligence},
  year      = {2014},
  volume    = {28},
  number    = {1},
}

@Article{Zhu2020,
  author    = {Zhu, Changming and Chen, Chao and Zhou, Rigui and Wei, Lai and Zhang, Xiafen},
  title     = {A new multi-view learning machine with incomplete data},
  journal   = {Pattern Analysis and Applications},
  year      = {2020},
  pages     = {1--32},
  publisher = {Springer},
}

@Article{Xu2015a,
  author    = {Xu, Chang and Tao, Dacheng and Xu, Chao},
  title     = {Multi-view learning with incomplete views},
  journal   = {Ieee Transactions On Image Processing},
  year      = {2015},
  volume    = {24},
  number    = {12},
  pages     = {5812--5825},
  publisher = {IEEE},
}

@Article{Richardson2016,
  author    = {Richardson, Sylvia and Tseng, George C and Sun, Wei},
  title     = {Statistical methods in integrative genomics},
  journal   = {Annual Review of Statistics and Its Application},
  year      = {2016},
  volume    = {3},
  pages     = {181--209},
  publisher = {Annual Reviews},
}

@Article{Gao2020,
  author    = {Gao, Lucy L and Bien, Jacob and Witten, Daniela},
  title     = {Are clusterings of multiple data views independent?},
  journal   = {Biostatistics},
  year      = {2020},
  volume    = {21},
  number    = {4},
  pages     = {692--708},
  publisher = {Oxford University Press},
}

@Article{Brayet2014,
  author    = {Brayet, Jocelyn and Zehraoui, Farida and Jeanson-Leh, Laurence and Israeli, David and Tahi, Fariza},
  title     = {Towards a piRNA prediction using multiple kernel fusion and support vector machine},
  journal   = {Bioinformatics},
  year      = {2014},
  volume    = {30},
  number    = {17},
  pages     = {i364--i370},
  publisher = {Oxford University Press},
}

@Article{Mariette2018,
  author    = {Mariette, J{\'e}r{\^o}me and Villa-Vialaneix, Nathalie},
  title     = {Unsupervised multiple kernel learning for heterogeneous data integration},
  journal   = {Bioinformatics},
  year      = {2018},
  volume    = {34},
  number    = {6},
  pages     = {1009--1015},
  publisher = {Oxford University Press},
}

@Article{Zitnik2018,
  author    = {Zitnik, Marinka and Agrawal, Monica and Leskovec, Jure},
  title     = {Modeling polypharmacy side effects with graph convolutional networks},
  journal   = {Bioinformatics},
  year      = {2018},
  volume    = {34},
  number    = {13},
  pages     = {i457--i466},
  publisher = {Oxford University Press},
}

@InProceedings{Blum1998,
  author    = {Blum, Avrim and Mitchell, Tom},
  title     = {Combining labeled and unlabeled data with co-training},
  booktitle = {Proceedings of the eleventh annual conference on Computational learning theory},
  year      = {1998},
  pages     = {92--100},
}

@InProceedings{Sindhwani2005,
  author       = {Sindhwani, Vikas and Niyogi, Partha and Belkin, Mikhail},
  title        = {A co-regularization approach to semi-supervised learning with multiple views},
  booktitle    = {Proceedings of ICML workshop on learning with multiple views},
  year         = {2005},
  volume       = {2005},
  pages        = {74--79},
  organization = {Citeseer},
}

@Article{Ghahramani2015,
  author    = {Ghahramani, Zoubin},
  title     = {Probabilistic machine learning and artificial intelligence},
  journal   = {Nature},
  year      = {2015},
  volume    = {521},
  number    = {7553},
  pages     = {452--459},
  publisher = {Nature Publishing Group},
}

@Article{Chen2020,
  author    = {Chen, Irene Y and Joshi, Shalmali and Ghassemi, Marzyeh and Ranganath, Rajesh},
  title     = {Probabilistic machine learning for healthcare},
  journal   = {Annual Review of Biomedical Data Science},
  year      = {2020},
  volume    = {4},
  publisher = {Annual Reviews},
}

@Article{Sperisen2015,
  author    = {Sperisen, Peter and Cominetti, Ornella and Martin, Francois-Pierre},
  title     = {Longitudinal omics modeling and integration in clinical metabonomics research: challenges in childhood metabolic health research},
  journal   = {Frontiers in Molecular Biosciences},
  year      = {2015},
  volume    = {2},
  pages     = {44},
  publisher = {Frontiers},
}

@Article{Miller2018,
  author    = {Miller, Jeffrey W and Harrison, Matthew T},
  title     = {Mixture models with a prior on the number of components},
  journal   = {Journal of the American Statistical Association},
  year      = {2018},
  volume    = {113},
  number    = {521},
  pages     = {340--356},
  publisher = {Taylor \& Francis},
}

@Article{Tadesse2005,
  author    = {Tadesse, Mahlet G and Sha, Naijun and Vannucci, Marina},
  title     = {Bayesian variable selection in clustering high-dimensional data},
  journal   = {Journal of the American Statistical Association},
  year      = {2005},
  volume    = {100},
  number    = {470},
  pages     = {602--617},
  publisher = {Taylor \& Francis},
}

@InProceedings{Blei2004,
  author    = {Blei, David M and Jordan, Michael I},
  title     = {Variational methods for the Dirichlet process},
  booktitle = {Proceedings of the twenty-first international conference on Machine learning},
  year      = {2004},
  pages     = {12},
}

@Article{Wang2011,
  author    = {Wang, Lianming and Dunson, David B},
  title     = {Fast Bayesian inference in Dirichlet process mixture models},
  journal   = {Journal of Computational and Graphical Statistics},
  year      = {2011},
  volume    = {20},
  number    = {1},
  pages     = {196--216},
  publisher = {Taylor \& Francis},
}

@Article{Hoogland2020,
  author    = {Hoogland, Jeroen and van Barreveld, Marit and Debray, Thomas PA and Reitsma, Johannes B and Verstraelen, Tom E and Dijkgraaf, Marcel GW and Zwinderman, Aeilko H},
  title     = {Handling missing predictor values when validating and applying a prediction model to new patients},
  journal   = {Statistics in Medicine},
  year      = {2020},
  volume    = {39},
  number    = {25},
  pages     = {3591--3607},
  publisher = {Wiley Online Library},
}

@Article{Harel2007,
  author    = {Harel, Ofer and Zhou, Xiao-Hua},
  title     = {Multiple imputation: review of theory, implementation and software},
  journal   = {Statistics in Medicine},
  year      = {2007},
  volume    = {26},
  number    = {16},
  pages     = {3057--3077},
  publisher = {Wiley Online Library},
}

@InProceedings{Shao2013,
  author       = {Shao, Weixiang and Shi, Xiaoxiao and Philip, S Yu},
  title        = {Clustering on multiple incomplete datasets via collective kernel learning},
  booktitle    = {2013 IEEE 13th International Conference on Data Mining},
  year         = {2013},
  pages        = {1181--1186},
  organization = {IEEE},
}

@InProceedings{Rai2010,
  author       = {Rai, Piyush and Trivedi, Anusua and Daum{\'e} III, Hal and DuVall, Scott L},
  title        = {Multiview clustering with incomplete views},
  booktitle    = {Proceedings of the NIPS Workshop on Machine Learning for Social Computing},
  year         = {2010},
  organization = {Citeseer},
}

@Article{Luo2021,
  author    = {Luo, Yu and Stephens, David A and Verma, Aman and Buckeridge, David L},
  title     = {Bayesian latent multi-state modeling for nonequidistant longitudinal electronic health records},
  journal   = {Biometrics},
  year      = {2021},
  volume    = {77},
  number    = {1},
  pages     = {78--90},
  publisher = {Wiley Online Library},
}

@Article{Reboussin1999,
  author    = {Reboussin, Beth A and Liang, Kung-Yee and Reboussin, David M},
  title     = {Estimating equations for a latent transit ion model with multiple discrete indicators},
  journal   = {Biometrics},
  year      = {1999},
  volume    = {55},
  number    = {3},
  pages     = {839--845},
  publisher = {Wiley Online Library},
}

@Article{Miglioretti2003,
  author    = {Miglioretti, Diana L},
  title     = {Latent transition regression for mixed outcomes},
  journal   = {Biometrics},
  year      = {2003},
  volume    = {59},
  number    = {3},
  pages     = {710--720},
  publisher = {Wiley Online Library},
}

@Article{Chi2006,
  author    = {Chi, Yueh-Yun and Ibrahim, Joseph G},
  title     = {Joint models for multivariate longitudinal and multivariate survival data},
  journal   = {Biometrics},
  year      = {2006},
  volume    = {62},
  number    = {2},
  pages     = {432--445},
  publisher = {Wiley Online Library},
}

@Article{Hughes2021,
  author    = {Hughes, David and Garc{\'\i}a-Fi{\~n}ana, Marta and Wand, Matt},
  title     = {Fast approximate inference for multivariate longitudinal data},
  journal   = {Biostatistics},
  year      = {2021},
  publisher = {Oxford University Press},
}

@Article{Tan2021,
  author    = {Tan, Linda SL},
  title     = {Use of model reparametrization to improve variational Bayes},
  journal   = {Journal of the Royal Statistical Society: Series B (Statistical Methodology)},
  year      = {2021},
  volume    = {83},
  number    = {1},
  pages     = {30--57},
  publisher = {Wiley Online Library},
}

@Article{Nagin2018,
  author    = {Nagin, Daniel S and Jones, Bobby L and Passos, Valeria Lima and Tremblay, Richard E},
  title     = {Group-based multi-trajectory modeling},
  journal   = {Statistical Methods in Medical Research},
  year      = {2018},
  volume    = {27},
  number    = {7},
  pages     = {2015--2023},
  publisher = {SAGE Publications Sage UK: London, England},
  url       = {https://doi.org/10.1177/0962280216673085}
}

@Article{Lim2020a,
  author    = {Lim, Yaeji and Cheung, Ying Kuen and Oh, Hee-Seok},
  title     = {A generalization of functional clustering for discrete multivariate longitudinal data},
  journal   = {Statistical Methods in Medical Research},
  year      = {2020},
  volume    = {29},
  number    = {11},
  pages     = {3205--3217},
  publisher = {SAGE Publications Sage UK: London, England},
}

@Article{Xia2019,
  author    = {Xia, Ye-Mao and Tang, Nian-Sheng},
  title     = {Bayesian analysis for mixture of latent variable hidden Markov models with multivariate longitudinal data},
  journal   = {Computational Statistics \& Data Analysis},
  year      = {2019},
  volume    = {132},
  pages     = {190--211},
  publisher = {Elsevier},
}

@Article{Villarroel2009,
  author    = {Villarroel, Luis and Marshall, Guillermo and Bar{\'o}n, Anna E},
  journal   = {Statistics in Medicine},
  title     = {Cluster analysis using multivariate mixed effects models},
  year      = {2009},
  number    = {20},
  pages     = {2552--2565},
  volume    = {28},
  groups    = {[Zihang Lu:]},
  publisher = {Wiley Online Library},
}

@Article{Marshall2006,
  author    = {Marshall, Guillermo and De la Cruz-Mes{\'\i}a, Rolando and Bar{\'o}n, Anna E and Rutledge, James H and Zerbe, Gary O},
  journal   = {Statistics in Medicine},
  title     = {Non-linear random effects model for multivariate responses with missing data},
  year      = {2006},
  number    = {16},
  pages     = {2817--2830},
  volume    = {25},
  groups    = {Zihang Lu:6},
  publisher = {Wiley Online Library},
}

@Article{Yang2011,
  author    = {Yang, Hongxia and O’Brien, Sean and Dunson, David B},
  journal   = {Journal of the American Statistical Association},
  title     = {Nonparametric Bayes stochastically ordered latent class models},
  year      = {2011},
  number    = {495},
  pages     = {807--817},
  volume    = {106},
  publisher = {Taylor \& Francis},
}

@Article{Plummer2008,
  author    = {Plummer, Martyn},
  journal   = {Biostatistics},
  title     = {Penalized loss functions for Bayesian model comparison},
  year      = {2008},
  number    = {3},
  pages     = {523--539},
  volume    = {9},
  publisher = {Oxford University Press},
}

@Article{Gaskins2021,
  author  = {Gaskins, Jeremy T and Fuentes, Claudio and De La Cruz, Rolando},
  journal   = {Biostatistics},
  title   = {A Bayesian nonparametric model for classification of longitudinal profiles},
  year    = {2021},
}

@Article{FruehwirthSchnatter2020,
  author  = {Fr{\"u}hwirth-Schnatter, Sylvia and Malsiner-Walli, Gertraud and Gr{\"u}n, Bettina},
  journal   = {Arxiv Preprint Arxiv:2005.09918},
  title   = {Dynamic mixtures of finite mixtures and telescoping sampling},
  year    = {2020},
}

@Article{Bhattacharya2011,
  author  = {Bhattacharya, Anirban and Dunson, David B},
  journal   = {Biometrika},
  title   = {Sparse Bayesian infinite factor models},
  year    = {2011},
  pages   = {291--306},
}

@Article{Hoffman2013,
  author  = {Hoffman, Matthew D and Blei, David M and Wang, Chong and Paisley, John},
  title   = {Stochastic variational inference.},
  journal   = {Journal of Machine Learning Research},
  year    = {2013},
  volume  = {14},
  number  = {5},
}

@Article{Lu2021d,
  author  = {Lu, Zihang and Lou, Wendy},
  title   = {Bayesian Consensus Clustering for Mix-type Multivariate Longitudinal Data: Application to CHILD Cohort},
  journal   = {Biometrics},
  year    = {2021},
  volume  = {Submitted},
}

@Book{Diggle2002,
  title     = {Analysis of longitudinal data},
  publisher = {Oxford university press},
  year      = {2002},
  author    = {Diggle, Peter and Diggle, Peter J and Heagerty, Patrick and Liang, Kung-Yee and Zeger, Scott and others},
}

@Article{Zeger1992,
  author    = {Zeger, Scott L and Liang, Kung-Yee},
  title     = {An overview of methods for the analysis of longitudinal data},
  journal   = {Statistics in Medicine},
  year      = {1992},
  volume    = {11},
  number    = {14-15},
  pages     = {1825--1839},
  publisher = {Wiley Online Library},
}

@Article{Jordan1999,
  author    = {Jordan, Michael I and Ghahramani, Zoubin and Jaakkola, Tommi S and Saul, Lawrence K},
  journal   = {Machine Learning},
  title     = {An introduction to variational methods for graphical models},
  year      = {1999},
  number    = {2},
  pages     = {183--233},
  volume    = {37},
  groups    = {[Zihang Lu:]},
  publisher = {Springer},
}

@Article{Blei2017,
  author    = {Blei, David M and Kucukelbir, Alp and McAuliffe, Jon D},
  journal   = {Journal of the American Statistical Association},
  title     = {Variational inference: A review for statisticians},
  year      = {2017},
  number    = {518},
  pages     = {859--877},
  volume    = {112},
  groups    = {Zihang Lu:6},
  publisher = {Taylor \& Francis},
  URL       = {https://doi.org/10.1080/01621459.2017.1285773}
}

@Article{Blei2006,
  author    = {Blei, David M and Jordan, Michael I},
  title     = {Variational inference for Dirichlet process mixtures},
  journal   = {Bayesian Analysis},
  year      = {2006},
  volume    = {1},
  number    = {1},
  pages     = {121--143},
  publisher = {International Society for Bayesian Analysis},
}

@Article{Jain2004,
  author    = {Jain, Sonia and Neal, Radford M},
  title     = {A split-merge Markov chain Monte Carlo procedure for the Dirichlet process mixture model},
  journal   = {Journal of Computational and Graphical Statistics},
  year      = {2004},
  volume    = {13},
  number    = {1},
  pages     = {158--182},
  publisher = {Taylor \& Francis},
}

@Article{Sethuraman1994,
  author    = {Sethuraman, Jayaram},
  title     = {A constructive definition of Dirichlet priors},
  journal   = {Statistica Sinica},
  year      = {1994},
  pages     = {639--650},
  publisher = {JSTOR},
}

@Article{Nobile2004,
  author    = {Nobile, Agostino},
  title     = {On the posterior distribution of the number of components in a finite mixture},
  journal   = {The Annals of Statistics},
  year      = {2004},
  volume    = {32},
  number    = {5},
  pages     = {2044--2073},
  publisher = {Institute of Mathematical Statistics},
}

@Article{McCullagh2008,
  author    = {McCullagh, Peter and Yang, Jie},
  title     = {How many clusters?},
  journal   = {Bayesian Analysis},
  year      = {2008},
  volume    = {3},
  number    = {1},
  pages     = {101--120},
  publisher = {International Society for Bayesian Analysis},
}

@Article{Ferguson1973,
  author    = {Ferguson, Thomas S},
  title     = {A Bayesian analysis of some nonparametric problems},
  journal   = {The Annals of Statistics},
  year      = {1973},
  pages     = {209--230},
  publisher = {JSTOR},
}

@Article{Miller2013,
  author  = {Miller, Jeffrey W and Harrison, Matthew T},
  title   = {A simple example of Dirichlet process mixture inconsistency for the number of components},
  journal   = {Advances in Neural Information Processing Systems},
  year    = {2013},
  volume  = {26},
}

@Article{Stephens2000a,
  author    = {Stephens, Matthew},
  title     = {Bayesian analysis of mixture models with an unknown number of components-an alternative to reversible jump methods},
  journal   = {Annals of Statistics},
  year      = {2000},
  pages     = {40--74},
  publisher = {JSTOR},
}

@Article{Neal2000,
  author    = {Neal, Radford M},
  title     = {Markov chain sampling methods for Dirichlet process mixture models},
  journal   = {Journal of Computational and Graphical Statistics},
  year      = {2000},
  volume    = {9},
  number    = {2},
  pages     = {249--265},
  publisher = {Taylor \& Francis},
}

@Book{West1992,
  title     = {Hyperparameter estimation in Dirichlet process mixture models},
  publisher = {Duke University ISDS Discussion Paper\# 92-A03},
  year      = {1992},
  author    = {West, Mike},
}

@Article{Murray2020,
  author    = {Murray, Aja L and Eisner, Manuel and Nagin, Daniel and Ribeaud, Denis},
  title     = {A multi-trajectory analysis of commonly co-occurring mental health issues across childhood and adolescence},
  journal   = {European Child \& Adolescent Psychiatry},
  year      = {2020},
  pages     = {1--15},
  publisher = {Springer},
}

@Article{Mody2019,
  author    = {Mody, Aaloke and Eshun-Wilson, Ingrid and Sikombe, Kombatende and Schwartz, Sheree R and Beres, Laura K and Simbeza, Sandra and Mukamba, Njekwa and Somwe, Paul and Bolton-Moore, Carolyn and Padian, Nancy and others},
  title     = {Longitudinal engagement trajectories and risk of death among new ART starters in Zambia: A group-based multi-trajectory analysis},
  journal   = {Plos Medicine},
  year      = {2019},
  volume    = {16},
  number    = {10},
  pages     = {e1002959},
  publisher = {Public Library of Science San Francisco, CA USA},
}

@Article{Girard2019,
  author    = {Girard, Lisa-Christine and Tremblay, Richard E and Nagin, Daniel and C{\^o}t{\'e}, Sylvana M},
  title     = {Development of aggression subtypes from childhood to adolescence: a group-based multi-trajectory modelling perspective},
  journal   = {Journal of Abnormal Child Psychology},
  year      = {2019},
  volume    = {47},
  number    = {5},
  pages     = {825--838},
  publisher = {Springer},
}

@Article{Lu2022,
  author    = {Lu, Zihang and Lou, Wendy},
  title     = {Bayesian consensus clustering for multivariate longitudinal data},
  journal   = {Statistics in Medicine},
  year      = {2022},
  volume    = {41},
  number    = {1},
  pages     = {108--127},
  publisher = {Wiley Online Library},
  doi       = {10.1002/sim.9225}
}

@Article{Bruckers2016,
  author    = {Bruckers, Liesbeth and Molenberghs, Geert and Drinkenburg, Pim and Geys, Helena},
  title     = {A clustering algorithm for multivariate longitudinal data},
  journal   = {Journal of Biopharmaceutical Statistics},
  year      = {2016},
  volume    = {26},
  number    = {4},
  pages     = {725--741},
  publisher = {Taylor \& Francis},
}

@Article{Ding2021,
  author    = {Ding, Ming and Chavarro, Jorge E and Fitzmaurice, Garrett M},
  journal   = {Statistical Methods in Medical Research},
  title     = {Development of a mixture model allowing for smoothing functions of longitudinal trajectories},
  year      = {2021},
  number    = {2},
  pages     = {549--562},
  volume    = {30},
  groups    = {[Zihang Lu:]},
  publisher = {SAGE Publications Sage UK: London, England},
}

@Article{Cruz-Mesia2007,
  author    = {Cruz-Mes{\'\i}a, Rolando De la and Quintana, Fernando A and M{\"u}ller, Peter},
  journal   = {Journal of the Royal Statistical Society: Series C (Applied Statistics)},
  title     = {Semiparametric Bayesian classification with longitudinal markers},
  year      = {2007},
  number    = {2},
  pages     = {119--137},
  volume    = {56},
  groups    = {Zihang Lu:6},
  publisher = {Wiley Online Library},
}

@Article{Chen2019,
  author    = {Chen, Wenjia and Subbarao, Padmaja and McGihon, Rachel E and Feldman, Laura Y and Zhu, Jingqin and Lou, Wendy and Gershon, Andrea S and Abdullah, Kawsari and Moraes, Theo J and Dubeau, Aim{\'e}e and others},
  journal   = {Pediatric Pulmonology},
  title     = {Patterns of health care use related to respiratory conditions in early life: a birth cohort study with linked administrative data},
  year      = {2019},
  number    = {8},
  pages     = {1267--1276},
  volume    = {54},
  publisher = {Wiley Online Library},
}

@Article{Adjei2022,
  author    = {Adjei, Nicholas Kofi and Schl{\"u}ter, Daniela K and Straatmann, Viviane S and Melis, Gabriella and Fleming, Kate M and McGovern, Ruth and Howard, Louise M and Kaner, Eileen and Wolfe, Ingrid and Taylor-Robinson, David C and others},
  journal   = {The Lancet Regional Health-europe},
  title     = {Impact of poverty and family adversity on adolescent health: a multi-trajectory analysis using the UK Millennium Cohort Study},
  year      = {2022},
  pages     = {100279},
  volume    = {13},
  publisher = {Elsevier},
}

@Article{Shi2021,
  author    = {Shi, Nannan and Huang, Chao and Zhang, Qi and Shi, Chunzi and Liu, Fengjun and Song, Fengxiang and Hou, Qinguo and Shen, Jie and Shan, Fei and Su, Xiaoming and others},
  journal   = {Bmc Pulmonary Medicine},
  title     = {Longitudinal trajectories of pneumonia lesions and lymphocyte counts associated with disease severity among convalescent COVID-19 patients: a group-based multi-trajectory analysis},
  year      = {2021},
  number    = {1},
  pages     = {1--8},
  volume    = {21},
  publisher = {BioMed Central},
}

@Article{Morales2022,
  author    = {Morales, Mar{\'\i}a Francisca and MacBeth, Angus and Swartzman, Samantha and Girard, Lisa-Christine},
  journal   = {Research On Child and Adolescent Psychopathology},
  title     = {Multi-Trajectories of Conduct Problems, Hyperactivity/Inattention, and Peer Problems Across Childhood: Results from the Growing Up in Scotland Birth Cohort},
  year      = {2022},
  pages     = {1--15},
  publisher = {Springer},
}

@Article{Lu2021,
  author    = {Lu, Zihang and Lou, Wendy},
  journal   = {Journal of Applied Statistics},
  title     = {Bayesian approaches to variable selection in mixture models with application to disease clustering},
  year      = {2021},
  pages     = {1--21},
  publisher = {Taylor \& Francis},
  URL       = {https://doi.org/10.1080/02664763.2021.1994529}
}

@Article{Rouanet2021,
  author  = {Rouanet, Ana{\"\i}s and Johnson, Rob and Strauss, Magdalena E and Richardson, Sylvia and Tom, Brian D and White, Simon R and Kirk, Paul DW},
  journal   = {Arxiv Preprint Arxiv:2111.04518},
  title   = {Bayesian profile regression for clustering analysis involving a longitudinal response and explanatory variables},
  year    = {2021},
}

@Article{Genolini2010,
  author    = {Christophe Genolini and
               B{\'{e}}atrice Falissard},
  title     = {KmL: k-means for longitudinal data},
  journal   = {Computational Statistics},
  year      = {2009},
  volume    = {25},
  number    = {2},
  pages     = {317--328},
  doi       = {10.1007/s00180-009-0178-4},
}


@Article{Jones2001,
  author    = {Jones, Bobby L and Nagin, Daniel S and Roeder, Kathryn},
  journal   = {Sociological Methods \& Research},
  title     = {A SAS procedure based on mixture models for estimating developmental trajectories},
  year      = {2001},
  number    = {3},
  pages     = {374--393},
  volume    = {29},
  publisher = {Sage Publications},
}

@Article{Anderson2008,
  author    = {Anderson, Gary P},
  journal   = {The Lancet},
  title     = {Endotyping asthma: new insights into key pathogenic mechanisms in a complex, heterogeneous disease},
  year      = {2008},
  number    = {9643},
  pages     = {1107--1119},
  volume    = {372},
  publisher = {Elsevier},
  URL       = {https://doi.org/10.1016/S0140-6736(08)61452-X}
}

@Article{McNicholas2012,
  author    = {McNicholas, Paul D and Subedi, Sanjeena},
  journal   = {Journal of Statistical Planning and Inference},
  title     = {Clustering gene expression time course data using mixtures of multivariate t-distributions},
  year      = {2012},
  number    = {5},
  pages     = {1114--1127},
  volume    = {142},
  publisher = {Elsevier},
  URL       = {https://doi.org/10.1016/j.jspi.2011.11.026}
}

@Article{Genolini2013,
  author    = {Genolini, Christophe and Pingault, Jean-Baptiste and Driss, Tarak and C{\^o}t{\'e}, Sylvana and Tremblay, Richard E and Vitaro, Franck and Arnaud, Catherine and Falissard, Bruno},
  journal   = {Computer Methods and Programs in Biomedicine},
  title     = {KmL3D: a non-parametric algorithm for clustering joint trajectories},
  year      = {2013},
  number    = {1},
  pages     = {104--111},
  volume    = {109},
  publisher = {Elsevier},
  URL       = {https://doi.org/10.1016/j.cmpb.2012.08.016}
}

@Article{Belgrave2018,
  author    = {Belgrave, Danielle CM and Granell, Raquel and Turner, Steve W and Curtin, John A and Buchan, Iain E and Le Sou{\"e}f, Peter N and Simpson, Angela and Henderson, A John and Custovic, Adnan},
  journal   = {The Lancet Respiratory Medicine},
  title     = {Lung function trajectories from pre-school age to adulthood and their associations with early life factors: a retrospective analysis of three population-based birth cohort studies},
  year      = {2018},
  number    = {7},
  pages     = {526--534},
  volume    = {6},
  publisher = {Elsevier},
  URL       = {https://doi.org/10.1016/S2213-2600(18)30099-7}
}

@Article{DenTeuling2020,
  author    = {Den Teuling, NGP and Pauws, SC and van den Heuvel, ER},
  journal   = {Communications in Statistics-simulation and Computation},
  title     = {A comparison of methods for clustering longitudinal data with slowly changing trends},
  year      = {2020},
  pages     = {1--28},
  publisher = {Taylor \& Francis},
  url       = {https://doi.org/10.1080/03610918.2020.1861464}
}

@Article{Massara2021,
  author    = {Massara, Paraskevi and Keown-Stoneman, Charles DG and Erdman, Lauren and Ohuma, Eric O and Bourdon, Celine and Maguire, Jonathon L and Comelli, Elena M and Birken, Catherine and Bandsma, Robert HJ},
  journal   = {International Journal of Epidemiology},
  title     = {Identifying longitudinal-growth patterns from infancy to childhood: a study comparing multiple clustering techniques},
  year      = {2021},
  number    = {3},
  pages     = {1000--1010},
  volume    = {50},
  publisher = {Oxford University Press},
}

@Article{Genolini2016,
  author    = {Genolini, Christophe and Ecochard, Ren{\'e} and Benghezal, Mamoun and Driss, Tarak and Andrieu, Sandrine and Subtil, Fabien},
  journal   = {Plos One},
  title     = {kmlShape: an efficient method to cluster longitudinal data (time-series) according to their shapes},
  year      = {2016},
  number    = {6},
  pages     = {e0150738},
  volume    = {11},
  publisher = {Public Library of Science San Francisco, CA USA},
}

@Article{Lv2020,
  author    = {Lv, Yang and Zhu, Xiaolu and Zhu, Zhongyi and Qu, Annie},
  journal   = {Statistica Sinica},
  title     = {Nonparametric cluster analysis on multiple outcomes of longitudinal data},
  year      = {2020},
  number    = {4},
  pages     = {1829--1856},
  volume    = {30},
  publisher = {JSTOR},
}

@Article{Nagin2010,
  author  = {Nagin, Daniel S and Odgers, Candice L},
  journal   = {Annual Review of Clinical Psychology},
  title   = {Group-based trajectory modeling in clinical research},
  year    = {2010},
  number  = {1},
  pages   = {109--138},
  volume  = {6},
}

@Book{Hastie2009,
  author    = {Hastie, Trevor and Tibshirani, Robert and Friedman, Jerome H and Friedman, Jerome H},
  publisher = {Springer},
  title     = {The elements of statistical learning: data mining, inference, and prediction},
  year      = {2009},
  volume    = {2},
}

@Article{Marson2007,
  author    = {Marson, AG and Appleton, R and Baker, GA and Chadwick, DW and Doughty, J and Eaton, B and Gamble, C and Jacoby, A and Shackley, P and Smith, DF and others},
  journal   = {Health Technology Assessment-southampton-},
  title     = {A randomised controlled trial examining the longer-term outcomes of standard versus new antiepileptic drugs. The SANAD trial},
  year      = {2007},
  number    = {37},
  volume    = {11},
  publisher = {National Coordinating Centre for Health Technology Assessment},
  url       = {https://doi.org/10.3310/hta11370}
}

@Article{Bouveyron2011,
  author    = {Bouveyron, Charles and Jacques, Julien},
  journal   = {Advances in Data Analysis and Classification},
  title     = {Model-based clustering of time series in group-specific functional subspaces},
  year      = {2011},
  number    = {4},
  pages     = {281--300},
  volume    = {5},
  publisher = {Springer},
}

@Article{Foss2019,
  author    = {Foss, Alexander H and Markatou, Marianthi and Ray, Bonnie},
  journal   = {International Statistical Review},
  title     = {Distance metrics and clustering methods for mixed-type data},
  year      = {2019},
  number    = {1},
  pages     = {80--109},
  volume    = {87},
  publisher = {Wiley Online Library},
}

@Article{Nagin2010a,
  author    = {Nagin, Daniel S and Odgers, Candice L},
  journal   = {Journal of Quantitative Criminology},
  title     = {Group-based trajectory modeling (nearly) two decades later},
  year      = {2010},
  number    = {4},
  pages     = {445--453},
  volume    = {26},
  publisher = {Springer},
  URL       = {https://doi.org/10.1007/s10940-010-9113-7}
}

@Article{Nagin2016,
  author    = {Nagin, Daniel S},
  journal   = {Journal of Research in Crime and Delinquency},
  title     = {Group-based trajectory modeling and criminal career research},
  year      = {2016},
  number    = {3},
  pages     = {356--371},
  volume    = {53},
  publisher = {Sage Publications Sage CA: Los Angeles, CA},
  URL       = {https://doi.org/10.1177/0022427815611710}
}

@Article{Bouveyron2007,
  author    = {Bouveyron, Charles and Girard, St{\'e}phane and Schmid, Cordelia},
  journal   = {Computational Statistics \& Data Analysis},
  title     = {High-dimensional data clustering},
  year      = {2007},
  number    = {1},
  pages     = {502--519},
  volume    = {52},
  publisher = {Elsevier},
  doi       = {https://doi.org/10.1016/j.csda.2007.02.009}
}

@Article{Nagin2005,
  author    = {Nagin, Daniel S and Tremblay, Richard E},
  journal   = {The Annals of the American Academy of Political and Social Science},
  title     = {What has been learned from group-based trajectory modeling? Examples from physical aggression and other problem behaviors},
  year      = {2005},
  number    = {1},
  pages     = {82--117},
  volume    = {602},
  publisher = {Sage Publications Sage CA: Thousand Oaks, CA},
  URL       = {https://doi.org/10.1177/0002716205280565}
}

@Article{Komarek2009,
  author    = {Kom{\'a}rek, Arno{\v{s}}t},
  journal   = {Computational Statistics \& Data Analysis},
  title     = {A new {R} package for Bayesian estimation of multivariate normal mixtures allowing for selection of the number of components and interval-censored data},
  year      = {2009},
  number    = {12},
  pages     = {3932--3947},
  volume    = {53},
  publisher = {Elsevier},
  URL       = {https://doi.org/10.1016/j.csda.2009.05.006}
}

@Article{VanBuuren2011,
  author  = {Van Buuren, Stef and Groothuis-Oudshoorn, Karin},
  journal   = {Journal of Statistical Software},
  title   = {mice: Multivariate imputation by chained equations in R},
  year    = {2011},
  pages   = {1--67},
  volume  = {45},
  doi     = {10.18637/jss.v045.i03}
}

@Article{Hennig2007,
  author    = {Hennig, Christian},
  journal   = {Computational Statistics \& Data Analysis},
  title     = {Cluster-wise assessment of cluster stability},
  year      = {2007},
  number    = {1},
  pages     = {258--271},
  volume    = {52},
  publisher = {Elsevier},
  URL       = {https://doi.org/10.1016/j.csda.2006.11.025}
}

@Article{Tan2022,
  author  = {Tan, Zhiwen and Shen, Chang and Lu, Zihang},
  journal   = {Url Https://github.com/zhiwent/bcclong},
  title   = {BCClong package: Bayesian Consensus Clustering model for mixed-type longitudinal data},
  year    = {2022},
}


@Article{Leisch2004,
    title = {{FlexMix}: A General Framework for Finite Mixture Models
      and Latent Class Regression in {R}},
    author = {Friedrich Leisch},
    journal = {Journal of Statistical Software},
    year = {2004},
    volume = {11},
    number = {8},
    pages = {1--18},
    doi = {10.18637/jss.v011.i08},
}

@Manual{Magrini2022,
  author = {Alessandro Magrini},
  title  = {gbmt: Group-Based Multivariate Trajectory Modeling},
  year   = {2022},
  note   = {R package version 0.1.3},
  url    = {https://CRAN.R-project.org/package=gbmt},
}

@InProceedings{Ray1999,
  author       = {Ray, Siddheswar and Turi, Rose H},
  booktitle    = {Proceedings of the 4th international conference on advances in pattern recognition and digital techniques},
  title        = {Determination of number of clusters in k-means clustering and application in colour image segmentation},
  year         = {1999},
  organization = {Citeseer},
  pages        = {143},
  volume       = {137},
}

@Article{Hickey2018,
  author    = {Hickey, Graeme L and Philipson, Pete and Jorgensen, Andrea and Kolamunnage-Dona, Ruwanthi},
  journal   = {BMC Medical Research Methodology},
  title     = {{joineRML}: a joint model and software package for time-to-event and multivariate longitudinal outcomes},
  year      = {2018},
  number    = {1},
  pages     = {1--14},
  volume    = {18},
  publisher = {Springer},
  URL       = {https://doi.org/10.1186/s12874-018-0502-1}
}

@Article{Tan2022a,
  author  = {Tan, Zhiwen and Shen, Chang and Subbarao, Padmaja and Lou, Wendy and Lu, Zihang},
  journal = {Arxiv Preprint Arxiv:2210.08385},
  title   = {A Joint Modeling Approach for Clustering Mixed-Type Multivariate Longitudinal Data: Application to the {CHILD} Cohort Study},
  year    = {2022},
  URL     = {https://doi.org/10.48550/arXiv.2210.08385}
}

@Manual{Wilke2019,
    title = {cowplot: Streamlined Plot Theme and Plot Annotations for 'ggplot2'},
    author = {Claus O. Wilke},
    year = {2024},
    note = {R package version 1.1.3},
    url = {https://CRAN.R-project.org/package=cowplot},
}


@Misc{Gelman2014,
  author    = {Gelman, Andrew and Carlin, John B and Stern, Hal S and Rubin, Donald B},
  title     = {Bayesian data analysis (Vol. 2)},
  year      = {2014},
  publisher = {Taylor \& Francis Boca Raton},
}

@Article{Gelman2014a,
  author    = {Gelman, Andrew and Hwang, Jessica and Vehtari, Aki},
  journal   = {Statistics and Computing},
  title     = {Understanding predictive information criteria for {B}ayesian models},
  year      = {2014},
  number    = {6},
  pages     = {997--1016},
  volume    = {24},
  publisher = {Springer},
  URL       = {https://doi.org/10.1007/s11222-013-9416-2}
}

@Manual{Hall2022,
  title  = {LaplacesDemon: Complete Environment for Bayesian Inference},
  author = {Hall, Byron},
  note   = {R package version 16.1.6},
  year   = {2021},
  url    = {https://CRAN.R-project.org/package=LaplacesDemon},
}

@Manual{Maechler2022,
  title  = {cluster: Cluster Analysis Basics and Extensions},
  author = {Martin Maechler and Peter Rousseeuw and Anja Struyf and Mia Hubert and Kurt Hornik},
  note   = {R package version 2.1.4},
  year   = {2022},
  url    = {https://CRAN.R-project.org/package=cluster},
}

@Book{Wickham2016,
  author = {Hadley Wickham},
  title = {ggplot2: Elegant Graphics for Data Analysis},
  publisher = {Springer-Verlag New York},
  year = {2016},
  isbn = {978-3-319-24277-4},
  url = {https://ggplot2.tidyverse.org},
}


@Article{Papastamoulis2016,
  author  = {Panagiotis Papastamoulis},
  journal = {Journal of Statistical Software, Code Snippets},
  title   = {{label.switching}: An {R} Package for Dealing with the Label Switching Problem in {MCMC} Outputs},
  year    = {2016},
  number  = {1},
  pages   = {1--24},
  volume  = {69},
  doi     = {10.18637/jss.v069.c01},
  note   = {R package version 1.8},
}

  
@Article{Bates2015,
  author  = {Douglas Bates and Martin M{\"a}chler and Ben Bolker and Steve Walker},
  journal   = {Journal of Statistical Software},
  title   = {Fitting Linear Mixed-Effects Models Using {lme4}},
  year    = {2015},
  number  = {1},
  pages   = {1--48},
  volume  = {67},
  doi     = {10.18637/jss.v067.i01},
  note   = {R package version 1.1-31},
}

  
@Article{Martin2011,
  author  = {Andrew D. Martin and Kevin M. Quinn and Jong Hee Park},
  journal = {Journal of Statistical Software},
  title   = {{MCMCpack}: {M}arkov chain {M}onte {C}arlo in {R}},
  year    = {2011},
  number  = {9},
  pages   = {22},
  volume  = {42},
  doi     = {10.18637/jss.v042.i09},
  note    = {R package version 1.6-3},
}

@Article{Martyn2006,
    title = {CODA: Convergence Diagnosis and Output Analysis for MCMC},
    author = {Martyn Plummer and Nicky Best and Kate Cowles and Karen
      Vines},
    journal = {R News},
    year = {2006},
    volume = {6},
    number = {1},
    pages = {7--11},
    url = {https://journal.r-project.org/archive/},
    pdf = {https://www.r-project.org/doc/Rnews/Rnews_2006-1.pdf},
    note      = {R package version 0.19-4},
}

  
@Manual{Genz2021,
  title  = {{mvtnorm}: Multivariate Normal and t Distributions},
  author = {Alan Genz and Frank Bretz and Tetsuhisa Miwa and Xuefei Mi and Friedrich Leisch and Fabian Scheipl and Torsten Hothorn},
  note   = {R package version 1.1-3},
  year   = {2021},
  url    = {https://CRAN.R-project.org/package=mvtnorm},
}

  
@Article{Eddelbuettel2011,
  author  = {Dirk Eddelbuettel and Romain Fran\c{c}ois},
  journal   = {Journal of Statistical Software},
  title   = {{Rcpp}: Seamless {R} and {C++} Integration},
  year    = {2011},
  number  = {8},
  pages   = {1--18},
  volume  = {40},
  doi     = {10.18637/jss.v040.i08},
  note = {R package version 1.0.9},
}

  
@Manual{Maechler2022a,
  title  = {Rmpfr: R MPFR - Multiple Precision Floating-Point Reliable},
  author = {Martin Maechler},
  note   = {R package version 0.8-9},
  year   = {2022},
  url    = {https://CRAN.R-project.org/package=Rmpfr},
}


 @Manual{Hall2008,
    author = {{Statisticat} and {LLC.}},
    year = {2021},
    title = {LaplacesDemon: Complete Environment for Bayesian
      Inference},
    note = {R package version 16.1.6},
    url =
      {https://web.archive.org/web/20150206004624/http://www.bayesian-inference.com/software},
    publisher = {Bayesian-Inference.com},
}

@Manual{Ripley2013,
  title = {{MASS}: Support Functions and Datasets for Venables and Ripley's MASS},
  author = {Ripley, Brian and Venables, Bill and Bates, Douglas M and Hornik, Kurt and Gebhardt, Albrecht and Firth, David and Ripley},
  year = {2013},
  note = {R package version 7.3-58.1},
  url = {https://CRAN.R-project.org/package=crosstalk},
}

@Book{Fraley2006,
    title = {Model-Based Clustering, Classification, and Density
      Estimation Using {mclust} in {R}},
    author = {Luca Scrucca and Chris Fraley and T. Brendan Murphy and
      Adrian E. Raftery},
    publisher = {Chapman and Hall/CRC},
    isbn = {978-1032234953},
    doi = {10.1201/9781003277965},
    year = {2023},
    url = {https://mclust-org.github.io/book/},
    note   = {R package version 6.0.0},
}

@Manual{Novomestky2016,
  title  = {truncdist: Truncated Random Variables},
  author = {Novomestky, Frederick and Nadarajah, Saralees and Novomestky, Maintainer Frederick},
  note   = {R package version 1.0-2},
  year   = {2016},
  url    = {https://CRAN.R-project.org/package=truncdist},
}

@Book{Ripley2016,
    title = {Modern Applied Statistics with S},
    author = {W. N. Venables and B. D. Ripley},
    publisher = {Springer},
    edition = {Fourth},
    address = {New York},
    year = {2002},
    note = {ISBN 0-387-95457-0, R package version 7.3-18},
    url = {https://www.stats.ox.ac.uk/pub/MASS4/},
}

@Article{Magrini2022a,
  author    = {Magrini, Alessandro},
  journal   = {Asta Advances in Statistical Analysis},
  title     = {Assessment of agricultural sustainability in European Union countries: A group-based multivariate trajectory approach},
  year      = {2022},
  number    = {4},
  pages     = {673--703},
  volume    = {106},
  publisher = {Springer},
  URL       = {https://doi.org/10.1007/s10182-022-00437-9}
}

@InProceedings{Ahn2014,
  author       = {Ahn, Sungjin and Shahbaba, Babak and Welling, Max},
  booktitle    = {International conference on machine learning},
  title        = {Distributed stochastic gradient {MCMC}},
  year         = {2014},
  organization = {PMLR},
  pages        = {1044--1052},
  url = 	 {https://proceedings.mlr.press/v32/ahn14.html}
}

@Article{Heggeseth2018,
  author    = {Heggeseth, Brianna C and Jewell, Nicholas P},
  journal   = {The Annals of Applied Statistics},
  title     = {How {G}aussian mixture models might miss detecting factors that impact growth patterns},
  year      = {2018},
  number    = {1},
  pages     = {222--245},
  volume    = {12},
  publisher = {JSTOR},
  url       = {https://doi.org/10.1214/17-aoas1066}
}

@Article{Lu2024,
  author    = {Lu, Zihang and Subbarao, Padmaja and Lou, Wendy},
  journal   = {Journal of the Royal Statistical Society Series C: Applied Statistics},
  title     = {A {B}ayesian latent class model for integrating multi-source longitudinal data: application to the {CHILD} cohort study},
  year      = {2024},
  number    = {2},
  pages     = {398--419},
  volume    = {73},
  publisher = {Oxford University Press US},
  url       = {https://doi.org/10.1093/jrsssc/qlad100}
}

@Article{Lu2023,
  author    = {Lu, Zihang and Ahmadiankalati, Mojtaba and Tan, Zhiwen},
  journal   = {Statistics in Medicine},
  title     = {Joint clustering multiple longitudinal features: A comparison of methods and software packages with practical guidance},
  year      = {2023},
  number    = {29},
  pages     = {5513--5540},
  volume    = {42},
  publisher = {Wiley Online Library},
  url       = {https://doi.org/10.1002/sim.9917},
}

@Article{Lu2023a,
  author  = {Lu, Zihang and Chandra, Noirrit Kiran},
  journal = {Statistics in Medicine},
  title   = {A Sparse Factor Model for Clustering High-Dimensional Longitudinal Data},
  year    = {2024},
  number  = {19},
  pages   = {3633-3648},
  volume  = {43},
  url     = {doi: 10.1002/sim.10151},
}

@Comment{jabref-meta: databaseType:bibtex;}

@Comment{jabref-meta: grouping:
0 AllEntriesGroup:;
1 StaticGroup:Markings\;2\;1\;\;\;\;;
2 StaticGroup:Zihang Lu:6\;2\;1\;\;\;\;;
2 StaticGroup:[Zihang Lu:]\;2\;1\;\;\;\;;
1 StaticGroup:Markings\;2\;1\;\;\;\;;
2 StaticGroup:Zihang Lu:6\;2\;1\;\;\;\;;
2 StaticGroup:[Zihang Lu:]\;2\;1\;\;\;\;;
1 StaticGroup:Markings\;2\;1\;\;\;\;;
2 StaticGroup:Zihang Lu:6\;2\;1\;\;\;\;;
2 StaticGroup:[Zihang Lu:]\;2\;1\;\;\;\;;
}
