@Article{Lusseau_etal_2008,
  title = {Incorporating Uncertainty into the Study of Animal Social Networks},
  author = {D. Lusseau and H. Whitehead and S. Gero},
  journal = {Animal Behavior},
  volume = {75},
  number = {5},
  pages = {1809--1815},
  year = {2008},
  url = {https://doi.org/10.1016/j.anbehav.2007.10.029},
}

@InProceedings{Islambekov:etal:2018,
  title = {Role of Local Geometry in Robustness of Power Grid Networks},
  author = {Umar Islambekov and Asim K. Dey and Yulia R. Gel and H Vincent Poor},
  booktitle = {Global Conference on Signal and Information Processing (GlobalSIP), 2018 IEEE},
  year = {2018},
}

@Article{Crane:2018,
  title = {Steady State Clusters and The {R\'{a}th}--{T\'{o}th} Forest Fire Model},
  author = {Edward Crane},
  journal = {arXiv preprint arXiv:1809.03462},
  year = {2018},
  url = {https://arxiv.org/abs/1809.03462},
}

@Article{Orbanz:2017,
  title = {Subsampling Large Graphs and Invariance in Networks},
  author = {Peter Orbanz},
  journal = {arXiv preprint arXiv:1710.04217},
  year = {2017},
  url = {https://arxiv.org/abs/1710.04217},
}

@Article{Aldous:Lyons:2007,
  title = {Processes on Unimodular Random Networks},
  author = {D. Aldous and R. Lyons},
  journal = {Electronic Journal of Probability},
  volume = {12},
  number = {54},
  pages = {1454--1508},
  year = {2007},
  url = {https://doi.org/10.1214/EJP.v12-463},
}

@Article{Epskamp:etal:2018,
  title = {Estimating Psychological Networks and Their Accuracy: A Tutorial Paper},
  author = {Sacha Epskamp and Denny Borsboom and Eiko I Fried},
  journal = {Behavior Research Methods},
  volume = {50},
  number = {1},
  pages = {195--212},
  year = {2018},
  url = {https://doi.org/10.3758/s13428-017-0862-1},
}

@InProceedings{Ahmed:etal:2014,
  title = {Graph Sample and Hold: a Framework for Big-Graph Analytics},
  author = {N. K Ahmed and N. Duffield and J. Neville and R. Kompella},
  booktitle = {Proc. of the 20th {ACM} {SIGKDD} Int. Conf. on Knowledge Discovery and Data Mining},
  pages = {1446--1455},
  year = {2014},
  url = {http://dx.doi.org/10.1145/2623330.2623757},
}

@Article{Illenberger:Flotterod:2012,
  title = {Estimating Network Properties from Snowball Sampled Data},
  author = {J. Illenberger and G. Flötteröd},
  journal = {Social Networks},
  year = {2012},
  number = {4},
  pages = {701--711},
  volume = {34},
  url = {https://doi.org/10.1016/j.socnet.2012.09.001},
}

@Book{Lovasz:2012,
  title = {Large Networks and Graph Limits},
  author = {L. Lovász},
  publisher = {American Mathematical Society},
  year = {2012},
  series = {Colloquium Publications},
  volume = {60},
}

@Article{Orbanz:Roy:2013,
  title = {Bayesian Models of Graphs, Arrays and Other Exchangeable Random Structures},
  author = {P. Orbanz and D. M. Roy},
  journal = {{IEEE} Transactions on Pattern Analysis \& Machine Intelligence},
  year = {2015},
  number = {2},
  pages = {437--461},
  volume = {37},
  url = {https://doi.org/10.1109/TPAMI.2014.2334607},
}

@Article{Brugere:etal:2017,
  title = {Network Structure Inference, a Survey: Motivations, Methods, and Applications},
  author = {I. Brugere and B. Gallagher and T. Y. Berger-Wolf},
  journal = {arXiv preprint arXiv:1610.00782},
  year = {2017},
  url = {http://arxiv.org/abs/1610.00782},
}

@Article{Burghouwt:Redondi:2013,
  title = {Connectivity in Air Transport Networks: An Assessment of Models and Applications},
  author = {G. Burghouwt and R. Redondi},
  journal = {J. of Transport Economics and Policy},
  volume = {47},
  number = {1},
  pages = {35--53},
  year = {2013},
  url = {http://www.jstor.org/stable/24396351},
}

@Book{Chernick:2007,
  title = {Bootstrap Methods: A Guide for Practitioners and Researchers},
  author = {M. R. Chernick},
  year = {2008},
  publisher = {John Wiley \& Sons},
  address = {Hoboken, NJ},
  edition = {Second},
  url = {http://dx.doi.org/10.1002/9780470192573},
}

@Article{Cuadra_et_al2015,
  title = {A Critical Review of Robustness in Power Grids Using Complex Networks Concepts},
  author = {Lucas Cuadra and Sancho Salcedo-Sanz and Javier {Del Ser} and Silvia Jiménez-Fernández and Zong Woo Geem},
  journal = {Energies},
  volume = {8},
  number = {9},
  pages = {9211--9265},
  year = {2015},
  url = {http://dx.doi.org/10.3390/en8099211},
}

@Article{Efron:1979,
  author = {B. Efron},
  url = {http://dx.doi.org/10.1214/aos/1176344552},
  journal = {The Annals of Statistics},
  number = {1},
  pages = {1--26},
  title = {Bootstrap Methods: Another Look at the Jackknife},
  volume = {7},
  year = {1979},
}

@TechReport{Frank:1969,
  title = {Structure Inference and Stochastic Graphs},
  author = {Ove Frank},
  year = {1968},
  institution = {Research Institute of National Defence Stockholm},
  number = {AD0687176},
}

@Article{Frank:1977,
  title = {Estimation of Graph Totals},
  author = {O. Frank},
  journal = {Scandinavian Journal of Statistics},
  year = {1977},
  number = {2},
  pages = {81--89},
  volume = {4},
}

@Article{Gel:etal:2016,
  title = {Bootstrap Quantification of Estimation Uncertainties in Network Degree Distributions (a Short Version Appeared as ``{Fast} Patchwork Bootstrap for Quantifying Estimation Uncertainties in Sparse Random Networks'' in {SIGKDD MLG2016})},
  author = {Y. R. Gel and V. Lyubchich and L. L. {Ramirez Ramirez}},
  journal = {Sci. Rep.},
  year = {2017},
  volume = {7},
  pages = {5807},
  url = {http://dx.doi.org/10.1038/s41598-017-05885-x},
}

@Article{Goldenberg:etal:2010,
  title = {A Survey of Statistical Network Models},
  author = {A. Goldenberg and A. X. Zheng and S. E. Fienberg and E. M. Airoldi},
  journal = {Foundations and Trends in Machine Learning},
  volume = {2},
  number = {2},
  pages = {129--233},
  year = {2010},
  url = {http://dx.doi.org/10.1561/2200000005},
}

@Article{Goodman:1961,
  title = {Snowball Sampling},
  author = {Leo A Goodman},
  journal = {The Annals of Mathematical Statistics},
  pages = {148--170},
  year = {1961},
  volume = {32},
  number = {1},
  url = {http://www.jstor.org/stable/2237615},
}

@Article{Granovetter:1976,
  title = {Network Sampling: Some First Steps},
  author = {Mark Granovetter},
  journal = {American Journal of Sociology},
  volume = {81},
  number = {6},
  pages = {1287--1303},
  year = {1976},
  url = {http://doi.org/10.1086/226224},
}

@Book{Hall:2013,
  title = {The Bootstrap and Edgeworth Expansion},
  author = {P. Hall},
  year = {1992},
  publisher = {Springer-Verlag},
  address = {New York},
  url = {http://doi.org/10.1007/978-1-4612-4384-7},
}

@Book{Kolaczyk:2009,
  author = {E. D. Kolaczyk},
  address = {New York},
  publisher = {Springer-Verlag},
  year = {2009},
  title = {Statistical Analysis of Network Data: Methods and Models},
  url = {http://doi.org/10.1007/978-0-387-88146-1},
}

@Book{Kolaczyk:Csardi:2014,
  title = {Statistical Analysis of Network Data with {R}},
  author = {E. D. Kolaczyk and G. Csárdi},
  volume = {65},
  series = {Use {R}!},
  year = {2014},
  publisher = {Springer-Verlag},
  address = {New York},
  url = {http://doi.org/10.1007/978-1-4939-0983-4},
}

@Article{MacRae:1960,
  title = {Direct Factor Analysis of Sociometric Data},
  author = {Duncan MacRae},
  journal = {Sociometry},
  year = {1960},
  pages = {360--371},
  volume = {23},
  number = {4},
  url = {http://doi.org/10.2307/2785690},
}

@Article{Newman:2006,
  title = {Finding Community Structure in Networks Using the Eigenvectors of Matrices},
  author = {M. E. J. Newman},
  journal = {Physical Review E},
  year = {2006},
  volume = {74},
  pages = {036104},
  url = {http://doi.org/10.1103/PhysRevE.74.036104},
}

@Article{pagani:etal:2013,
  title = {The {Power} {Grid} as a Complex Network: a Survey},
  author = {Giuliano Andrea Pagani and Marco Aiello},
  journal = {Physica A: Statistical Mechanics and its Applications},
  volume = {392},
  number = {11},
  pages = {2688--2700},
  year = {2013},
  url = {http://doi.org/10.1016/j.physa.2013.01.023},
}

@Book{IATA:2011,
  title = {The Economic Benefits Generated by Alliances and Joint Ventures. IATA Economics Briefing},
  author = {B. Pearce and G. Doernhoefer},
  year = {2011},
  publisher = {IATA Economics},
}

@Article{RosasCasals_CorominasMurtra2009,
  title = {Assessing {European} Power Grid Reliability by Means of Topological Measures},
  author = {Martí Rosas-Casals and Bernat Corominas-Murtra},
  journal = {WIT Transactions on Ecology and the Environment},
  volume = {121},
  year = {2009},
  pages = {527--537},
  url = {http://doi.org/10.2495/ESUS090471},
}

@Book{Carrington:2011,
  title = {The SAGE Handbook of Social Network Analysis},
  author = {John Scott and Peter J Carrington},
  year = {2011},
  publisher = {SAGE Publications},
  address = {Thousand Oaks, CA},
  url = {http://dx.doi.org/10.4135/9781446294413},
}

@Book{Shao:Tu:1995,
  title = {The Jackknife and Bootstrap},
  author = {J. Shao and D. Tu},
  year = {1995},
  publisher = {Springer-Verlag},
  address = {New York},
  url = {http://dx.doi.org/10.1007/978-1-4612-0795-5},
}

@InProceedings{simpson2015catching,
  title = {Catching the Head, Tail, and Everything in Between: a Streaming Algorithm for the Degree Distribution},
  author = {O. Simpson and C. Seshadhri and A. McGregor},
  booktitle = {Data Mining ({ICDM}), 2015 {IEEE} International Conference on},
  pages = {979--984},
  year = {2015},
  organization = {IEEE},
  url = {http://dx.doi.org/10.1109/ICDM.2015.47},
}

@Book{IATA:2006,
  title = {Airline Network Benefits. IATA Economics Briefing \#3},
  author = {M. Smyth and B. Pearce},
  year = {2006},
  publisher = {IATA Economics},
}

@Article{Snijders:Borgatti:1999,
  title = {Non-Parametric Standard Errors and Tests for Network Statistics},
  author = {T. A. B. Snijders and S. P. Borgatti},
  journal = {Connections},
  volume = {22},
  number = {2},
  pages = {161--170},
  year = {1999},
}

@Article{Sole_et_al2008,
  title = {Robustness of the {European} Power Grids under Intentional Attack},
  author = {R. V. Sóle and M. Rosas-Casals and B. Corominas-Murtra and S. Valverde},
  journal = {Physical Review E},
  volume = {77},
  number = {2},
  pages = {026102},
  year = {2008},
  url = {http://doi.org/10.1103/PhysRevE.77.026102},
}

@Article{Thompson:etal:2016,
  title = {Using the Bootstrap for Statistical Inference on Random Graphs},
  author = {M. E. Thompson and L. L. {Ramirez Ramirez} and V. Lyubchich and Y. R. Gel},
  journal = {Canadian Journal of Statistics},
  url = {http://doi.org/10.1002/cjs.11271},
  volume = {44},
  number = {1},
  year = {2016},
  pages = {3--24},
}

@Article{Watts:Strogatz:1998,
  title = {Collective Dynamics of `small-World' Networks},
  author = {Duncan J. Watts and Steven H. Strogatz},
  journal = {Nature},
  volume = {393},
  pages = {440--442},
  year = {1998},
  url = {http://doi.org/10.1038/30918},
}

@Article{Zhang:etal:2015,
  title = {Estimating Network Degree Distributions under Sampling: An Inverse Problem, with Applications to Monitoring Social Media Networks},
  author = {Y. Zhang and E. D. Kolaczyk and B. D. Spencer},
  journal = {Annals of Applied Statistics},
  volume = {9},
  number = {1},
  pages = {166--199},
  year = {2015},
  url = {http://doi.org/10.1214/14-AOAS800},
}

@Manual{igraph,
  title = {Igraph: Network Analysis and Visualization},
  author = {G. Csárdi and {others}},
  year = {2018},
  note = {R package version 1.2.2},
  url = {https://CRAN.R-project.org/package=igraph},
}

@Manual{Rcpp,
  title = {Rcpp: Seamless {R} and {C}$++$ Integration},
  author = {Dirk Eddelbuettel and Romain Francois and J J Allaire and Kevin Ushey and Qiang Kou and Nathan Russell and Douglas Bates and John Chambers},
  year = {2017},
  note = {R package version 0.12.19},
  url = {https://CRAN.R-project.org/package=Rcpp},
}

@Manual{snowboot,
  title = {Snowboot: Bootstrap Methods for Network Inference},
  author = {L. L. {Ramirez-Ramirez} and K. Nezafati and Y. Chen and V. Lyubchich and Y. R. Gel},
  year = {2018},
  note = {R package version 1.0.0},
  url = {https://CRAN.R-project.org/package=snowboot},
}

@Manual{VGAM,
  title = {VGAM: Vector Generalized Linear and Additive Models},
  author = {Thomas W. Yee},
  year = {2018},
  note = {R package version 1.0-6},
  url = {https://CRAN.R-project.org/package=VGAM},
}

@Book{UCINET,
  title = {Ucinet 6 for Windows: Software for Social Network Analysis},
  author = {S. P. Borgatti and M. G. Everett and L. C. Freeman},
  year = {2002},
  address = {Harvard, MA},
  publisher = {Analytic Technologies},
  url = {https://sites.google.com/site/ucinetsoftware/home},
}

@Misc{SciGRIDv0.2,
  author = {Carsten Matke and Wided Medjroubi and David Kleinhans},
  title = {{SciGRID} -- {An} {Open} {Source} {Reference} {Model} for the {European} {Transmission} {Network} (V0.2)},
  year = {2016},
  url = {http://www.scigrid.de},
}

@Article{Britton:etal:2006,
  title = {Generating Simple Random Graphs with Prescribed Degree Distribution},
  author = {T. Britton and M. Deijfen and A. Martin-Löf},
  journal = {J. of Statistical Physics},
  number = {6},
  volume = {124},
  pages = {1377--1397},
  year = {2006},
  url = {https://doi.org/10.1007/s10955-006-9168-x},
}

@Book{vanderHofstad:2014,
  title = {Random Graphs and Complex Networks},
  author = {R. {van der Hofstad}},
  publisher = {Cambridge University Press},
  address = {Cambridge},
  year = {2017},
  url = {https://doi.org/10.1017/9781316779422},
}

@Article{Bhattacharyya:Bickel:2015,
  title = {Subsampling Bootstrap of Count Features of Networks},
  author = {S. Bhattacharyya and P. J. Bickel},
  journal = {The Annals of Statistics},
  volume = {43},
  number = {6},
  pages = {2384--2411},
  year = {2015},
  url = {https://doi.org/10.1214/15-AOS1338},
}

@Article{Ali:etal:2016,
  title = {Comparison of Large Networks with Sub-Sampling Strategies},
  author = {Waqar Ali and Anatol E Wegner and Robert E Gaunt and Charlotte M Deane and Gesine Reinert},
  journal = {Scientific Reports},
  volume = {6},
  pages = {28955},
  year = {2016},
  url = {https://doi.org/10.1038/srep28955},
}

@InProceedings{Dey:etal:2017,
  title = {Intentional Islanding of Power Grids with Data Depth},
  author = {Asim Dey and Yulia R Gel and H Vincent Poor},
  booktitle = {Computational Advances in Multi-Sensor Adaptive Processing ({CAMSAP}), 2017 {IEEE} 7th International Workshop on},
  pages = {1--5},
  year = {2017},
  organization = {{IEEE}},
  url = {https://doi.org/10.1109/CAMSAP.2017.8313149},
}

@InProceedings{Dey:etal:2017:GlobalSIP,
  title = {Motif-Based Analysis of Power Grid Robustness under Attacks},
  author = {Asim Kumer Dey and Yulia R Gel and H Vincent Poor},
  booktitle = {Signal and Information Processing (GlobalSIP), 2017 IEEE Global Conference on},
  pages = {1015--1019},
  year = {2017},
  organization = {{IEEE}},
  url = {https://doi.org/10.1109/GlobalSIP.2017.8309114},
}

@Book{Davison:Hinkley:1997,
  title = {Bootstrap Methods and Their Application},
  author = {A. C. Davison and D. V. Hinkley},
  address = {Cambridge},
  year = {1997},
  publisher = {Cambridge University Press},
  url = {https://doi.org/10.1017/CBO9780511802843},
}

@Manual{Rdpack,
  title = {Rdpack: Update and Manipulate {Rd} Documentation Objects},
  author = {Georgi N. Boshnakov},
  year = {2018},
  note = {R package version 0.10-1},
  url = {https://CRAN.R-project.org/package=Rdpack},
}
