@Manual{Dua:2019 ,
author = "Dua, Dheeru and Graff, Casey",
year = "2019",
title = "UCI Machine Learning Repository",
url = "https://archive.ics.uci.edu/ml/datasets/Mushroom",
institution = "University of California, Irvine, School of Information and Computer Sciences" }

@article{Lam:2018,
annote = {doi: 10.1080/10618600.2017.1366915},
author = {Lam, Xin Yee and Marron, J S and Sun, Defeng and Toh, Kim-Chuan},
doi = {10.1080/10618600.2017.1366915},
issn = {1061-8600},
journal = {Journal of Computational and Graphical Statistics},
number = {2},
pages = {368--379},
publisher = {Taylor {\&} Francis},
title = {{Fast Algorithms for Large-Scale Generalized Distance Weighted Discrimination}},
url = {https://doi.org/10.1080/10618600.2017.1366915},
volume = {27},
year = {2018}
}


@article{Kimball:2018,
    title = {{A Beginnerâ€™s Guide to Analyzing and Visualizing Mass Cytometry Data}},
    year = {2018},
    journal = {The Journal of Immunology},
    author = {Kimball, Abigail K and Oko, Lauren M and Bullock, Bonnie L and Nemenoff, Raphael A and van Dyk, Linda F and Clambey, Eric T},
    number = {1},
    pages = {3 LP  - 22},
    volume = {200},
    url = {http://www.jimmunol.org/content/200/1/3.abstract},
    doi = {10.4049/jimmunol.1701494}
}

@article{Nelson:2019,
    title = {{A machine learning approach to knee osteoarthritis phenotyping: data from the FNIH Biomarkers Consortium}},
    year = {2019},
    journal = {Osteoarthritis and Cartilage},
    author = {Nelson, A E and Fang, F and Arbeeva, L and Cleveland, R J and Schwartz, T A and Callahan, L F and Marron, J S and Loeser, R F},
    number = {7},
    pages = {994--1001},
    volume = {27},
    url = {http://www.sciencedirect.com/science/article/pii/S1063458419309264},
    doi = {https://doi.org/10.1016/j.joca.2018.12.027}
}

@article{Aoshima:2018,
    title = {{A survey of high dimension low sample size asymptotics}},
    year = {2018},
    journal = {Australian {\&} New Zealand Journal of Statistics},
    author = {Aoshima, Makoto and Shen, Dan and Shen, Haipeng and Yata, Kazuyoshi and Zhou, Yi-Hui and Marron, J S},
    number = {1},
    pages = {4--19},
    volume = {60},
    publisher = {John Wiley {\&} Sons, Ltd (10.1111)},
    url = {https://doi.org/10.1111/anzs.12212},
    doi = {10.1111/anzs.12212}
}

@article{Wei:2016,
    title = {{Direction-Projection-Permutation for High-Dimensional Hypothesis Tests}},
    year = {2016},
    journal = {Journal of Computational and Graphical Statistics},
    author = {Wei, Susan and Lee, Chihoon and Wichers, Lindsay and Marron, J S},
    number = {2},
    pages = {549--569},
    volume = {25},
    publisher = {Taylor {\&} Francis},
    url = {https://doi.org/10.1080/10618600.2015.1027773},
    doi = {10.1080/10618600.2015.1027773}
}

@article{Marron:2007,
    title = {{Distance-Weighted Discrimination}},
    year = {2007},
    journal = {Journal of the American Statistical Association},
    author = {Marron, J S and Todd, Michael J and Ahn, Jeongyoun},
    number = {480},
    pages = {1267--1271},
    volume = {102},
    publisher = {Taylor {\&} Francis},
    url = {https://doi.org/10.1198/016214507000001120},
    doi = {10.1198/016214507000001120}
}

@article{Alag:2019,
    title = {{Machine learning approach yields epigenetic biomarkers of food allergy: A novel 13-gene signature to diagnose clinical reactivity}},
    year = {2019},
    journal = {PLOS ONE},
    author = {Alag, Ayush},
    number = {6},
    pages = {e0218253},
    volume = {14},
    publisher = {Public Library of Science},
    url = {https://doi.org/10.1371/journal.pone.0218253}
}

@article{An:2016,
    title = {{Novel statistical methodology reveals that hip shape is associated with incident radiographic hip osteoarthritis among African American women}},
    year = {2016},
    journal = {Osteoarthritis and Cartilage},
    author = {An, H and Marron, J S and Schwartz, T A and Renner, J B and Liu, F and Lynch, J A and Lane, N E and Jordan, J M and Nelson, A E},
    edition = {2015/11/24},
    number = {4},
    pages = {640--646},
    volume = {24},
    url = {https://www.ncbi.nlm.nih.gov/pubmed/26620089 https://www.ncbi.nlm.nih.gov/pmc/articles/PMC4799754/},
    doi = {10.1016/j.joca.2015.11.013}
}

@article{Bendich:2016,
    title = {{Persistent Homology Analysis of Brain Artery Trees}},
    year = {2016},
    journal = {The Annals of Applied Statistics},
    author = {Bendich, Paul and Marron, J S and Miller, Ezra and Pieloch, Alex and Skwerer, Sean},
    edition = {2016/03/25},
    number = {1},
    pages = {198--218},
    volume = {10},
    url = {https://www.ncbi.nlm.nih.gov/pubmed/27642379 https://www.ncbi.nlm.nih.gov/pmc/articles/PMC5026243/},
    doi = {10.1214/15-AOAS886}
}

@article{Limkin:2017,
    title = {{Promises and challenges for the implementation of computational medical imaging (radiomics) in oncology}},
    year = {2017},
    journal = {Annals of Oncology},
    author = {Limkin, E J and Sun, R and Dercle, L and Zacharaki, E I and Robert, C and Reuz{\'{e}}, S and Schernberg, A and Paragios, N and Deutsch, E and Fert{\'{e}}, C},
    number = {6},
    pages = {1191--1206},
    volume = {28},
    url = {https://doi.org/10.1093/annonc/mdx034},
    doi = {10.1093/annonc/mdx034}
}

@book{Hastie:2001,
    title = {{The Elements of Statistical Learning : Data Mining, Inference, and Prediction}},
    year = {2001},
    author = {Hastie, Trevor and Tibshirani, Robert and Friedman, J H},
    publisher = {New York : Springer},
    url = {https://catalog.lib.unc.edu/catalog/UNCb4019902}
}

@article{Pinky2019,
author = {Pinky, Nusrat and Islam, S M and Alice, Rafia},
doi = {10.5815/ijigsp.2019.04.05},
journal = {International Journal of Image, Graphics and Signal Processing},
pages = {55--62},
title = {{Edibility Detection of Mushroom Using Ensemble Methods}},
volume = {11},
year = {2019}
}

@inproceedings{Wibowo2018,
author = {Wibowo, A and Rahayu, Y and Riyanto, A and Hidayatulloh, T},
booktitle = {2018 International Conference on Information and Communications Technology (ICOIACT)},
doi = {10.1109/ICOIACT.2018.8350746},
pages = {250--253},
title = {{Classification algorithm for edible mushroom identification}},
year = {2018}
}

@Manual{MatrixPackage,
  title = {Matrix: Sparse and Dense Matrix Classes and Methods},
  author = {Douglas Bates and Martin Maechler},
  year = {2019},
  note = {R package version 1.2-18},
  url = {https://CRAN.R-project.org/package=Matrix},
}

@Manual{DWDLargeRPackage,
  title = {DWDLargeR: Fast Algorithms for Large Scale Generalized Distance Weighted
Discrimination},
  author = {Xin Yee Lam and J.S. Marron and Defeng Sun and Kim-Chuan Toh},
  year = {2018},
  note = {R package version 0.1-0},
  url = {https://CRAN.R-project.org/package=DWDLargeR},
}

@Manual{dipropermPackage,
  title = {diproperm: Conduct Direction-Projection-Permutation Tests and Display Plots},
  author = {Andrew G. Allmon and J.S. Marron and Michael G. Hudgens},
  year = {2020},
  note = {R package version 0.1.0},
  url = {https://CRAN.R-project.org/package=diproperm},
}



