@Book{abramowitz1965,
  author =	 {M. Abramowitz and I. A. Stegun},
  title =	 {Handbook of Mathematical Functions},
  publisher =	 {Dover},
  address =	 {New York},
  year =	 {1965}
}

@Article{buhring1987,
  author = 	 {W. Buhring},
  title = 	 {An analytic continuation of the hypergeometric series},
  journal = 	 {SIAM Journal on Mathematical Analysis},
  year = 	 {1987},
  volume =	 {18},
  number =	 {3},
  pages = 	 {884--889}
}

@Article{thaller1998,
  author = 	 {B. Thaller},
  title = 	 {Visualization of Complex Functions},
  journal = 	 {The Mathematica Journal},
  year = 	 {1998},
  volume =	 {7},
  number =	 {2},
  pages =	 {163--180}}

@Article{forrey1997,
  author = 	 {R. C. Forrey},
  title = 	 {Computing the hypergeometric function},
  journal = 	 {Journal of Computational Physics},
  year = 	 {1997},
  volume =	 {137},
  pages =	 {79--100}
  }

@Article{michel2008,
  author =	 {N. Michel and M. V. Stoitsov},
  title =	 {Fast computation of the {G}auss hypergeometric
                  function with all its parameters complex with
                  application to the {P}\"{o}schl-{T}eller-{G}inocchio
                  potential wave functions},
  journal =	 {Computer Physics Communictions},
  year =	 {2008},
  volume =	 {178},
  pages =	 {535--551},
  url =		 {http://arxiv.org/abs/0708.0116v1}
}

@Article{becken2000,
  author = 	 {W. Becken and P. Schmelcher},
  title = 	 {The analytic continuation of the {G}aussian hypergeometric function $\ft\left(a,b;c;z\right)$ for arbitrary parameters},
  journal = 	 {Journal of Computational and Applied Mathematics},
  year = 	 {2000},
  volume =	 {126},
  pages =	 {449--478}
  }

@manual{mpmath,
  author =	 {Fredrik Johansson and others},
  title =	 {{mpmath}: A {Python} Library for Arbitrary-Precision
                  Floating-Point Arithmetic (Version 0.18)},
  note =	 {\url{http://code.google.com/p/mpmath/}},
  month =	 oct,
  year =	 {2013}
}

@Article{hankin2006a,
  title =	 {Introducing {elliptic}, an {R} package for elliptic
                  and modular functions},
  author =	 {Robin K. S. Hankin},
  journal =	 {Journal of Statistical Software},
  year =	 {2006},
  month =	 feb,
  volume =	 {15},
  issue =	 {7}
}

@Book{cuyt2008,
  author =	 {A. Cuyt and others},
  title =	 {Handbook of Continued Fractions for Special
                  Functions},
  publisher =	 {Springer-Verlag},
  year =	 {2008}
}

@Misc{wolfram2014,
  author =	 {S. Wolfram},
  title =	 {The Hypergeometric Function},
  year =	 {2014},
  note =	 {File {\tt Hypergeometric2F1.pdf}, downloaded from
                  \url{http:/functions.wolfram.com/HypergeometricFunctions/}}
}

@Article{alder1956,
  title =	 {Study of nuclear structure by electromagnetic
                  excitation with accelerated ions},
  author =	 {K. Alder and A S. Bohr and T. Huus and B. Mottelson
                  and A. Winther},
  journal =	 {Reviews of Modern Physics},
  volume =	 {28},
  pages =	 {432},
  year =	 {1956}
}

@Article{dombriz2006,
  title =	 {$f(R)$ gravity without a cosmological constant},
  author =	 {{\'{A}}. de la Cruz-Dombriz and A. Dobado},
  journal =	 {Physical Review D},
  volume =	 {74},
  number =	 {8--15},
  month =	 oct,
  year =	 {2006}
}
    
@Book{petkovsek1997,
  author =	 {M. Petkov\v{s}ek and H. S. Wilf and D. Zeilberger},
  title =	 {$A=B$},
  year =	 {1997},
  publisher =	 {A. K. Peters, Ltd.},
}

@Article{davydychev2004,
  author =	 {A. I. Davydychev and M. Y. Kalmykov},
  title =	 {Massive {F}eynman diagrams and inverse binomial
                  sums},
  journal =	 {Nuclear Physics B},
  year =	 {2004},
  volume =	 {699},
  pages =	 {3--64}
}

@Manual{bove2013,
  title =	 {appell: Compute Appell's F1 Hypergeometric Function},
  author =	 {D. S. Bove and others},
  year =	 {2013},
  note =	 {R package version 0.0-4},
  url =		 {https://CRAN.R-project.org/package=appell},
}

@Article{hankin2006b,
  title =	 {Special functions in {R}: Introducing the gsl
                  package},
  author =	 {Robin K. S. Hankin},
  journal =	 {R News},
  year =	 {2006},
  month =	 oct,
  volume =	 {6},
  issue =	 {4},
}

@Book{seaborn1991,
  author =	 {J. B. Seaborn},
  title =	 {Hypergeometric Functions and Their Applications},
  publisher =	 {Springer-Verlag},
  year =	 {1991}
}

@manual{sage,
  Key =		 {Sage},
  Author =	 {W.\thinspace{}A. Stein and others},
  Organization = {The Sage Development Team},
  Title =	 {{S}age {M}athematics {S}oftware ({V}ersion 5.8)},
  url =		 {http://www.sagemath.org},
  Year =	 {2015}
}

@manual{maxima,
  author = {Maxima},
  year = {2014},
  title = {Maxima, a Computer Algebra System.  Version 5.34.1},
  address = {http://maxima.sourceforge.net/},
  url = {http://maxima.sourceforge.net/},
  owner = {maxima},
  timestamp = {2014.09.08}
}

@Manual{galassi2013,
  title =        {GNU Scientific Library},
  author =       {M. Galassi and others},
  year =         {2013},
  note =         {Reference Manual edition 1.16},
  url =          {http://www.gnu.org/software/gsl/}
}

@Article{soetaert2010,
  title =	 {Solving Differential Equations in {R}: Package
                  deSolve},
  author =	 {Karline Soetaert and Thomas Petzoldt and R. Woodrow
                  Setzer},
  journal =	 {Journal of Statistical Software},
  volume =	 {33},
  number =	 {9},
  pages =	 {1--25},
  year =	 {2010},
  coden =	 {JSSOBK},
  url =		 {http://www.jstatsoft.org/v33/i09},
}


@MISC{press1992,
  author =	 {W. H. Press and S. A. Teukolsky and W. T. Vetterling
                  and B. P. Flannery},
  title =	 {Numerical Recipes in {C}: The Art of Scientific
                  Computing},
  edition =	 {2nd},
  publisher =	 {Cambridge University Press},
  year =	 {1992}
}


