
@MANUAL{goodrich_rstanarm_2022,
  TITLE = {{rstanarm}: {Bayesian} applied regression modeling via {Stan}},
  AUTHOR = {Ben Goodrich and Jonah Gabry and Imad Ali and Sam Brilleman},
  YEAR = {2022},
  NOTE = {{R} package, version 2.21.3},
  URL = {https://mc-stan.org/rstanarm},
}
@ARTICLE{weber_interval_2021,
  TITLE = {Interval estimation of the overall treatment effect in random-effects meta-analyses: {Recommendations} from a simulation study comparing frequentist, {Bayesian}, and bootstrap methods},
  VOLUME = {12},
  URL = {https://doi.org/10.1002/jrsm.1471},
  NUMBER = {3},
  JOURNAL = {Research Synthesis Methods},
  AUTHOR = {Weber, Frank and Knapp, Guido and Glass, {\"A}nne and Kundt, Günther and Ickstadt, Katja},
  YEAR = {2021},
  PAGES = {291--315},
}
@TECHREPORT{scholz_bootstrap_2007,
  TITLE = {The Bootstrap Small Sample Properties},
  URL = {https://faculty.washington.edu/fscholz/Reports/bootstrap-report.pdf},
  URLDATE = {2022-03-29},
  INSTITUTION = {University of Washington},
  AUTHOR = {Scholz, F. W.},
  YEAR = {2007},
  NOTE = {Edited version of a technical report of same title and issued as ``bcstech-93-051'', Boeing Computer Services, Research and Technology},
  PAGES = {92},
}
@ARTICLE{hesterberg_what_2015,
  TITLE = {What Teachers Should Know About the Bootstrap: {Resampling} in the Undergraduate Statistics Curriculum},
  VOLUME = {69},
  URL = {https://doi.org/10.1080/00031305.2015.1089789},
  NUMBER = {4},
  JOURNAL = {The American Statistician},
  AUTHOR = {Hesterberg, Tim C.},
  YEAR = {2015},
  PAGES = {371--386},
}
@ARTICLE{luedecke_performance_2021,
  TITLE = {{performance}: {An} {R} Package for Assessment, Comparison and Testing of Statistical Models},
  AUTHOR = {Daniel Lüdecke and Mattan S. Ben-Shachar and Indrajeet Patil and Philip Waggoner and Dominique Makowski},
  YEAR = {2021},
  JOURNAL = {Journal of Open Source Software},
  VOLUME = {6},
  NUMBER = {60},
  PAGES = {3139},
  URL = {https://doi.org/10.21105/joss.03139},
}
@BOOK{wickham_ggplot2_2016,
  ADDRESS = {New York, {NY}, {USA}},
  EDITION = {2nd},
  SERIES = {Use {R}},
  TITLE = {{ggplot2}: {Elegant} Graphics for Data Analysis},
  ISBN = {978-3-319-24277-4},
  URL = {https://ggplot2.tidyverse.org},
  PUBLISHER = {Springer},
  AUTHOR = {Wickham, Hadley},
  YEAR = {2016},
  URL = {https://doi.org/10.1007/978-3-319-24277-4},
}
@MANUAL{lenth_emmeans_2022,
  TITLE = {{emmeans}: {Estimated} Marginal Means, aka Least-Squares Means},
  AUTHOR = {Russell V. Lenth},
  YEAR = {2022},
  NOTE = {{R} package, version 1.7.5},
  URL = {https://CRAN.R-project.org/package=emmeans},
}
@ARTICLE{kenward_small_1997,
  TITLE = {Small Sample Inference for Fixed Effects from Restricted Maximum Likelihood},
  VOLUME = {53},
  URL = {https://doi.org/10.2307/2533558},
  NUMBER = {3},
  JOURNAL = {Biometrics},
  AUTHOR = {Kenward, Michael G. and Roger, James H.},
  YEAR = {1997},
  PAGES = {983--997},
}
@ARTICLE{hothorn_simultaneous_2008,
  TITLE = {Simultaneous Inference in General Parametric Models},
  AUTHOR = {Torsten Hothorn and Frank Bretz and Peter Westfall},
  JOURNAL = {Biometrical Journal},
  YEAR = {2008},
  VOLUME = {50},
  NUMBER = {3},
  PAGES = {346--363},
  URL = {https://doi.org/10.1002/bimj.200810425},
}
@ARTICLE{bates_fitting_2015,
  TITLE = {Fitting Linear Mixed-Effects Models Using lme4},
  VOLUME = {67},
  URL = {https://doi.org/10.18637/jss.v067.i01},
  NUMBER = {1},
  JOURNAL = {Journal of Statistical Software},
  AUTHOR = {Bates, Douglas and Mächler, Martin and Bolker, Ben and Walker, Steve},
  YEAR = {2015},
  PAGES = {1--48},
}
@INCOLLECTION{neal_mcmc_2011,
  TITLE = {{MCMC} Using {Hamiltonian} Dynamics},
  SERIES = {Handbooks of Modern Statistical Methods},
  ISBN = {978-0-429-13850-8},
  BOOKTITLE = {Handbook of {Markov} {Chain} {Monte} {Carlo}},
  PUBLISHER = {{CRC} Press},
  AUTHOR = {Neal, Radford M.},
  YEAR = {2011},
  ADDRESS = {Boca Raton, {FL}, {USA}},
  URL = {https://doi.org/10.1201/b10905},
}
@BOOK{mackay_information_2003,
  ADDRESS = {Cambridge, {UK}},
  TITLE = {Information {Theory}, {Inference}, and {Learning} {Algorithms}},
  BOOK = {978-0-521-64298-9},
  PUBLISHER = {Cambridge University Press},
  AUTHOR = {MacKay, David J. C.},
  YEAR = {2003},
}
@TECHREPORT{neal_probabilistic_1993,
  TITLE = {Probabilistic {Inference} using {Markov} {Chain} {Monte} {Carlo} {Methods}},
  AUTHOR = {Neal, Radford M.},
  TYPE = {Technical {Report}},
  NUMBER = {CRG-TR-93-1},
  INSTITUTION = {Dept. of Computer Science, University of Toronto},
  YEAR = {1993},
  URL = {https://www.cs.toronto.edu/~radford/review.abstract.html},
  NOTE = {Accessed on March 21, 2022},
}
@ARTICLE{duane_hybrid_1987,
  TITLE = {Hybrid {Monte} {Carlo}},
  AUTHOR = {Duane, Simon and Kennedy, A. D. and Pendleton, Brian J. and Roweth, Duncan},
  VOLUME = {195},
  URL = {https://doi.org/10.1016/0370-2693(87)91197-X},
  NUMBER = {2},
  JOURNAL = {Physics Letters B},
  YEAR = {1987},
  PAGES = {216--222},
}
@BOOK{johnson_bayes_2022,
  TITLE = {{Bayes} {Rules}!: {An} Introduction to Applied Bayesian Modeling},
  AUTHOR = {Johnson, Alicia A. and Ott, Miles Q. and Dogucu, Mine},
  YEAR = {2022},
  ADDRESS = {New York, {NY}, {USA}},
  SERIES = {{Chapman} \& {Hall}/{CRC} Texts in Statistical Science},
  PUBLISHER = {{CRC} Press},
  ISBN = {978-0-429-28834-0},
  URL = {https://doi.org/10.1201/9780429288340},
}
@BOOK{albert_probability_2019,
  TITLE = {Probability and {Bayesian} {Modeling}},
  AUTHOR = {Albert, Jim and Hu, Jingchen},
  YEAR = {2019},
  ADDRESS = {Boca Raton, {FL}, {USA}},
  SERIES = {{Chapman} \& {Hall}/{CRC} Texts in Statistical Science},
  PUBLISHER = {{CRC} Press},
  ISBN = {978-1-351-03014-4},
  URL = {https://doi.org/10.1201/9781351030144},
}
@BOOK{reich_bayesian_2019,
  TITLE = {{Bayesian} Statistical Methods},
  AUTHOR = {Reich, Brian J. and Ghosh, Sujit K.},
  YEAR = {2019},
  ADDRESS = {New York, {NY}, {USA}},
  SERIES = {{Chapman} \& {Hall}/{CRC} Texts in Statistical Science},
  PUBLISHER = {{CRC} Press},
  ISBN = {978-0-429-20229-2},
  URL = {https://doi.org/10.1201/9780429202292},
}
@ARTICLE{welzen_response_2021,
  TITLE = {The Response and Tolerability of a Novel Cold Atmospheric Plasma Wound Dressing for the Healing of Split Skin Graft Donor Sites: {A} Controlled Pilot Study},
  YEAR = {2021},
  VOLUME = {34},
  URL = {https://doi.org/10.1159/000517524},
  NUMBER = {6},
  JOURNAL = {Skin Pharmacology and Physiology},
  AUTHOR = {Van Welzen, Annika and Hoch, Matti and Wahl, Philip and Weber, Frank and Rode, Susen and Tietze, Julia Katharina and Boeckmann, Lars and Emmert, Steffen and Thiem, Alexander},
  PAGES = {328--336},
}
@MANUAL{stan_development_team_stan_2022,
  TITLE = {{Stan} Modeling Language Users Guide and Reference Manual, Version 2.29},
  URL = {https://mc-stan.org},
  AUTHOR = {{{Stan} Development Team}},
  YEAR = {2022},
}
@BOOK{gelman_regression_2020,
  ADDRESS = {Cambridge, {UK}},
  TITLE = {Regression and Other Stories},
  ISBN = {978-1-107-67651-0},
  SERIES = {Analytical Methods for Social Research},
  PUBLISHER = {Cambridge University Press},
  AUTHOR = {Gelman, Andrew and Hill, Jennifer and Vehtari, Aki},
  YEAR = {2020},
  URL = {https://doi.org/10.1017/9781139161879},
}
@ARTICLE{gelman_bayesian_2020,
  TITLE = {{Bayesian} Workflow},
  URL = {https://arxiv.org/abs/2011.01808v1},
  JOURNAL = {{arXiv}:2011.01808v1 [stat]},
  AUTHOR = {Gelman, Andrew and Vehtari, Aki and Simpson, Daniel and Margossian, Charles C. and Carpenter, Bob and Yao, Yuling and Kennedy, Lauren and Gabry, Jonah and Bürkner, Paul-Christian and Modrák, Martin},
  YEAR = {2020},
  NOTE = {Accessed on March 7, 2021},
}
@MANUAL{chang_shiny_2021,
  TITLE = {{shiny}: {Web} Application Framework for {R}},
  URL = {https://CRAN.R-project.org/package=shiny},
  AUTHOR = {Chang, Winston and Cheng, Joe and Allaire, J. J. and Sievert, Carson and Schloerke, Barret and Xie, Yihui and Allen, Jeff and {McPherson}, Jonathan and Dipert, Alan and Borges, Barbara},
  YEAR = {2022},
  NOTE = {{R} package, version 1.7.2},
}
@INCOLLECTION{statacorp_introduction_2019,
  ADDRESS = {College Station, {TX}, {USA}},
  TITLE = {Introduction to {Bayesian} Analysis},
  ISBN = {978-1-59718-272-0},
  URL = {https://www.stata.com/manuals/bayesintro.pdf},
  BOOKTITLE = {{Stata} {Bayesian} Analysis Reference Manual},
  PUBLISHER = {{Stata} Press},
  AUTHOR = {{StataCorp}},
  YEAR = {2019},
  NOTE = {Release 16. Accessed on November 11, 2020},
}
@MANUAL{gabry_cmdstanr_2020,
  TITLE = {{cmdstanr}: {R} Interface to '{CmdStan}'},
  AUTHOR = {Gabry, Jonah and Češnovar, Rok},
  YEAR = {2022},
  URL = {https://mc-stan.org/cmdstanr},
  NOTE = {{R} package, version 0.5.2},
}
@ARTICLE{gelman_prior_2006,
  TITLE = {Prior Distributions for Variance Parameters in Hierarchical Models (Comment on Article by {Browne} and {Draper})},
  VOLUME = {1},
  URL = {https://doi.org/10.1214/06-BA117A},
  PAGES = {515--534},
  NUMBER = {3},
  JOURNAL = {Bayesian Analysis},
  AUTHOR = {Gelman, Andrew},
  YEAR = {2006},
}
@ARTICLE{gelman_weakly_2008,
  TITLE = {A Weakly Informative Default Prior Distribution for Logistic and Other Regression Models},
  VOLUME = {2},
  URL = {https://doi.org/10.1214/08-AOAS191},
  PAGES = {1360--1383},
  NUMBER = {4},
  JOURNAL = {The Annals of Applied Statistics},
  AUTHOR = {Gelman, Andrew and Jakulin, Aleks and Pittau, Maria Grazia and Su, Yu-Sung},
  YEAR = {2008},
}
@MISC{stan_development_team_runtime_2022,
  TITLE = {Runtime warnings and convergence problems},
  URL = {https://mc-stan.org/misc/warnings.html},
  AUTHOR = {{{Stan} Development Team}},
  YEAR = {2022},
  NOTE = {Version from March 10, 2022. Accessed on April 13, 2022},
}
@ARTICLE{vehtari_rank-normalization_2021,
  TITLE = {Rank-Normalization, Folding, and Localization: {An} Improved {$\widehat{R}$} for Assessing Convergence of {MCMC} (with Discussion)},
  URL = {https://doi.org/10.1214/20-BA1221},
  PAGES = {667--718},
  JOURNAL = {Bayesian Analysis},
  VOLUME = {16},
  NUMBER = {2},
  AUTHOR = {Vehtari, Aki and Gelman, Andrew and Simpson, Daniel and Carpenter, Bob and Bürkner, Paul-Christian},
  YEAR = {2021},
}
@ARTICLE{lewandowski_generating_2009,
  TITLE = {Generating Random Correlation Matrices Based on Vines and Extended Onion Method},
  VOLUME = {100},
  URL = {https://doi.org/10.1016/j.jmva.2009.04.008},
  PAGES = {1989--2001},
  NUMBER = {9},
  JOURNAL = {Journal of Multivariate Analysis},
  AUTHOR = {Lewandowski, Daniel and Kurowicka, Dorota and Joe, Harry},
  YEAR = {2009},
}
@MISC{marchenko_spotlight_2015,
  TITLE = {In the Spotlight: {Bayesian} ``Random-Effects'' Models},
  URL = {https://www.stata.com/stata-news/news30-2/bayesian-random-effects/},
  AUTHOR = {Marchenko, Yulia and Balov, Nikolay},
  NOTE = {Accessed on July 16, 2020},
  YEAR = {2015},
}
@MANUAL{stan_development_team_reference_2022,
  TITLE = {{Stan} Reference Manual, Version 2.29},
  URL = {https://mc-stan.org/docs/2_29/reference-manual/index.html},
  AUTHOR = {{{Stan} Development Team}},
  YEAR = {2022},
  NOTE = {Accessed on April 13, 2022},
}
@MISC{rollapp_inc_rollapp_2020,
  TITLE = {{rollApp} - {Run} Desktop Applications Online},
  URL = {https://www.rollapp.com/},
  AUTHOR = {{rollApp, Inc.}},
  YEAR = {2020},
  NOTE = {Accessed on April 24, 2021},
}
@MISC{rollapp_inc_jasp_2020,
  TITLE = {{JASP} on {rollApp}},
  URL = {https://www.rollapp.com/app/jasp},
  AUTHOR = {{rollApp, Inc.} and {JASP Team}},
  NOTE = {Accessed on June 29, 2020},
  YEAR = {2020},
}
@MANUAL{weber_shinybrms_2021,
  TITLE = {{shinybrms}: {Graphical} User Interface ('{shiny}' App) for '{brms}'},
  URL = {https://fweber144.github.io/shinybrms/},
  AUTHOR = {Weber, Frank},
  YEAR = {2022},
  NOTE = {{R} package, version 1.8.0},
}
@MANUAL{xie_ibugs_2013,
  TITLE = {{iBUGS}: An Interface to {WinBUGS}/{OpenBUGS}/{JAGS} by {gWidgets}},
  URL = {https://CRAN.R-project.org/package=iBUGS},
  AUTHOR = {Xie, Yihui and Wang, Jiebiao},
  YEAR = {2013},
  NOTE = {{R} package, version 0.1.4},
}
@MANUAL{plummer_jags_2017,
  TITLE = {{JAGS} Version 4.3.0 User Manual},
  URL = {https://sourceforge.net/projects/mcmc-jags/files/Manuals/4.x/jags_user_manual.pdf},
  AUTHOR = {Plummer, Martyn},
  NOTE = {Accessed on May 8, 2020},
  YEAR = {2017},
}
@BOOK{congdon_bayesian_2020,
  ADDRESS = {Boca Raton, {FL}, {USA}},
  EDITION = {2nd},
  TITLE = {{Bayesian} Hierarchical Models: {With} Applications Using {R}},
  ISBN = {978-1-4987-8575-4},
  PUBLISHER = {{CRC} Press},
  AUTHOR = {Congdon, Peter D.},
  YEAR = {2020},
  URL = {https://doi.org/10.1201/9780429113352},
}
@MANUAL{microsoft_corporation_microsoft_2016,
  TITLE = {{Microsoft Excel}},
  URL = {https://office.microsoft.com/excel},
  NOTE = {Version 2016 (16.0)},
  AUTHOR = {{Microsoft Corporation}},
  YEAR = {2016},
}
@BOOK{statacorp_statamanual_2019,
  ADDRESS = {College Station, {TX}, {USA}},
  TITLE = {{Stata} {Bayesian} Analysis Reference Manual},
  URL = {https://www.stata.com/manuals/bayes.pdf},
  PUBLISHER = {{Stata} Press},
  AUTHOR = {{StataCorp}},
  YEAR = {2019},
  ISBN = {978-1-59718-272-0},
  NOTE = {Release 16. Accessed on May 7, 2020},
}
@BOOK{lunn_bugs_2012,
  ADDRESS = {Boca Raton, {FL}, {USA}},
  TITLE = {The {BUGS} Book: {A} Practical Introduction to {Bayesian} Analysis},
  ISBN = {978-1-58488-849-9},
  SERIES = {{Chapman} \& {Hall}/{CRC} Texts in Statistical Science},
  PUBLISHER = {{CRC} Press},
  AUTHOR = {Lunn, David and Jackson, Chris and Best, Nicky and Thomas, Andrew and Spiegelhalter, David},
  YEAR = {2012},
  URL = {https://doi.org/10.1201/b13613},
}
@ARTICLE{rubin_bayesian_1981,
  TITLE = {The {Bayesian} Bootstrap},
  VOLUME = {9},
  URL = {https://doi.org/10.1214/aos/1176345338},
  PAGES = {130--134},
  NUMBER = {1},
  JOURNAL = {The Annals of Statistics},
  AUTHOR = {Rubin, Donald B.},
  YEAR = {1981},
}
@ARTICLE{gelfand_sampling-based_1990,
  TITLE = {Sampling-Based Approaches to Calculating Marginal Densities},
  VOLUME = {85},
  URL = {https://doi.org/10.1080/01621459.1990.10476213},
  PAGES = {398--409},
  NUMBER = {410},
  JOURNAL = {Journal of the American Statistical Association},
  AUTHOR = {Gelfand, Alan E. and Smith, Adrian F. M.},
  YEAR = {1990},
}
@ARTICLE{geman_stochastic_1984,
  TITLE = {Stochastic Relaxation, {Gibbs} Distributions, and the {Bayesian} Restoration of Images},
  VOLUME = {{PAMI}-6},
  URL = {https://doi.org/10.1109/TPAMI.1984.4767596},
  PAGES = {721--741},
  NUMBER = {6},
  JOURNAL = {{IEEE} Transactions on Pattern Analysis and Machine Intelligence},
  AUTHOR = {Geman, Stuart and Geman, Donald},
  YEAR = {1984},
}
@ARTICLE{hastings_monte_1970,
  TITLE = {{Monte} {Carlo} Sampling Methods Using {Markov} Chains and Their Applications},
  VOLUME = {57},
  URL = {https://doi.org/10.1093/biomet/57.1.97},
  PAGES = {97--109},
  NUMBER = {1},
  JOURNAL = {Biometrika},
  AUTHOR = {Hastings, W. K.},
  YEAR = {1970},
}
@ARTICLE{metropolis_equation_1953,
  TITLE = {Equation of State Calculations by Fast Computing Machines},
  VOLUME = {21},
  URL = {https://doi.org/10.1063/1.1699114},
  PAGES = {1087--1092},
  NUMBER = {6},
  JOURNAL = {The Journal of Chemical Physics},
  AUTHOR = {Metropolis, Nicholas and Rosenbluth, Arianna W. and Rosenbluth, Marshall N. and Teller, Augusta H. and Teller, Edward},
  YEAR = {1953},
}
@ARTICLE{brezger_bayesx_2005,
  TITLE = {{BayesX}: {Analyzing} {Bayesian} Structural Additive Regression Models},
  VOLUME = {14},
  URL = {https://doi.org/10.18637/jss.v014.i11},
  PAGES = {1--22},
  NUMBER = {11},
  JOURNAL = {Journal of Statistical Software},
  AUTHOR = {Brezger, Andreas and Kneib, Thomas and Lang, Stefan},
  YEAR = {2005},
}
@ARTICLE{gabry_visualization_2019,
  TITLE = {Visualization in {Bayesian} workflow},
  VOLUME = {182},
  URL = {https://doi.org/10.1111/rssa.12378},
  PAGES = {389--402},
  NUMBER = {2},
  JOURNAL = {Journal of the Royal Statistical Society, Series A (Statistics in Society)},
  AUTHOR = {Gabry, Jonah and Simpson, Daniel and Vehtari, Aki and Betancourt, Michael and Gelman, Andrew},
  YEAR = {2019},
}
@ARTICLE{woodward_bugsxla_2005,
  TITLE = {{BugsXLA}: {Bayes} for the Common Man},
  VOLUME = {14},
  URL = {https://doi.org/10.18637/jss.v014.i05},
  PAGES = {1--18},
  NUMBER = {1},
  JOURNAL = {Journal of Statistical Software},
  AUTHOR = {Woodward, Philip},
  YEAR = {2005},
}
@MANUAL{the_mathworks_inc_matlabcompiler_2020,
  ADDRESS = {Natick, {MA}, {USA}},
  TITLE = {{MATLAB} Compiler},
  ORGANIZATION = {The {MathWorks}, Inc.},
  AUTHOR = {{The MathWorks, Inc.}},
  YEAR = {2020},
  NOTE = {Release 2020a}
}
@MANUAL{besmarter_team_besmarter_2020,
  TITLE = {{BEsmarter}},
  URL = {https://besmarter-team.shinyapps.io/BEsmarter-GUI/},
  AUTHOR = {{BEsmarter Team}},
  YEAR = {2020},
  NOTE = {Web application ({shiny} app). Accessed on October 15, 2020},
}
@MISC{besmarter_team_besmartergui_2020,
  TITLE = {{BEsmarter} source code},
  URL = {https://github.com/besmarter/BSTApp},
  AUTHOR = {{BEsmarter Team}},
  NOTE = {Accessed on April 21, 2020},
  YEAR = {2020},
}
@ARTICLE{mcshane_abandon_2019,
  TITLE = {Abandon Statistical Significance},
  VOLUME = {73},
  URL = {https://doi.org/10.1080/00031305.2018.1527253},
  PAGES = {235--245},
  ISSUE = {sup1},
  JOURNAL = {The American Statistician},
  AUTHOR = {{McShane}, Blakeley B. and Gal, David and Gelman, Andrew and Robert, Christian and Tackett, Jennifer L.},
  YEAR = {2019},
}
@ARTICLE{amrhein_scientists_2019,
  TITLE = {Scientists Rise up Against Statistical Significance},
  VOLUME = {567},
  URL = {https://doi.org/10.1038/d41586-019-00857-9},
  PAGES = {305},
  NUMBER = {7748},
  JOURNAL = {Nature},
  AUTHOR = {Amrhein, Valentin and Greenland, Sander and {McShane}, Blake},
  YEAR = {2019},
}
@ARTICLE{amrhein_remove_2018,
  TITLE = {Remove, Rather than Redefine, Statistical Significance},
  VOLUME = {2},
  URL = {https://doi.org/10.1038/s41562-017-0224-0},
  PAGES = {4},
  NUMBER = {1},
  JOURNAL = {Nature Human Behaviour},
  AUTHOR = {Amrhein, Valentin and Greenland, Sander},
  YEAR = {2018},
}
@MANUAL{emvalomatis_bayes_2020,
  TITLE = {{BayES}: {Bayesian} Econometrics Software},
  URL = {https://bayeconsoft.com/},
  AUTHOR = {Emvalomatis, Grigorios},
  NOTE = {Version 2.5. Accessed on November 24, 2020},
  YEAR = {2020},
}
@MANUAL{qian_toolkit_2011,
  TITLE = {{Toolkit on Econometrics and Economics Teaching}},
  URL = {https://www.mathworks.com/matlabcentral/fileexchange/32601-toolkit-on-econometrics-and-economics-teaching},
  ORGANIZATION = {{MATLAB} Central File Exchange},
  AUTHOR = {Qian, Hang},
  NOTE = {{MATLAB} package, version from August 19, 2011. Accessed on March 26, 2020},
  YEAR = {2011},
}
@MANUAL{the_mathworks_inc_matlab_2020,
  ADDRESS = {Natick, {MA}, {USA}},
  TITLE = {{MATLAB}},
  ORGANIZATION = {{The MathWorks, Inc.}},
  AUTHOR = {{The MathWorks, Inc.}},
  YEAR = {2020},
  NOTE = {Release 2020a},
}
@ARTICLE{wang_beanz_2018,
  TITLE = {{beanz}: {An} {R} Package for {Bayesian} Analysis of Heterogeneous Treatment Effects with a Graphical User Interface},
  VOLUME = {85},
  URL = {https://doi.org/10.18637/jss.v085.i07},
  PAGES = {1--31},
  NUMBER = {7},
  JOURNAL = {Journal of Statistical Software},
  AUTHOR = {Wang, Chenguang and Louis, Thomas A. and Henderson, Nicholas C. and Weiss, Carlos O. and Varadhan, Ravi},
  YEAR = {2018}
}
@MISC{jasp_team_announcing_2020,
  TITLE = {Announcing {JASP} 0.12},
  URL = {https://jasp-stats.org/2020/04/10/announcing-jasp-0-12/},
  AUTHOR = {{JASP Team}},
  NOTE = {Accessed on April 21, 2020},
  YEAR = {2020},
}
@MISC{jasp_team_r_2020,
  TITLE = {{R} Package List},
  URL = {https://jasp-stats.org/r-package-list/},
  AUTHOR = {{JASP Team}},
  NOTE = {Accessed on April 21, 2020},
  YEAR = {2020},
}
@MISC{jasp_team_github_2020,
  TITLE = {The {JASP} Statistics Project},
  URL = {https://github.com/jasp-stats},
  AUTHOR = {{JASP Team}},
  NOTE = {Accessed on April 21, 2020},
  YEAR = {2020},
}
@MANUAL{jasp_team_jasp_2020,
  TITLE = {{JASP}},
  URL = {https://jasp-stats.org/},
  NOTE = {Version 0.16.3},
  AUTHOR = {{JASP Team}},
  YEAR = {2022},
}
@MANUAL{piironen_projpred_2020,
  TITLE = {{projpred}: {Projection} Predictive Feature Selection},
  URL = {https://mc-stan.org/projpred/},
  AUTHOR = {Juho Piironen and Markus Paasiniemi and Alejandro Catalina and Frank Weber and Aki Vehtari},
  YEAR = {2022},
  NOTE = {{R} package, version 2.1.2},
}
@MANUAL{spiegelhalter_openbugs_2014,
  TITLE = {{OpenBUGS} User Manual, Version 3.2.3},
  URL = {http://www.openbugs.net/Manuals/Manual.html},
  AUTHOR = {Spiegelhalter, David and Thomas, Andrew and Best, Nicky and Lunn, Dave},
  NOTE = {Accessed on March 25, 2020},
  YEAR = {2014},
}
@BOOK{woodward_bayesian_2011,
  ADDRESS = {Boca Raton, {FL}, {USA}},
  TITLE = {{Bayesian} Analysis Made Simple: {An} Excel {GUI} for {WinBUGS}},
  ISBN = {978-1-4398-3954-6},
  SERIES = {{Chapman} \& {Hall}/{CRC} Biostatistics Series},
  PUBLISHER = {{CRC} Press},
  AUTHOR = {Woodward, Phil},
  YEAR = {2011},
  URL = {https://doi.org/10.1201/b11235},
}
@ARTICLE{lunn_winbugs_2000,
  TITLE = {{WinBUGS} - {A} {Bayesian} Modelling Framework: {Concepts}, Structure, and Extensibility},
  VOLUME = {10},
  URL = {https://doi.org/10.1023/A:1008929526011},
  PAGES = {325--337},
  NUMBER = {4},
  JOURNAL = {Statistics and Computing},
  AUTHOR = {Lunn, David J. and Thomas, Andrew and Best, Nicky and Spiegelhalter, David},
  YEAR = {2000},
}
@ARTICLE{lunn_bugs_2009,
  TITLE = {The {BUGS} Project: {Evolution}, Critique and Future Directions},
  VOLUME = {28},
  URL = {https://doi.org/10.1002/sim.3680},
  PAGES = {3049--3067},
  NUMBER = {25},
  JOURNAL = {Statistics in Medicine},
  AUTHOR = {Lunn, David and Spiegelhalter, David and Thomas, Andrew and Best, Nicky},
  YEAR = {2009},
}
@INPROCEEDINGS{plummer_jags_2003,
  ADDRESS = {Vienna, Austria},
  TITLE = {{JAGS}: {A} Program for Analysis of {Bayesian} Graphical Models Using {Gibbs} Sampling},
  URL = {https://www.r-project.org/conferences/DSC-2003/Proceedings/},
  BOOKTITLE = {Proceedings of the 3rd International Workshop on Distributed Statistical Computing ({DSC} 2003)},
  ISSN = {1609-395X},
  AUTHOR = {Plummer, Martyn},
  EDITOR = {Hornik, Kurt and Leisch, Friedrich and Zeileis, Achim},
  YEAR = {2003},
}
@ARTICLE{gilks_language_1994,
  TITLE = {A Language and Program for Complex {Bayesian} Modelling},
  VOLUME = {43},
  URL = {https://doi.org/10.2307/2348941},
  PAGES = {169--177},
  NUMBER = {1},
  JOURNAL = {Journal of the Royal Statistical Society, Series D (The Statistician)},
  AUTHOR = {Gilks, W. R. and Thomas, A. and Spiegelhalter, D. J.},
  YEAR = {1994},
}
@MANUAL{statacorp_stata_2019,
  ADDRESS = {College Station, {TX}, {USA}},
  TITLE = {{Stata}},
  ORGANIZATION = {\mbox{StataCorp} {LLC}},
  AUTHOR = {{StataCorp}},
  YEAR = {2019},
  NOTE = {Release 16},
}
@ARTICLE{grant_introducing_2017,
  TITLE = {Introducing the {StataStan} Interface for Fast, Complex {Bayesian} Modeling Using {Stan}},
  VOLUME = {17},
  URL = {https://doi.org/10.1177/1536867X1701700205},
  PAGES = {330--342},
  NUMBER = {2},
  JOURNAL = {The {Stata} Journal},
  AUTHOR = {Grant, Robert L. and Carpenter, Bob and Furr, Daniel C. and Gelman, Andrew},
  YEAR = {2017},
}
@ARTICLE{grant_fitting_2017,
  TITLE = {Fitting {Bayesian} Item Response Models in {Stata} and {Stan}},
  VOLUME = {17},
  URL = {https://doi.org/10.1177/1536867X1701700206},
  PAGES = {343--357},
  NUMBER = {2},
  JOURNAL = {The {Stata} Journal},
  AUTHOR = {Grant, Robert L. and Furr, Daniel C. and Carpenter, Bob and Gelman, Andrew},
  YEAR = {2017},
}
@ARTICLE{hoffman_no-u-turn_2014,
  TITLE = {The No-{U}-Turn Sampler: {Adaptively} Setting Path Lengths in {Hamiltonian} {Monte} {Carlo}},
  VOLUME = {15},
  URL = {https://jmlr.org/papers/v15/hoffman14a.html},
  PAGES = {1593--1623},
  NUMBER = {47},
  JOURNAL = {Journal of Machine Learning Research},
  AUTHOR = {Hoffman, Matthew D. and Gelman, Andrew},
  YEAR = {2014},
}
@ARTICLE{betancourt_conceptual_2018,
  TITLE = {A Conceptual Introduction to {Hamiltonian} {Monte} {Carlo}},
  URL = {https://arxiv.org/abs/1701.02434v2},
  JOURNAL = {{arXiv}:1701.02434v2 [stat]},
  AUTHOR = {Betancourt, Michael},
  YEAR = {2018},
  NOTE = {Accessed on March 7, 2021},
}
@MANUAL{stan_development_team_rstan_2020,
  TITLE = {{RStan}: {The} {R} Interface to {Stan}},
  URL = {https://mc-stan.org/},
  AUTHOR = {{{Stan} Development Team}},
  YEAR = {2022},
  NOTE = {{R} package, version 2.21.5; for the example, version 2.26.13 from the repository at \url{https://mc-stan.org/r-packages/} was used},
}
@MANUAL{gabry_shinystan_2018,
  TITLE = {{shinystan}: {Interactive} Visual and Numerical Diagnostics and Posterior Analysis for {Bayesian} Models},
  URL = {https://mc-stan.org/shinystan/},
  AUTHOR = {Gabry, Jonah},
  YEAR = {2022},
  NOTE = {{R} package, version 2.6.0},
}
@ARTICLE{burkner_brms:_2017,
  TITLE = {{brms}: {An} {R} Package for {Bayesian} Multilevel Models Using {Stan}},
  VOLUME = {80},
  URL = {https://doi.org/10.18637/jss.v080.i01},
  PAGES = {1--28},
  NUMBER = {1},
  JOURNAL = {Journal of Statistical Software},
  AUTHOR = {Bürkner, Paul-Christian},
  YEAR = {2017},
}
@ARTICLE{burkner_advanced_2018,
  TITLE = {Advanced {Bayesian} Multilevel Modeling with the {R} Package {brms}},
  VOLUME = {10},
  URL = {https://doi.org/10.32614/RJ-2018-017},
  PAGES = {395--411},
  NUMBER = {1},
  JOURNAL = {The {R} Journal},
  AUTHOR = {Bürkner, Paul-Christian},
  YEAR = {2018},
}
@ARTICLE{carpenter_stan:_2017,
  TITLE = {{Stan}: {A} Probabilistic Programming Language},
  VOLUME = {76},
  URL = {https://doi.org/10.18637/jss.v076.i01},
  PAGES = {1--32},
  NUMBER = {1},
  JOURNAL = {Journal of Statistical Software},
  AUTHOR = {Carpenter, Bob and Gelman, Andrew and Hoffman, Matthew D. and Lee, Daniel and Goodrich, Ben and Betancourt, Michael and Brubaker, Marcus and Guo, Jiqiang and Li, Peter and Riddell, Allen},
  YEAR = {2017},
}
@MANUAL{arbuckle_amos_2020,
  ADDRESS = {Chicago, {IL}, {USA}},
  TITLE = {{Amos}},
  NOTE = {Version 27.0},
  ORGANIZATION = {{IBM SPSS}},
  AUTHOR = {Arbuckle, J. L.},
  YEAR = {2020},
}
@MANUAL{ibm_corp_ibm_2020,
  ADDRESS = {Armonk, {NY}, {USA}},
  TITLE = {{IBM SPSS} {Statistics} for {Windows}},
  NOTE = {Version 27.0},
  ORGANIZATION = {{IBM} Corp.},
  AUTHOR = {{IBM Corp.}},
  YEAR = {2020},
}
@ARTICLE{gelman_prior_2017,
  TITLE = {The Prior Can Often Only Be Understood in the Context of the Likelihood},
  VOLUME = {19},
  URL = {https://doi.org/10.3390/e19100555},
  PAGES = {555},
  NUMBER = {10},
  JOURNAL = {Entropy},
  AUTHOR = {Gelman, Andrew and Simpson, Daniel and Betancourt, Michael},
  YEAR = {2017},
}
@BOOK{mcelreath_statistical_2020,
  ADDRESS = {Boca Raton, {FL}, {USA}},
  TITLE = {Statistical Rethinking: {A} {Bayesian} Course with Examples in {R} and {Stan}},
  ISBN = {978-0-367-13991-9},
  SERIES = {{Chapman} \& {Hall}/{CRC} Texts in Statistical Science},
  PUBLISHER = {{CRC} Press},
  AUTHOR = {{McElreath}, Richard},
  YEAR = {2020},
  URL = {https://doi.org/10.1201/9780429029608},
  EDITION = {2nd},
}
@BOOK{gelman_bayesian_2014,
  ADDRESS = {Boca Raton, {FL}, {USA}},
  EDITION = {3rd},
  TITLE = {{Bayesian} Data Analysis},
  ISBN = {978-1-4398-4095-5},
  SERIES = {{Chapman} \& {Hall}/{CRC} Texts in Statistical Science},
  PUBLISHER = {{CRC} Press},
  AUTHOR = {Gelman, Andrew and Carlin, John B. and Stern, Hal S. and Dunson, David B. and Vehtari, Aki and Rubin, Donald B.},
  YEAR = {2014},
  URL = {https://doi.org/10.1201/b16018},
}
@MANUAL{belitz_bayesx_2015,
  TITLE = {{BayesX} - {Software} for {Bayesian} Inference in Structured Additive Regression Models},
  URL = {http://www.bayesx.org},
  NOTE = {Version 3.0.2},
  AUTHOR = {Belitz, C. and Brezger, A. and Klein, N. and Kneib, T. and Lang, S. and Umlauf, N.},
  YEAR = {2015},
}
@ARTICLE{ramirez-hassan_guided_2021,
  TITLE = {A {GUIded} tour of {Bayesian} regression},
  VOLUME = {13},
  URL = {https://doi.org/10.32614/RJ-2021-081},
  NUMBER = {2},
  JOURNAL = {The R Journal},
  AUTHOR = {Ramírez-Hassan, Andrés and Graciano-Londoño, Mateo},
  YEAR = {2021},
  PAGES = {135--152},
}
@ARTICLE{karabatsos_menu-driven_2017,
  TITLE = {A Menu-Driven Software Package of {Bayesian} Nonparametric (and Parametric) Mixed Models for Regression Analysis and Density Estimation},
  VOLUME = {49},
  URL = {https://doi.org/10.3758/s13428-016-0711-7},
  PAGES = {335--362},
  NUMBER = {1},
  JOURNAL = {Behavior Research Methods},
  AUTHOR = {Karabatsos, George},
  YEAR = {2017},
}
@ARTICLE{karabatsos_menu-driven_2015,
  TITLE = {A Menu-Driven Software Package For {Bayesian} Regression Analysis},
  VOLUME = {22},
  PAGES = {13--16},
  NUMBER = {4},
  JOURNAL = {The {ISBA} Bulletin},
  AUTHOR = {Karabatsos, G.},
  YEAR = {2015},
}
