@book{bib:cartFinance,
author = {E.~I. {Altman}},
title = {{Bankruptcy, Credit Risk, and High Yield Junk Bonds}},
publisher = {Blackwell Publishers Inc.},
year = {2002}
}
@book{bib:rcom,
author = {T.~{Baier}},
title = {{rcom: R COM Client Interface and internal COM Server, }},
publisher = {R package version 1.5-1},
year = {2007}
}
@book{bib:rdcom,
author = {T.~{Baier and E.~Neuwirth}},
title = {{R (D)COM Server V2.00, }},
year = {2005},
url = {http://cran.r-project.org/other/DCOM}
}
@book{bib:r+excel+com,
author = {T.~{Baier and E.~Neuwirth}},
title = {{$textExcel::textCOM::mathsfR$}},
publisher = {Computational Statistics 22 (1): ,April},
pages = {91--108},
year = {2007},
url = {http://www.springerlink.com/content/uv6667814108258m/}
}
@book{bib:bas2,
author = {{{Basel Committee on Banking Supervision}}},
title = {{International Convergence of Capital Measurement and Capital Standards}},
publisher = {Technical report Bank for International Settlements June},
year = {2006},
url = {http://www.bis.org/publ/bcbs128.pdf}
}
@book{bib:cart,
author = {L.~{Breiman, J.~Friedman, R.~Olshen, and C.~Stone}},
title = {{Classification and Regression Trees}},
publisher = {Wadsworth and Brooks Monterey CA},
year = {1984}
}
@book{bib:s4,
author = {J.~M. {Chambers}},
title = {{Programming with Data}},
publisher = {Springer New York},
year = {1998},
url = {http://cm.bell-labs.com/cm/ms/departments/sia/Sbook/},
isbn = {0-387-98503-4}
}
@book{bib:runo,
author = {R.~{Drexel}},
title = {{ROOo, }},
year = {2009},
url = {http://rcom.univie.ac.at/}
}
@book{bib:dataMining,
author = {T.~{Hastie, R.~Tibshirani, and J.~Friedman}},
title = {{The Elements of Statistical Learning: Data Mining, Inference, and Prediction}},
publisher = {Springer},
year = {2009}
}
@book{bib:scilab,
author = {INR{IA}},
title = {{Scilab}},
publisher = {INRIA ENPC},
year = {1989},
url = {http://www.scilab.org}
}
@book{bib:ExcelProblems,
author = {B.~D. {McCullough and B.~Wilson}},
title = {{On the accuracy of statistical procedures in Microsoft Excel  and Excel XP}},
publisher = {Computational Statistics and Data Analysis 40:},
pages = {713--721},
year = {2002}
}
@book{bib:VBA,
author = {{{Microsoft Corporation}}},
title = {{Microsoft Office /Visual Basic Programmer's Guide}},
publisher = {In MSDN Library volume Office  Documentation MicrosoftCorporation October 2001},
year = {2000},
url = {http://msdn.microsoft.com/}
}
@book{bib:com,
author = {{{Microsoft Corporation} and {Digital Equipment Corporation}}},
title = {{The component object model specification}},
publisher = {Technical Report 0.9 Microsoft Corporation October  Draft},
year = {1995}
}
@book{bib:openoffice,
author = {{OpenOffice.org}},
title = {{OpenOffice, }},
year = {2006},
url = {http://www.openoffice.org/}
}
@book{bib:uno,
author = {{OpenOffice.org}},
title = {{Uno, }},
publisher = {bibitem[R Development Core Team()]bib:r% R Development Core Team.%  R: A Language and Environment for Statistical Computing.%  R Foundation for Statistical Computing Vienna Austria .%},
year = {2009},
url = {http://wiki.services.openoffice.org/wiki/Uno/.%},
isbn = {3-900051-07-0}
}
@book{bib:cartHealth,
author = {H.~{Zhang and B.~Singer}},
title = {{Recursive Partitioning in the Health Sciences}},
publisher = {Springer-Verlag New York},
year = {1999},
isbn = {0-387-98671-5}
}











