@book{pkg:playwith:b,
author = {F.~{Andrews}},
title = {{playwith: A GUI for interactive plots using GTK+, }},
publisher = {R package version 0.9-53},
year = {2010},
url = {http://CRAN.R-project.org/package=playwith}
}
@book{pkg:gridSVG:b,
author = {P.~{Murrell}},
title = {{gridSVG: Export grid graphics as SVG, }},
publisher = {R package version 0.7-0},
year = {2011},
url = {http://CRAN.R-project.org/package=gridSVG}
}
@book{pkg:gridDebug:b,
author = {P.~{Murrell and V.~Ly}},
title = {{gridDebug: Debugging Grid Graphics, }},
publisher = {R package version 0.2},
year = {2011},
url = {http://r-forge.r-project.org/projects/griddebug/}
}
@book{pkg:lattice,
author = {D.~{Sarkar}},
title = {{Lattice: Multivariate Data Visualization with R}},
publisher = {Springer New York},
year = {2008},
url = {http://lmdvr.r-forge.r-project.org},
isbn = {978-0-387-75968-5}
}
@book{pkg:metafor,
author = {W.~{Viechtbauer}},
title = {{Conducting meta-analyses in R with the metafor package}},
publisher = {Journal of Statistical Software 36 (3):},
pages = {1--48},
year = {2010},
url = {http://www.jstatsoft.org/v36/i03/}
}
@book{pkg:ggplot2,
author = {H.~{Wickham}},
title = {{ggplot2: elegant graphics for data analysis}},
publisher = {Springer New York},
year = {2009},
url = {http://had.co.nz/ggplot2/book},
isbn = {978-0-387-98140-6}
}

