@Article{Iturbide_2018_GPC,
  author = {Maialen Iturbide and Joaqu\'in Bedia and José Manual Gutiérrez},
  title = {Background Sampling and Transferability of Species Distribution Model Ensembles under Climate Change},
  journal = {Global and Planetary Change},
  year = {2018},
  note = {In press},
  url = {https://doi.org/10.1016/j.gloplacha.2018.03.008},
}

@Article{Zahn:2010,
  author = {M. Zahn and H. {von Storch}},
  title = {Decreased Frequency of {N}orth {A}tlantic Polar Lows Associated with Future Climate Warming},
  journal = {Nature},
  year = {2010},
  volume = {467},
  pages = {309--312},
  url = {https://doi.org/10.1038/nature09388},
}

@Article{Winkler:1997lr,
  author = {Julie A. Winkler and Jean P. Palutikof and Jeffrey A. Andresen and Clare M. Goodess},
  title = {{The Simulation of Daily Temperature Time Series from GCM Output. Part II: Sensitivity Analysis of an Empirical Transfer Function Methodology}},
  journal = {Journal of Climate},
  year = {1997},
  volume = {10},
  pages = {2514--2532},
  url = {https://doi.org/10.1175/1520-0442(1997)010<2514:tsodtt>2.0.co;2},
}

@Article{taylor_overview_2011,
  title = {An {Overview} of {CMIP}5 and the {Experiment} {Design}},
  volume = {93},
  number = {4},
  journal = {Bulletin of the American Meteorological Society},
  author = {Karl E. Taylor and Ronald J. Stouffer and Gerald A. Meehl},
  year = {2011},
  pages = {485--498},
  url = {https://doi.org/10.1175/bams-d-11-00094.1},
}

@Article{baker_neglected_2017,
  title = {Neglected Issues in Using Weather and Climate Information in Ecology and Biogeography},
  volume = {23},
  issn = {1472-4642},
  number = {3},
  journal = {Diversity and Distributions},
  author = {David J. Baker and Andrew J. Hartley and James W. Pearce-Higgins and Richard G. Jones and Stephen G. Willis},
  year = {2017},
  pages = {329--340},
  url = {https://doi.org/10.1111/ddi.12527},
}

@Article{christensen_summary_2007,
  title = {A Summary of the {PRUDENCE} Model Projections of Changes in {European} Climate by the End of This Century},
  volume = {81},
  issn = {0165-0009, 1573-1480},
  number = {1},
  urldate = {2017-03-03},
  journal = {Climatic Change},
  author = {Jens Hesselbjerg Christensen and Ole Bøssing Christensen},
  year = {2007},
  pages = {7--30},
  url = {https://doi.org/10.1007/s10584-006-9210-7},
}

@Article{frias_r_2018,
  title = {An {R} Package to Visualize and Communicate Uncertainty in Seasonal Climate Prediction},
  volume = {99},
  issn = {1364-8152},
  number = {Supplement C},
  journal = {Environmental Modelling \& Software},
  author = {M. D. Frías and M. Iturbide and R. Manzanas and J. Bedia and J. Fernández and S. Herrera and A. S. Cofiño and J. M. Gutiérrez},
  year = {2018},
  pages = {101--110},
  url = {https://doi.org/10.1016/j.envsoft.2017.09.008},
}

@Article{petit_chloroplast_2002,
  title = {Chloroplast {DNA} Variation in {European} White Oaks: {Phylogeography} and Patterns of Diversity Based on Data from over 2600 Populations},
  volume = {156},
  shorttitle = {Chloroplast {DNA} variation in {European} white oaks},
  urldate = {2014-03-19},
  journal = {Forest Ecology and Management},
  author = {Remy J. Petit and Ulrike M. Csaikl and Sandor Bordács and Kornel Burg and Els Coart and Joan Cottrell and Barbara {van Dam} and John D. Deans and Sylvie Dumolin-Lapègue and Silvia Fineschi and Reiner Finkeldey and Amanda Gillies and Izabela Glaz and Pablo G. Goicoechea and Jan S. Jensen and Armin O. König and Andrew J. Lowe and Søren F. Madsen and Gabor Mátyás and Robert C. Munro and Maria Olalde and Marie-Hélène Pemonge and Flaviu Popescu and Danko Slade and Helen Tabbener and Daniela Taurchini and Sven G. M. {de Vries} and Birgit Ziegenhagen and Antoine Kremer},
  year = {2002},
  pages = {5--26},
  url = {https://doi.org/10.1016/s0378-1127(01)00645-4},
}

@Article{ranger,
  title = {{ranger}: A Fast Implementation of Random Forests for High Dimensional Data in {C++} and {R}},
  author = {Marvin N. Wright and Andreas Ziegler},
  journal = {Journal of Statistical Software},
  year = {2017},
  volume = {77},
  pages = {1--17},
  url = {https://doi.org/10.18637/jss.v077.i01},
}

@Article{wisz_pseudo-absence_2009,
  title = {Do Pseudo-Absence Selection Strategies Influence Species Distribution Models and Their Predictions? An Information-Theoretic Approach Based on Simulated Data},
  volume = {9},
  copyright = {2009 Wisz and Guisan; licensee {BioMed} Central Ltd.},
  shorttitle = {Do pseudo-absence selection strategies influence species distribution models and their predictions?},
  journal = {{BMC} Ecology},
  author = {Mary S. Wisz and Antoine Guisan},
  year = {2009},
  pages = {8},
  url = {https://doi.org/10.1186/1472-6785-9-8},
}

@Article{verbyla_resampling_1989,
  title = {Resampling Methods for Evaluating Classification Accuracy of Wildlife Habitat Models},
  volume = {13},
  journal = {Environmental Management},
  author = {D. L. Verbyla and J. A. Litvaitis},
  year = {1989},
  pages = {783--787},
  url = {https://doi.org/10.1007/bf01868317},
}

@Manual{SDMTools,
  title = {{SDMTools}: Species Distribution Modelling Tools: Tools for Processing Data Associated with Species Distribution Modelling Exercises},
  author = {Jeremy {Van der Wal} and Lorena Falconi and Stephanie Januchowski and Luke Shoo and Collin Storlie},
  year = {2014},
  note = {R package version 1.1-221},
  url = {https://CRAN.R-project.org/package=SDMTools},
}

@Article{jeremy_vanderwal_selecting_2009,
  title = {Selecting Pseudo-Absence Data for Presence-Only Distribution Modeling: How Far Should You Stray from What You Know?},
  shorttitle = {Selecting pseudo-absence data for presence-only distribution modeling},
  volume = {220},
  journal = {Ecological Modelling},
  author = {Jeremy {Van der Wal} and Luke P. Shoo},
  year = {2009},
  pages = {589--594},
  url = {https://doi.org/10.1016/j.ecolmodel.2008.11.010},
}

@TechReport{van_der_linden_ensembles:_2009,
  address = {FitzRoy Road, Exeter EX1 3PB, UK.},
  title = {{ENSEMBLES}: {Climate} {Change} and Its {Impacts}: {Summary} of Research and Results from the {ENSEMBLES} Project — {European} {Environment} {Agency} ({EEA})},
  institution = {Met Office Hadley Centre},
  author = {P. {van der Linden} and J. F. B. Mitchell},
  year = {2009},
  pages = {160pp},
}

@Article{turco_large_2013,
  title = {Large Biases and Inconsistent Climate Change Signals in {ENSEMBLES} Regional Projections},
  volume = {120},
  urldate = {2017-02-20},
  journal = {Climatic Change},
  author = {Marco Turco and Antonella Sanna and Sixto Herrera and Maria-Carmen Llasat and José Manuel Gutiérrez},
  year = {2013},
  pages = {859--869},
  url = {https://doi.org/10.1007/s10584-013-0844-y},
}

@Manual{biomod2,
  title = {{biomod2}: Ensemble Platform for Species Distribution Modeling},
  author = {Wilfried Thuiller and Damien Georges and Robin Engler and Frank Breiner},
  year = {2016},
  note = {R package version 3.3-7},
  url = {https://CRAN.R-project.org/package=biomod2},
}

@Article{thuiller_uncertainty_2004,
  title = {Biodiversity Conservation: {Uncertainty} in Predictions of Extinction Risk},
  volume = {430},
  copyright = {© 2004 Nature Publishing Group},
  shorttitle = {Biodiversity conservation},
  journal = {Nature},
  author = {Wilfried Thuiller and Miguel B. Araújo and Richard G. Pearson and Robert J. Whittaker and Lluís Brotons and Sandra Lavorel},
  year = {2004},
  pages = {145--148},
  url = {https://doi.org/10.1038/nature02716},
}

@Manual{rpart,
  title = {{rpart}: Recursive Partitioning and Regression Trees},
  author = {Terry Therneau and Beth Atkinson and Brian Ripley},
  year = {2017},
  note = {R package version 4.1-11},
  url = {https://CRAN.R-project.org/package=rpart},
}

@Article{swets_measuring_1988,
  title = {Measuring the Accuracy of Diagnostic Systems},
  volume = {240},
  journal = {Science},
  author = {JA Swets},
  year = {1988},
  pages = {1285--1293},
  url = {https://doi.org/10.1126/science.3287615},
}

@Article{serra_varela_does_2015,
  title = {Does Phylogeographical Structure Relate to Climatic Niche Divergence? A Test Using Maritime Pine ({P}inus Pinaster {A}it.)},
  volume = {24},
  shorttitle = {Does phylogeographical structure relate to climatic niche divergence?},
  journal = {Global Ecology and Biogeography},
  author = {M. J. Serra-Varela and D. Grivet and L. Vincenot and O. Broennimann and J. Gonzalo-Jiménez and N. E. Zimmermann},
  year = {2015},
  pages = {1302--1313},
  url = {https://doi.org/10.1111/geb.12369},
}

@Article{senay_novel_2013,
  title = {Novel Three-Step Pseudo-Absence Selection Technique for Improved Species Distribution Modelling},
  volume = {8},
  journal = {{PLoS} {ONE}},
  author = {Senait D. Senay and Susan P. Worner and Takayoshi Ikeda},
  editor = {Andrew Davies},
  year = {2013},
  pages = {e71218},
  url = {https://doi.org/10.1371/journal.pone.0071218},
}

@Article{san-martin_reassessing_2016,
  title = {Reassessing {Model} {Uncertainty} for {Regional} {Projections} of {Precipitation} with an {Ensemble} of {Statistical} {Downscaling} {Methods}},
  volume = {30},
  urldate = {2017-02-14},
  journal = {Journal of Climate},
  author = {D. San-Martín and R. Manzanas and S. Brands and S. Herrera and J. M. Gutiérrez},
  year = {2016},
  pages = {203--223},
  url = {https://doi.org/10.1175/jcli-d-16-0366.1},
}

@Manual{tree,
  title = {{tree}: Classification and Regression Trees},
  author = {Brian Ripley},
  year = {2016},
  note = {R package version 1.0-37},
  url = {https://CRAN.R-project.org/package=tree},
}

@Article{randin_are_2006,
  title = {Are Niche-Based Species Distribution Models Transferable in Space?},
  volume = {33},
  journal = {Journal of Biogeography},
  author = {Christophe F. Randin and Thomas Dirnböck and Stefan Dullinger and Niklaus E. Zimmermann and Massimiliano Zappa and Antoine Guisan},
  year = {2006},
  pages = {1689--1703},
  url = {https://doi.org/10.1111/j.1365-2699.2006.01466.x},
}

@Book{peterson_ecological_2011,
  series = {Monographs in population biology},
  title = {Ecological Niches and Geographic Distributions},
  isbn = {978-0-691-13688-2},
  publisher = {Princeton University},
  author = {A. T. Peterson and J. Soberón and R. G. Pearson and R. P. Anderson and E. Martinez-Meyer and M. Nakamura and M. B. Araujo},
  year = {2011},
  file = {Peterson, A.T., Soberón, J., Pearson, R.G., Anderson, R.P., et al.\: Ecological Niches and Geographic Distributions (MPB-49) (eBook and Paperback).:/home/maialen/.mozilla/firefox/m8wkf8re.default/zotero/storage/JR6HWE6D/9641.html:text/html},
}

@Manual{sp,
  author = {Edzer J. Pebesma and Roger S. Bivand},
  title = {Classes and Methods for Spatial Data in {R}},
  journal = {R News},
  year = {2005},
  volume = {5},
  pages = {9--13},
  url = {https://cran.r-project.org/doc/Rnews/Rnews_2005-2.pdf},
}

@Book{sp2,
  author = {Roger S. Bivand and Edzer Pebesma and Virgilio Gomez-Rubio},
  title = {Applied Spatial Data Analysis with {R}, Second Edition},
  year = {2013},
  publisher = {Springer-Verlag},
  url = {http://www.asdar-book.org/},
}

@InBook{Nix_bioclim_1986,
  address = {Canberra, Australia},
  author = {H. A. Nix},
  title = {Atlas of Elapid Snakes of Australia},
  alteditor = {Longmore, R.},
  optpages = {4--15},
  publisher = {Australian Government Publishing Service},
  chapter = {A biogeographic analysis of Australian Elaphid snakes},
  year = {1986},
}

@Article{Nakicenovic:2000,
  author = {N. Nakićenović},
  title = {{Greenhouse Gas Emissions Scenarios}},
  journal = {{Technological Forecasting and Social Change}},
  year = {2000},
  volume = {65},
  pages = {149-166},
}

@Article{sdm,
  title = {{sdm}: a Reproducible and Extensible {R} Platform for Species Distribution Modelling},
  volume = {39},
  shorttitle = {sdm},
  urldate = {2017-03-22},
  journal = {Ecography},
  author = {Babak Naimi and Miguel B. Araújo},
  year = {2016},
  pages = {368--375},
  url = {https://doi.org/10.1111/ecog.01881},
}

@Manual{earth,
  title = {{earth}: Multivariate Adaptive Regression Splines},
  author = {Stephen Milborrow},
  year = {2017},
  note = {{R package version 4.5.0.}},
  url = {https://CRAN.R-project.org/package=earth},
}

@Manual{e1071,
  title = {{e1071}: Misc Functions of the Department of Statistics, Probability Theory Group (Formerly: E1071), TU Wien},
  author = {David Meyer and Evgenia Dimitriadou and Kurt Hornik and Andreas Weingessel and Friedrich Leisch},
  year = {2017},
  note = {R package version 1.6-8},
  url = {https://CRAN.R-project.org/package=e1071},
}

@Article{mateo_effects_2010,
  title = {Effects of the Number of Presences on Reliability and Stability of {MARS} Species Distribution Models: The Importance of Regional Niche Variation and Ecological Heterogeneity},
  volume = {21},
  journal = {Journal of Vegetation Science},
  author = {Rubén G. Mateo and Ángel M. Felicísimo and Jesús Muñoz},
  year = {2010},
  pages = {908--922},
  url = {https://doi.org/10.1111/j.1654-1103.2010.01198.x},
}

@Manual{caret,
  title = {{caret}: Classification and Regression Training},
  author = {Max Kuhn},
  year = {2017},
  note = {R package version 6.0-76},
  url = {https://CRAN.R-project.org/package=caret},
}

@InCollection{jeschke_usefulness_2008,
  address = {9600 Garsington RD, Oxford OX4 2DQ, Oxen, England},
  series = {Annals of the New York Academy of Sciences},
  title = {Usefulness of Bioclimatic Models for Studying Climate Change and Invasive Species},
  volume = {1134},
  booktitle = {Year in Ecology and Conservation Biology},
  publisher = {Blackwell Publishing},
  author = {Jonathan M. Jeschke and David L. Strayer},
  year = {2008},
  pages = {1--24},
}

@Article{iturbide_framework_2015,
  title = {A Framework for Species Distribution Modelling with Improved Pseudo-Absence Generation},
  volume = {312},
  journal = {Ecological Modelling},
  author = {Maialen Iturbide and Joaquín Bedia and Sixto Herrera and Oscar {del Hierro} and Miriam Pinto and Jose Manuel Gutiérrez},
  year = {2015},
  pages = {166--174},
  url = {https://doi.org/10.1016/j.ecolmodel.2015.05.018},
}

@Manual{dismo,
  title = {{dismo}: Species Distribution Modeling},
  author = {Robert J. Hijmans and Steven Phillips and John Leathwick and Jane Elith},
  year = {2017},
  note = {R package version 1.1-4},
  url = {https://CRAN.R-project.org/package=dismo},
}

@Manual{raster,
  title = {{raster}: Geographic Data Analysis and Modeling},
  author = {Robert J. Hijmans},
  year = {2015},
  note = {R package version 2.4-20},
  url = {https://CRAN.R-project.org/package=raster},
}

@Article{hernandez_effect_2006,
  title = {The Effect of Sample Size and Species Characteristics on Performance of Different Species Distribution Modeling Methods},
  volume = {29},
  journal = {Ecography},
  author = {Pilar A. Hernandez and Catherine H. Graham and Lawrence L. Master and Deborah L. Albert},
  year = {2006},
  pages = {773--785},
  url = {https://doi.org/10.1111/j.0906-7590.2006.04700.x},
}

@Article{haylock_european_2008,
  title = {A {European} Daily High-Resolution Gridded Data Set of Surface Temperature and Precipitation for 1950–2006},
  volume = {113},
  pages = {D20119},
  journal = {Journal of Geophysical Research},
  author = {M. R. Haylock and N. Hofstra and A. M. G. {Klein Tank} and E. J. Klok and P. D. Jones and M. New},
  year = {2008},
  url = {https://doi.org/10.1029/2008jd010201},
}

@Article{hamann_potential_2006,
  title = {Potential Effects of Climate Change on Ecosystem and Tree Species Distribution in British Columbia},
  volume = {87},
  journal = {Ecology},
  author = {Andreas Hamann and Tongli Wang},
  year = {2006},
  pmid = {17168022},
  pages = {2773--2786},
  url = {https://doi.org/10.1890/0012-9658(2006)87[2773:peocco]2.0.co;2},
}

@Article{guisan_generalized_2002,
  title = {Generalized Linear and Generalized Additive Models in Studies of Species Distributions: Setting the Scene},
  volume = {157},
  journal = {Ecological Modelling},
  author = {A. Guisan and T. C. Edwards and T. Hastie},
  year = {2002},
  pages = {89--100},
  url = {https://doi.org/10.1016/s0304-3800(02)00204-1},
}

@Article{guisan_predictive_2000,
  title = {Predictive Habitat Distribution Models in Ecology},
  volume = {135},
  journal = {Ecological modelling},
  author = {Antoine Guisan and Niklaus E. Zimmermann},
  year = {2000},
  pages = {147--186},
  url = {https://doi.org/10.1016/s0304-3800(00)00354-9},
}

@Article{garcia_exploring_2012,
  title = {Exploring Consensus in 21st Century Projections of Climatically Suitable Areas for {African} Vertebrates},
  volume = {18},
  language = {en},
  journal = {Global Change Biology},
  author = {Raquel A. Garcia and Neil D. Burgess and Mar Cabeza and Carsten Rahbek and Miguel B. Araújo},
  year = {2012},
  pages = {1253--1269},
  url = {https://doi.org/10.1111/j.1365-2486.2011.02605.x},
}

@Article{fronzek_evaluating_2011,
  title = {Evaluating Sources of Uncertainty in Modelling the Impact of Probabilistic Climate Change on Sub-Arctic Palsa Mires},
  volume = {11},
  journal = {Natural Hazards and Earth System Sciences},
  author = {S. Fronzek and T. R. Carter and M. Luoto},
  year = {2011},
  pages = {2981--2995},
  url = {https://doi.org/10.5194/nhess-11-2981-2011},
}

@Article{friedman_multivariate_1991,
  title = {Multivariate Adaptive Regression Splines},
  volume = {19},
  journal = {The Annals of Statistics},
  author = {Jerome H. Friedman},
  year = {1991},
  pages = {1--67},
}

@Article{falloon_ensembles_2014,
  title = {Ensembles and Uncertainty in Climate Change Impacts},
  volume = {2},
  journal = {Frontiers in Environmental Science},
  author = {Pete Falloon and Andy Challinor and Suraje Dessai and Lan Hoang and Jill Johnson and Ann-Kristin Koehler},
  year = {2014},
  pages = {33},
  url = {https://doi.org/10.3389/fenvs.2014.00033},
}

@Article{elith_novel_2006,
  title = {Novel Methods Improve Prediction of Species' Distributions from Occurrence Data},
  volume = {29},
  journal = {Ecography},
  author = {J. Elith and {et al}},
  year = {2006},
  pages = {129--151},
  url = {https://doi.org/10.1111/j.2006.0906-7590.04596.x},
}

@Article{deque_spread_2012,
  title = {The Spread amongst {ENSEMBLES} Regional Scenarios: Regional Climate Models, Driving General Circulation Models and Interannual Variability},
  volume = {38},
  shorttitle = {The spread amongst {ENSEMBLES} regional scenarios},
  language = {en},
  urldate = {2017-02-21},
  journal = {Climate Dynamics},
  author = {M. Déqué and S. Somot and E. Sanchez-Gomez and C. M. Goodess and D. Jacob and G. Lenderink and O. B. Christensen},
  year = {2012},
  pages = {951--964},
  url = {https://doi.org/10.1007/s00382-011-1053-x},
}

@Article{cofino_ecoms_2017,
  title = {{The ECOMS User Data Gateway: Towards Seasonal Forecast Data Provision and Research Reproducibility in the Era of Climate Services}},
  volume = {in press},
  journal = {Climate Services},
  author = {Antonio Cofino and Joaqu\'in Bedia and Maialen Iturbide and Manuel Vega and Sixto Herrera and J. Fernández and M. D. Frías and R. Manzanas and Jose Manuel Gutiérrez},
  year = {2017},
  url = {https://doi.org/10.1016/j.cliser.2017.07.001},
}

@InBook{Busby_bioclim_1991,
  author = {J. R. Busby},
  alteditor = {Margules, C.R. and Austin, M.P.},
  title = {Nature Conservation: Cost Effective Biological Surveys and Data Analysis},
  chapter = {BIOCLIM - a bioclimatic analysis and prediction system},
  publisher = {CSIRO},
  year = {1991},
  optaddress = {Melbourne, Australia},
  optpages = {64--68},
}

@Article{buisson_uncertainty_2010,
  title = {Uncertainty in Ensemble Forecasting of Species Distribution},
  volume = {16},
  journal = {Global Change Biology},
  author = {Laëtitia Buisson and Wilfried Thuiller and Nicolas Casajus and Sovan Lek and Gaël Grenouillet},
  year = {2010},
  pages = {1145--1157},
  url = {https://doi.org/10.1111/j.1365-2486.2009.02000.x},
}

@Article{beierkuhnlein_ecotypes_2011,
  title = {Ecotypes of European Grass Species Respond Differently to Warming and Extreme Drought},
  volume = {99},
  journal = {Journal of Ecology},
  author = {Carl Beierkuhnlein and Daniel Thiel and Anke Jentsch and Evelin Willner and Juergen Kreyling},
  year = {2011},
  pages = {703--713},
  url = {https://doi.org/10.1111/j.1365-2745.2011.01809.x},
}

@Article{bedia_seasonal_2017,
  title = {Seasonal Predictions of {Fire} {Weather} {Index}: {Paving} the Way for Their Operational Applicability in {Mediterranean} {Europe}},
  journal = {Climate Services},
  author = {Joaqu\'in Bedia and Nicola Golding and Ana Casanueva and Maialen Iturbide and Carlo Buontempo and Jose Manuel Gutiérrez},
  year = {2017},
  url = {https://doi.org/10.1016/j.cliser.2017.04.001},
}

@Article{bedia_dangers_2013,
  title = {Dangers of Using Global Bioclimatic Datasets for Ecological Niche Modeling. Limitations for Future Climate Projections},
  volume = {107},
  journal = {Global and Planetary Change},
  author = {J. Bedia and S. Herrera and J. M. Gutiérrez},
  year = {2013},
  pages = {1--12},
  url = {https://doi.org/10.1016/j.gloplacha.2013.04.005},
}

@Article{bedia_predicting_2011,
  title = {Predicting Plant Species Distribution across an Alpine Rangeland in Northern Spain: a Comparison of Probabilistic Methods},
  volume = {14},
  journal = {Applied Vegetation Science},
  author = {J. Bedia and J. Busqué and J. M. Gutiérrez},
  year = {2011},
  pages = {415--432},
  url = {https://doi.org/10.1111/j.1654-109x.2011.01128.x},
}

@Article{beaumont_why_2008,
  title = {Why Is the Choice of Future Climate Scenarios for Species Distribution Modelling Important?},
  volume = {11},
  journal = {Ecology Letters},
  author = {L. J. Beaumont and L. Hughes and A. J. Pitman},
  year = {2008},
  pages = {1135--1146},
  url = {https://doi.org/10.1111/j.1461-0248.2008.01231.x},
}

@Article{barbet-massin_selecting_2012,
  title = {Selecting Pseudo-Absences for Species Distribution Models: How, Where and How Many?},
  volume = {3},
  shorttitle = {Selecting pseudo-absences for species distribution models},
  language = {en},
  journal = {Methods in Ecology and Evolution},
  author = {Morgane Barbet-Massin and Frédéric Jiguet and Cécile Hélène Albert and Wilfried Thuiller},
  year = {2012},
  pages = {327--338},
  url = {https://doi.org/10.1111/j.2041-210x.2011.00172.x},
}

@Article{baker_choice_2016,
  title = {Choice of Baseline Climate Data Impacts Projected Species' Responses to Climate Change},
  language = {en},
  journal = {Global Change Biology},
  author = {David J. Baker and Andrew J. Hartley and Stuart H. M. Butchart and Stephen G. Willis},
  year = {2016},
  volume = {22},
  pages = {991--1003},
  url = {https://doi.org/10.1111/gcb.13273},
}

@Article{bagchi_evaluating_2013,
  title = {Evaluating the Effectiveness of Conservation Site Networks under Climate Change: Accounting for Uncertainty},
  volume = {19},
  shorttitle = {Evaluating the effectiveness of conservation site networks under climate change},
  language = {en},
  journal = {Global Change Biology},
  author = {Robert Bagchi and Mike Crosby and Brian Huntley and David G. Hole and Stuart H. M. Butchart and Yvonne Collingham and Mohit Kalra and Jagadish Rajkumar and Asad Rahmani and Mitra Pandey and Hum Gurung and Le Trong Trai and Nguyen {Van Quang} and Stephen G. Willis},
  year = {2013},
  pages = {1236--1248},
  url = {https://doi.org/10.1111/gcb.12123},
}

@Article{araujo_reducing_2005,
  title = {Reducing Uncertainty in Projections of Extinction Risk from Climate Change},
  volume = {14},
  language = {en},
  journal = {Global Ecology and Biogeography},
  author = {Miguel B. Araújo and Robert J. Whittaker and Richard J. Ladle and Markus Erhard},
  year = {2005},
  pages = {529--538},
  url = {https://doi.org/10.1111/j.1466-822x.2005.00182.x},
}

@Article{araujo_ensemble_2007,
  title = {Ensemble Forecasting of Species Distributions},
  volume = {22},
  journal = {Trends in Ecology \& Evolution},
  author = {Miguel B. Araújo and Mark New},
  year = {2007},
  pages = {42--47},
  url = {https://doi.org/10.1016/j.tree.2006.09.010},
}

@Article{araujo_would_2004,
  title = {Would Climate Change Drive Species out of Reserves? An Assessment of Existing Reserve-Selection Methods},
  volume = {10},
  journal = {Global Change Biology},
  author = {M. B. Araújo and M. Cabeza and W. Thuiller and L. Hannah and P. H. Williams},
  year = {2004},
  pages = {1618--1626},
  url = {https://doi.org/10.1111/j.1365-2486.2004.00828.x},
}

@Article{allouche_assessing_2006,
  title = {Assessing the Accuracy of Species Distribution Models: Prevalence, Kappa and the True Skill Statistic ({TSS})},
  volume = {43},
  journal = {Journal of Applied Ecology},
  author = {O. Allouche and A. Tsoar and R. Kadmon},
  year = {2006},
  pages = {1223--1232},
  url = {https://doi.org/10.1111/j.1365-2664.2006.01214.x},
}
