
@Article{joreskog1978,
  title = {Structural Analysis of Covariance and Correlation Matrices},
  author = {Karl G Jöreskog},
  journal = {Psychometrika},
  volume = {43},
  number = {4},
  pages = {443--477},
  year = {1978},
  publisher = {Springer-Verlag},
}

@Book{gupta99,
  title = {Matrix Variate Distributions},
  author = {A. K. Gupta and D. K. Nagar},
  series = {Monographs and Surveys in Pure and Applied Mathematics},
  year = {1999},
  publisher = {Taylor \& Francis},
  url = {https://doi.org/10.1201/9780203749289},
}

@Article{asapval,
  author = {Ronald L. Wasserstein and Nicole A. Lazar},
  title = {The {ASA}'s Statement on p-Values: Context, Process, and Purpose},
  journal = {The American Statistician},
  volume = {70},
  number = {2},
  pages = {129-133},
  year = {2016},
  publisher = {Taylor & Francis},
  url = {https://doi.org/10.1080/00031305.2016.1154108},
}

@Article{granger1980,
  title = {Testing for Causality: a Personal Viewpoint},
  author = {Clive WJ Granger},
  journal = {Journal of Economic Dynamics and control},
  volume = {2},
  pages = {329--352},
  year = {1980},
  publisher = {Elsevier},
  url = {https://doi.org/10.1016/0165-1889(80)90069-x},
}

@Article{gilli1992,
  title = {Causal Ordering and beyond},
  author = {Manfred Gilli},
  journal = {International Economic Review},
  pages = {957--971},
  year = {1992},
  publisher = {JSTOR},
  url = {https://doi.org/10.2307/2527152},
}

@Article{bellino2018,
  title = {Introduction to Luigi Pasinetti’s ‘Causality and Interdependence …’},
  journal = {Structural Change and Economic Dynamics},
  year = {2018},
  issn = {0954-349X},
  author = {Enrico Bellino and Sebastiano Nerozzi and Maria G. Zoia},
  url = {https://doi.org/10.1016/j.strueco.2018.09.007},
}

@Article{faliva94,
  author = {Mario Faliva and M. Grazia Zoia},
  title = {Detecting and Testing Causality in Linear Econometric Models},
  journal = {Journal of the Italian Statistical Society},
  year = {1994},
  day = {01},
  volume = {3},
  number = {1},
  pages = {61--76},
}

@Article{faliva92,
  author = {Mario Faliva},
  title = {Recursiveness vs. Interdependence in Econometric Models: A Comprehensive Analysis for the Linear Case},
  journal = {Journal of the Italian Statistical Society},
  year = {1992},
  day = {01},
  volume = {1},
  number = {3},
  pages = {335--357},
}

@Article{haus78,
  title = {Specification Tests in Econometrics},
  author = {Jerry Hausman},
  year = {1978},
  journal = {Econometrica},
  volume = {46},
  number = {6},
  pages = {1251-71},
  url = {https://doi.org/10.2307/1913827},
}

@Article{wilks38,
  author = {Samuel S Wilks},
  journal = {The Annals of Mathematical Statistics},
  number = {1},
  pages = {60--62},
  publisher = {JSTOR},
  title = {The Large-Sample Distribution of the Likelihood Ratio for Testing Composite Hypotheses},
  volume = {9},
  year = {1938},
}

@Book{klein50,
  title = {Economic Fluctuations in the United States, 1921-1941},
  author = {L. R. Klein},
  series = {Monographs of the Cowles Commission for Research in Economics},
  year = {1950},
  publisher = {John Wiley \& Sons},
}

@Article{nelder65,
  title = {A Simplex Method for Function Minimization},
  author = {John A Nelder and Roger Mead},
  journal = {The computer journal},
  volume = {7},
  number = {4},
  pages = {308--313},
  year = {1965},
  publisher = {Oxford University Press},
}

@Book{greene03,
  title = {Econometric Analysis},
  author = {W. H. Greene},
  year = {2003},
  publisher = {Pearson Education},
}

@Article{marimont69,
  author = {Rosalind B. Marimont},
  title = {System Connectivity and Matrix Properties},
  journal = {The Bulletin of Mathematical Biophysics},
  year = {1969},
  day = {01},
  volume = {31},
  number = {2},
  pages = {255--274},
}

@Book{berman94,
  title = {Nonnegative Matrices in the Mathematical Sciences},
  author = {A. Berman and R. J. Plemmons},
  series = {Classics in Applied Mathematics},
  year = {1994},
  publisher = {Society for Industrial and Applied Mathematics},
}

@Book{Fiedler13,
  title = {Special Matrices and Their Applications in Numerical Mathematics: Second Edition},
  author = {M. Fiedler},
  series = {Dover Books on Mathematics},
  year = {2013},
  publisher = {Dover Publications},
}

@Manual{R-systemfit,
  title = {Systemfit: Estimating Systems of Simultaneous Equations},
  author = {Arne Henningsen and Jeff D. Hamann},
  year = {2017},
  note = {R package version 1.1-20},
  url = {https://CRAN.R-project.org/package=systemfit},
}

@Manual{R-psych,
  title = {Psych: Procedures for Psychological, Psychometric, and Personality Research},
  author = {William Revelle},
  year = {2017},
  note = {R package version 1.7.5},
  url = {https://CRAN.R-project.org/package=psych},
}

@Manual{R-igraph,
  title = {Igraph: Network Analysis and Visualization},
  author = {Patrick R. Amestoy},
  year = {2017},
  note = {R package version 1.1.2},
  url = {https://CRAN.R-project.org/package=igraph},
}

@Article{strotz60,
  author = {Robert H. Strotz and H. O. A. Wold},
  journal = {Econometrica},
  number = {2},
  pages = {417-427},
  publisher = {John Wiley \& Sons},
  title = {Recursive vs. Nonrecursive Systems: An Attempt at Synthesis (Part {I} of a Triptych on Causal Chain Systems)},
  volume = {28},
  year = {1960},
}

@Book{wold64,
  title = {Econometric Model Building: Essays on the Causal Chain Approach},
  author = {H. O. A. Wold},
  series = {Contributions to economic analysis},
  year = {1964},
  publisher = {North-Holland Publishing Company},
}

@Book{theil61,
  title = {Economic Forecasts and Policy},
  author = {H. Theil},
  series = {Contributions to economic analysis},
  year = {1961},
  publisher = {North-Holland Publishing Company},
}

@Book{joreskog82,
  title = {Systems Under Indirect Observation: Causality, Structure, Prediction},
  author = {K. G. Jöreskog and H. O. A. Wold},
  number = {139, pt. 2},
  series = {Contributions to Economic Analysis},
  year = {1982},
  publisher = {North-Holland Publishing Company},
}

@Book{ponstein66,
  title = {Matrices in Graph and Network Theory},
  author = {J. Ponstein},
  lccn = {67084941},
  series = {Van Gorcum's natuurwetenschappelijke reeks},
  year = {1966},
  publisher = {Van Gorcum \& Comp.},
}
