@Article{Akaike1973,
  author = {H. Akaike},
  title = {{A New Look at the Statistical Model Identification}},
  journal = {IEEE Transaction on Automatic Control},
  year = {1973},
  volume = {9},
  number = {6},
  pages = {716--723},
  url = {https://doi.org/10.1109/TAC.1974.1100705},
}

@Article{AlkhamisiAlkhamisi2007,
  author = {M. A. Alkhamisi and G. Shukur},
  title = {{A Monte Carlo Study of Recent Ridge Parameters}},
  journal = {Communications in Statistics-Simulation and Computation},
  year = {2007},
  volume = {36},
  number = {3},
  pages = {535--547},
  url = {https://doi.org/10.1080/03610910701208619},
}

@Article{AlkhamisiKhalafShukur2006,
  author = {M. A. Alkhamisi and G. Khalaf and G. Shukur},
  title = {{Some Modifications for Choosing Ridge Parameter}},
  journal = {Communications in Statistics-Theory and Methods},
  year = {2006},
  volume = {35},
  number = {11},
  pages = {2005--2020},
  url = {https://doi.org/10.1080/03610920600762905},
}

@Article{Allen1971,
  author = {D. M. Allen},
  title = {{Mean Square Error of Prediction as a Criterion for Selecting Variables}},
  journal = {Technometrics},
  year = {1971},
  volume = {13},
  number = {3},
  pages = {469--475},
  url = {http://doi.org/10.2307/1267161},
}

@Article{Allen1974,
  author = {David. M. Allen},
  title = {{The Relationship Between Variable Selection and Data Augmentation and Method for Prediction}},
  journal = {Technometrics},
  year = {1974},
  volume = {16},
  number = {1},
  pages = {125--127},
  url = {http://doi.org/10.2307/1267500},
}

@Article{Aslam2014,
  author = {Muhammad Aslam},
  title = {{Using Heteroscedasticity-Consistent Standard Errors for the Linear Regression Model with Correlated Regressors}},
  journal = {Communications in Statistics-Simulation and Computation},
  year = {2014},
  volume = {43},
  number = {10},
  pages = {2353--2373},
  url = {https://doi.org/10.1080/03610918.2012.750354},
}

@Article{Belsley1991,
  author = {D. A. Belsley},
  title = {{A Guide to Using the Collinearity Diagnostics}},
  journal = {Computer Science in Economics and Management},
  year = {1991},
  volume = {4},
  number = {1},
  pages = {33--50},
  url = {https://doi.org/10.1007/BF00426854},
}

@Book{BelsleyKuhWelsch1980,
  title = {{Diagnostics: Identifying Influential Data and Sources of Collinearity}},
  publisher = {John Wiley \& Sons},
  year = {1980},
  author = {D. A. Belsley and E. Kuh and R. E. Welsch},
  address = {New York},
  note = {chap. 3},
}

@Book{ChatterjeeHadi2006,
  title = {{Regression Analysis by Example}},
  publisher = {John Wiley \& Sons},
  year = {2006},
  author = {Samprit Chatterjee and Ali S. Hadi},
  edition = {4th},
}

@Article{CuleDeIorio2012,
  author = {Erika Cule and M. {De Iorio}},
  title = {{A Semi-Automatic Method to Guide the Choice of Ridge Regression}},
  journal = {Annals of Applied Statistics},
  year = {2012},
  volume = {arxiv:1205.0686v1},
  url = {https://arxiv.org/abs/1205.0686v1},
}

@Article{CurtoPinto2011,
  author = {J. D. Curto and J. C. Pinto},
  title = {{The Corrected VIF (CVIF)}},
  journal = {Journal of Applied Statistics},
  year = {2011},
  volume = {38},
  number = {7},
  pages = {1499--1507},
  url = {https://doi.org/10.1080/02664763.2010.505956},
}

@Article{DelaneyChatterjee1986,
  author = {Nancy Jo Delaney and Sangit Chatterjee},
  title = {{Use of the Bootstrap and Cross-Validation in Ridge Regression}},
  journal = {Journal of Business \& Economic Statistics},
  year = {1986},
  volume = {4},
  number = {2},
  pages = {255--262},
  url = {http://doi.org/10.2307/1391324},
}

@Misc{DissanayakeWijekoonR-Core2013,
  author = {Ajith Dissanayake and P Wijekoon and {R-Core}},
  title = {{lmrest: Different Types of Estimators to Deal with Multicollinearity}},
  year = {2016},
  url = {https://cran.r-project.org/package=lrmest. R package version 3.0},
}

@Article{Dorugade2014,
  author = {A. V. Dorugade},
  title = {{New Ridge Parameters for Ridge Regression}},
  journal = {Journal of the Association of Arab Universities for Basic and Applied Sciences},
  year = {2014},
  volume = {15},
  pages = {94--99},
  url = {https://doi.org/10.1016/j.jaubas.2013.03.005},
}

@Article{DorugadeKashid2010,
  author = {A. V. Dorugade and D. N. Kashid},
  title = {{Alternative Method for Choosing Ridge Parameter for Regression}},
  journal = {Applied Mathematical Sciences},
  year = {2010},
  volume = {4},
  number = {9},
  pages = {447--456},
}

@Book{DraperSmith1998,
  title = {{Applied Regression Analysis}},
  publisher = {John Wiley \& Sons},
  year = {1998},
  author = {N. R. Draper and H. Smith},
  address = {New York},
  edition = {2nd},
}

@Article{DwividiShrivastava1978,
  author = {T. D. Dwividi and V. K. Shrivastava},
  title = {{On the Mimimum Mean Square Error Estimators in a Regression Model}},
  journal = {Communications in Statistics-Theory and Methods},
  year = {1978},
  volume = {7},
  number = {5},
  pages = {487--494},
  url = {https://doi.org/10.1080/03610927808827642},
}

@Article{Endelman2011,
  author = {J. B. Endelman},
  title = {{Ridge Regression and Other Kernels for Genomic Selection with R Package rrBLUP}},
  journal = {Plant Genome},
  year = {2011},
  volume = {4},
  number = {3},
  pages = {250--255},
  url = {http://doi.org/10.3835/plantgenome2011.08.0024},
}

@Article{FarrarGlauber1967,
  author = {D. E. Farrar and R. R. Glauber},
  title = {{Multicollinearity in Regression Analysis: The Problem Revisted}},
  journal = {The Review of Economics and Statistics},
  year = {1967},
  volume = {49},
  number = {1},
  pages = {92--107},
  url = {http://doi.org/10.2307/1937887},
}

@Book{FoxWeisberg2011,
  title = {{An R Companion to Applied Regression}},
  publisher = {Sage},
  year = {2011},
  author = {J. Fox and S. Weisberg},
  address = {Thousand Oaks, CA},
  edition = {2nd},
  url = {https://socialsciences.mcmaster.ca/jfox/Books/Companion},
}

@Article{FriedmanHastieTibshirani2008,
  author = {J. Friedman and T. Hastie and R. Tibshirani},
  title = {{Regulaziation Paths for Generalized Linear Models via Coordinate Decent}},
  journal = {Journal of Statistical Software},
  year = {2010},
  volume = {33},
  number = {1},
  pages = {1--22},
  url = {http://doi.org/10.18637/jss.v033.i01},
}

@Misc{Friendly2017,
  author = {Michael Friendly},
  title = {{genridge: Generalized Ridge Trace Plots for Ridge Regression}},
  year = {2017},
  note = {R package version 0.6-6},
  url = {https://cran.r-project.org/web/packages/genridge},
}

@Misc{GoemanMeijerChaturvedi2017,
  author = {J. J. Goeman and R. J. Meijer and N. Chaturvedi},
  title = {{Penalized: L1 (Lasso and Fused Lasso) and L2 (Ridge) Penalized Estimation in GLMs and in the Cox Model}},
  year = {2017},
  note = {R package version 0.9-50},
  url = {https://cran.r-project.org/web/packages/penalized},
}

@Article{GolubWahbaHeath1979,
  author = {G. H. Golub and Michael Heath and Grace Wahba},
  title = {{Generalized Cross Validation as a Method for Choosing a Good Ridge Parameter}},
  journal = {Technometrics},
  year = {1979},
  volume = {21},
  number = {2},
  pages = {215--223},
  url = {http://doi.org/10.2307/1268518},
}

@Book{Greene2002,
  title = {{Econometric Analysis}},
  publisher = {Prentic Hall},
  year = {2002},
  author = {W. H. Greene},
  address = {New Jersey},
  edition = {5th},
}

@Article{GuilkeyMurphy1975,
  author = {David K. Guilkey and James L. Murphy},
  title = {{Direct Ridge Regression Techniques in Cases of Multicollinearity}},
  journal = {Journal of American Statistical Association},
  year = {1975},
  volume = {70},
  number = {352},
  pages = {769--775},
  url = {http://doi.org/10.1080/01621459.1975.10480301},
}

@Article{GunstMason1977,
  author = {R. F. Gunst and R. L. Mason},
  title = {{Advantages of Examining Multicollinearities in Regression Analysis}},
  journal = {Biometrics},
  year = {1977},
  volume = {33},
  number = {1},
  pages = {249--260},
}

@Book{Hadley2015,
  title = {{R Packages: Organize, Test, Document, and Share Your Code}},
  publisher = {O'Reilly Media},
  year = {2015},
  author = {Wickham Hadley},
}

@Article{HalawaElBassiouni2000,
  author = {A. M. Halawa and M. Y. El-Bassiouni},
  title = {{Tests of Regression Coefficients Under Ridge Regression Models}},
  journal = {Journal of Statistical-Computation and Simulation},
  year = {2000},
  volume = {65},
  number = {1--4},
  pages = {341--356},
  url = {https://doi.org/10.1080/00949650008812006},
}

@Book{Hald1952,
  title = {{Statistical Theory with Engineering Applications}},
  publisher = {John Wiley \& Sons},
  year = {1952},
  author = {A. Hald},
}

@Book{HastieTibshirani1990,
  title = {{Generalized Additive Models}},
  publisher = {Chapman {\&} Hall},
  year = {1990},
  author = {T. Hastie and R. Tibshirani},
}

@Article{Hemmerle1975,
  author = {William J. Hemmerle},
  title = {{An Explicit Solution for Generalized Ridge Regression}},
  journal = {Technometrics},
  year = {1975},
  volume = {17},
  number = {3},
  pages = {309--314},
  url = {http://doi.org/10.2307/1268066},
}

@Article{HemmerleBrantle1978,
  author = {W. J. Hemmerle and T. F. Brantle},
  title = {{Explicit and Constrained Generalized Ridge Estimation}},
  journal = {Technometrics},
  year = {1978},
  volume = {20},
  number = {2},
  pages = {109--120},
  url = {http://doi.org/10.2307/1268701},
}

@Article{HockingSpeedLynn1976,
  author = {R. R. Hocking and F. M. Speed and M. J. Lynn},
  title = {{A Class of Biased Estimators in Linear Regression}},
  journal = {Technometrics},
  year = {1976},
  volume = {18},
  number = {4},
  pages = {425--437},
  url = {http://doi.org/10.2307/1268658},
}

@Article{Hoerl1959,
  author = {Arthur E Hoerl},
  title = {{Optimum Solution of Many Variables Equations}},
  journal = {Chemical Engineering Progress},
  year = {1959},
  volume = {55},
  pages = {67--78},
}

@Article{Hoerl1962,
  author = {Arthur E Hoerl},
  title = {{Application of Ridge Analysis to Regression Problems}},
  journal = {Chemical Engineering Progress},
  year = {1962},
  volume = {58},
  pages = {54--59},
  url = {http://doi.org/10.1002/sim.4780030311},
}

@Article{Hoerl1964,
  author = {Arthur E Hoerl},
  title = {{Ridge Analysis}},
  journal = {Chemical Engineering Progress Symposium Series},
  year = {1964},
  volume = {60},
  pages = {67--77},
}

@Article{HoerlKennard1970,
  author = {Arthur E Hoerl and R. W. Kennard},
  title = {{Ridge Regression: Biased Estimation of Nonorthogonal Problems}},
  journal = {Technometrics},
  year = {1970},
  volume = {12},
  number = {1},
  pages = {55--67},
  url = {http://doi.org/10.2307/1267351},
}

@Article{HoerlKennard1970a,
  author = {Arthur E Hoerl and R. W. Kennard},
  title = {{Ridge Regression: Application to Nonorthogonal Problems}},
  journal = {Technometrics},
  year = {1970},
  volume = {12},
  number = {1},
  pages = {69--82},
  url = {http://doi.org/10.2307/1267352},
}

@Article{HoerlKennardBaldwin1975,
  author = {Arthur E Hoerl and R. W. Kennard and K. F. Baldwin},
  title = {{Ridge Regression: Some Simulations}},
  journal = {Communications in Statistics},
  year = {1975},
  volume = {4},
  number = {2},
  pages = {105--123},
  url = {https://doi.org/10.1080/03610927508827232},
}

@Misc{ImdadAslam2018,
  author = {M. U. Imdad and M. Aslam},
  title = {{mctest: An R Package for Detection of Collinearity Among Regressors}},
  year = {2018},
  note = {R package version 1.2},
  url = {https://cran.r-project.org/web/packages/mctest/},
}

@Misc{ImdadAslam2018a,
  author = {M. U. Imdad and M. Aslam},
  title = {{lmridge: Linear Ridge Regression with Ridge Penalty and Ridge Statistics}},
  year = {2018},
  note = {R package version 1.2},
  url = {https://cran.r-project.org/package=lmridge},
}

@Article{ImdadullahAslamAltafjournal2016,
  author = {M. Imdadullah and Muhammad Aslam and Saima Altaf},
  title = {{mctest: An R Package for Detection of Collinearity Among Regressors}},
  journal = {The R Journal},
  year = {2016},
  volume = {8},
  number = {2},
  pages = {495--505},
  url = {https://journal.r-project.org/archive/accepted/imdadullah-aslam-altaf.pdf},
}

@Article{KasardaShih1977,
  author = {J. D. Kasarda and W. F. Shih},
  title = {{Optimal Bias in Ridge Regression Approaches to Multicollinearity}},
  journal = {Sociologial Methods and Research},
  year = {1977},
  volume = {5},
  number = {4},
  pages = {461--470},
  url = {https://doi.org/10.1177/004912417700500405},
}

@Book{Kendall1957,
  title = {{A Course in Multivariate Analysis}},
  publisher = {Griffin},
  year = {1957},
  author = {M. G. Kendall},
  address = {London},
  note = {pp. 70--75},
}

@Article{Kennard1971,
  author = {R. W. Kennard},
  title = {{A Note on the Cp-Statistics}},
  journal = {Technometrics},
  year = {1971},
  volume = {13},
  number = {4},
  pages = {899--900},
  url = {https://doi.org/10.1080/00401706.1971.10488863},
}

@Article{Khalaf2013,
  author = {G. Khalaf},
  title = {{A Comparison Between Biased and Unbiased Estimators}},
  journal = {Journal of Modern Applied Statistical Methods},
  year = {2013},
  volume = {12},
  number = {2},
  pages = {293--303},
  url = {http://10.22237/jmasm/1383279360},
}

@Article{KhalafShukur2005,
  author = {G. Khalaf and G. Shukur},
  title = {{Choosing Ridge Parameter for Regression Problems}},
  journal = {Communications in Statistics-Theory and Methods},
  year = {2005},
  volume = {34},
  number = {5},
  pages = {1177--1182},
  url = {https://doi.org/10.1081/STA-200056836},
}

@Article{Kibria2003,
  author = {B. M. G. Kibria},
  title = {{Performance of Some New Ridge Regression Estimators}},
  journal = {Communications in Statistics-Simulation and Computation},
  year = {2003},
  volume = {32},
  number = {2},
  pages = {419--435},
  url = {https://doi.org/10.1081/SAC-120017499},
}

@Misc{KilincAlpu2013,
  author = {Betül Kan-Kilinc and Ozlem Alpu},
  title = {{ltsbase: Ridge and Liu Estimates Based on LTS (Least Trimmed Squares) Method}},
  year = {2013},
  note = {R package version 1.0.1},
  url = {https://CRAN.R-project.org/package=ltsbase},
}

@Book{Klein1962,
  title = {{An Introduction to Econometrics}},
  publisher = {Prentic Hall, Englewood},
  year = {1962},
  author = {L. R. Klein},
  address = {Cliffs, N. J.},
  note = {pp. 101},
}

@Book{Kmenta1980,
  title = {{Elements of Econometrics}},
  publisher = {Macmillan Publishing Company},
  year = {1980},
  author = {Jan Kmenta},
  address = {New York},
  edition = {2nd},
  note = {pp. 431},
}

@Book{Koutsoyiannis1977,
  title = {{Theory of Econometrics}},
  publisher = {Macmillan Education Limited},
  year = {1977},
  author = {A. Koutsoyiannis},
}

@Article{KovacsPetresToth.2005,
  author = {P. Kovács and T. Petres and {Tóth.}},
  title = {{A New Measure of Multicollinearity in Linear Regression Models}},
  journal = {International Statistical Review / Revue Internationale de Statistique},
  year = {2005},
  volume = {73},
  number = {3},
  pages = {405--412},
  url = {http://doi.org/10.1111/j.1751-5823.2005.tb00156.x},
}

@Article{LawlessWang1976,
  author = {J. F. Lawless and P. Wang},
  title = {{A Simulation Study of Ridge and Other Regression Estimators}},
  journal = {Communications in Statistics-Theory and Methods},
  year = {1976},
  volume = {5},
  number = {4},
  pages = {307--323},
  url = {https://doi.org/10.1080/03610927608827353},
}

@MastersThesis{Lee1979,
  author = {Wan Fung Lee},
  title = {{Model Estimation Using Ridge Regression with the Variance Normalization Criterion}},
  school = {Department of Educational Foundation},
  year = {1979},
  type = {Master Thesis},
  address = {Memorial University of Newfoundland},
}

@Book{Leisch2008,
  title = {{Creating R Packages: A Tutorial}},
  publisher = {Compstat 2008-Proceedings in Computational Statistics},
  year = {2008},
  author = {Friedrich Leisch},
  address = {Physica Verlage, Heidelberg, Germay, 2008},
  url = {ftp://cran.r-project.org/pub/R/doc/contrib/Leisch-CreatingPackages.pdf},
}

@Book{lmridge,
  title = {{Modern Applied Statistics with S}},
  publisher = {Springer-Verlag},
  year = {2002},
  author = {W. N. Venables and B. D. Ripley},
  address = {New York},
  edition = {4th},
  note = {ISBN 0-387-95457-0},
  url = {http://www.stats.ox.ac.uk/pub/MASS4},
}

@Book{Maddala1988,
  title = {{Introduction to Econometrics}},
  publisher = {Macmillan Publishing Company},
  year = {1988},
  author = {G. S. Maddala},
  address = {New York},
}

@Article{Mallows1973,
  author = {C. L. Mallows},
  title = {{Some Comments on Cp}},
  journal = {Technometrics},
  year = {1973},
  volume = {15},
  number = {4},
  pages = {661--675},
  url = {http://doi.org/10.2307/1267380},
}

@Article{MardikyanCetin2008,
  author = {S. Mardikyan and E. Cetin},
  title = {{Efficient Choice of Bias Constant for Ridge Regression}},
  journal = {International Journal of Contemporary Mathematical Sciences},
  year = {2008},
  volume = {3},
  pages = {527--547},
}

@Article{Marquardt1970,
  author = {D. W. Marquardt},
  title = {{Generalized Inverses, Ridge Regression, Biased Linear Estimation, and Nonlinear Estimation}},
  journal = {Technometrics},
  year = {1970},
  volume = {12},
  number = {3},
  pages = {591--612},
  url = {http://doi.org/10.2307/1267205},
}

@Article{McCallum1970,
  author = {B. T. McCallum},
  title = {{Artificial Orthogonalization in Regression Analysis}},
  journal = {Review of Economics and Statistics},
  year = {1970},
  volume = {52},
  number = {1},
  pages = {110--113},
  url = {http://doi.org/10.2307/1927606},
}

@Article{McDonaldGalarneau1975,
  author = {G. C. McDonald and D. I. Galarneau},
  title = {{A Monte Carlo Evaluation of Some Ridge-Type Estimators}},
  journal = {Journal of the American Statistical Association},
  year = {1975},
  volume = {70},
  number = {350},
  pages = {407--416},
  url = {http://doi.org/10.2307/2285832},
}

@Book{MontgomeryPeck1982,
  title = {{Introduction to Linear Regression Analysis}},
  publisher = {John Wiley \& Sons},
  year = {1982},
  author = {Douglas C. Montgomery and Elizabeth A. Peck},
  address = {New York},
}

@Misc{MoritzCule2017,
  author = {Steffen Moritz and Erika Cule},
  title = {{ridge: Ridge Regression with Automatic Selection of the Penalty Parameter}},
  year = {2017},
  note = {R package version 2.2},
  url = {https://cran.r-project.org/web/packages/ridge},
}

@Article{MunizKibria2009,
  author = {G. Muniz and B. M. G. Kibria},
  title = {{On Some Ridge Regression Estimators: An Empirical Comparisons}},
  journal = {Communications in Statistics-Simulation and Computation},
  year = {2009},
  volume = {38},
  number = {3},
  pages = {621--630},
  url = {https://doi.org/10.1080/03610910802592838},
}

@Article{MunizKibriaMansonEtAl2012,
  author = {G Muniz and B. M. G Kibria and K Mansson and G Shukur},
  title = {{On Developing Ridge Regression Parameters: A Graphical Investigation}},
  journal = {Statistics and Operations Research Transactions},
  year = {2012},
  volume = {36},
  number = {2},
  pages = {115--138},
}

@Book{Myers1986,
  title = {{Classical and Modern Regression with Application}},
  publisher = {PWS-KENT Publishing Company},
  year = {1986},
  author = {R. H. Myers},
  edition = {2},
}

@Misc{Newhouse1971,
  author = {Joseph P. Newhouse and Samuel D. Oman},
  title = {{An Evaluation of Ridge Estimators}},
  howpublished = {{{Rand Report, R-716-PR}}},
  year = {1971},
  pages = {1-28},
  publisher = {Rand},
}

@Article{Nordberg1982,
  author = {L. Nordberg},
  title = {{A Procedure for Determination of a Good Ridge Parameter in Linear Regression}},
  journal = {Communications in Statistics-Simulation and Computation},
  year = {1982},
  volume = {11},
  number = {3},
  pages = {285--309},
  url = {https://doi.org/10.1080/03610918208812264},
}

@Article{Obenchain1977,
  author = {R. L. Obenchain},
  title = {{Classical F-Tests and Confidence Regions for Ridge Regression}},
  journal = {Technometrics},
  year = {1977},
  volume = {19},
  number = {4},
  pages = {429--439},
  url = {http://doi.org/10.2307/1267882},
}

@Misc{Obenchain2014,
  author = {Bob Obenchain},
  title = {{RXshrink: Maximum Likelihood Shrinkage via Generalized Ridge or Least Angle Regression}},
  year = {2014},
  note = {R package version 1.0-8},
  url = {https://cran.r-project.org/web/packages/RXshrink},
}

@Misc{Perperoglou2013,
  author = {Aris Perperoglou},
  title = {{CoxRidge: Cox Models with Dynamic Ridge Penalties}},
  year = {2015},
  note = {R package version 0.9.2},
  journal = {Statistics in Medicine},
  number = {1},
  pages = {170--180},
  url = {https://cran.r-project.org/web/packages/CoxRidge},
  volume = {33},
}

@Misc{Price2014,
  author = {Bradley S. Price},
  title = {{RidgeFusion: R Package for Ridge Fusion in Statistical Learning}},
  year = {2014},
  note = {R package version 1.0-3},
  url = {https://cran.r-project.org/web/packages/RidgeFusion},
}

@Book{Rawlings1998,
  title = {{Applied Regression Analysis: A Research Tool}},
  publisher = {Springer-Verlag},
  year = {1998},
  author = {J. O. Rawlings and S. G. Pantula and D. A. Dickey},
  address = {New York},
  edition = {2nd},
}

@Article{SalehKibria1993,
  author = {A. K. Md. Ehsanes Saleh and B. M. Golam Kibria},
  title = {{Peformance of Some New Preliminary Test Ridge Regression Estimators and Their Properties}},
  journal = {Communications in Statistics-Theory and Methods},
  year = {1993},
  volume = {22},
  number = {10},
  pages = {2747--2764},
  url = {https://doi.org/10.1080/03610929308831183},
}

@Misc{SASInstitute2011,
  author = {SAS Institute Inc.},
  title = {{The SAS System for Windows: Release 9.2}},
  year = {2011},
  note = {SAS Inst., Cary, NC},
}

@Article{Schwarz1978,
  author = {Gideon E. Schwarz},
  title = {{Estimating the Dimension of a Model}},
  journal = {The Annals of Statistics},
  year = {1978},
  volume = {6},
  number = {2},
  pages = {461--464},
  url = {https://doi.org/10.1214/aos/1176344136},
}

@Book{SeberLee2003,
  title = {{Linear Regression Analysis}},
  publisher = {John Wiley \& Sons},
  year = {2003},
  author = {G. A. F. Seber and A. J. Lee},
  address = {New Jersey},
  edition = {2},
}

@Misc{Seifert2013,
  author = {Burkhardt Seifert},
  title = {{lpridge: Local Polynomial (Ridge) Regression}},
  year = {2013},
  note = {R package version 1.0-7},
  url = {https://cran.r-project/web/packages/lpridge},
}

@Manual{Shazam2011,
  title = {{Reference Manual Version 11}},
  author = {{Shazam}},
  year = {2011},
  note = {ISBN: 978-0-9570475-0-1},
  publisher = {{Shazam Analytics}},
}

@Article{ShenAlamFikseEtAl2013,
  author = {Xia Shen and M. Alam and F. Fikse and L. R\"{o}nneg{\aa}rd},
  title = {{A Novel Generalized Ridge Regression Method for Quantitative Genetics}},
  journal = {Genetics},
  year = {2013},
  volume = {193},
  number = {4},
  pages = {1255--1268},
  url = {http://doi.org/10.1534/genetics.112.146720},
}

@Article{SinghTracy1999,
  author = {Sarjinder Singh and Derrick Shannon Tracy},
  title = {{Ridge-Regression Using Scrambled Responses}},
  journal = {Metrika},
  year = {1999},
  volume = {LVII},
  number = {1-2},
  pages = {147--157},
}

@Misc{Software2016,
  author = {{NCSS 11 Statistical Software}},
  title = {{Ridge Regression}},
  year = {2016},
  note = {NCSS, LLC. Kaysville, Utah, USA},
  url = {http://ncss.wpengine.netdna-cdn.com/wp-content/themes/ncss/pdf/Procedures/NCSS/Ridge_Regression.pdf},
}

@Misc{SPLUS2008,
  author = {{S-PLUS}},
  title = {{Insightful Corporation, Seattle, Wt.}},
  year = {2008},
  url = {http://www.insightful.com},
}

@Misc{StataCorp2014,
  author = {{StataCorp}},
  title = {{Stata Statistical Software: Release 8}},
  year = {2014},
  note = {College Station, TX: StataCorp LP.},
  url = {http://www.stata.com},
}

@Book{Team2015,
  title = {{Writing R Extensions}},
  publisher = {{R Foundation for Statistical Computing}},
  year = {2015},
  author = {{R Core Team}},
  note = {Version R 3.2.3},
}

@Article{Theil1957,
  author = {H. Theil},
  title = {{Specification Errors and the Estimation of Economic Relationships}},
  journal = {International Statistical Institute (ISI)},
  year = {1957},
  volume = {25},
  number = {1/3},
  pages = {41--51},
  url = {http://doi.org/10.2307/1401673},
}

@Book{Theil1971,
  title = {{Principles of Econometrics}},
  publisher = {John Wiley \& Sons},
  year = {1971},
  author = {H. Theil},
  address = {New York},
}

@TechReport{Thisted1976,
  author = {Ronald A. Thisted},
  title = {{Ridge Regression, Minimax Estimation, and Empirical Bayes Methods}},
  institution = {Stanford, Calif.: Division of Biostatistics, Stanford University},
  year = {1976},
  number = {28},
}

@PhdThesis{Tripp1983,
  author = {R. E. Tripp},
  title = {{Non-Stochastic Ridge Regression and Effective Rank of the Regressors Matrix}},
  school = {Department of Statistic},
  year = {1983},
  type = {Ph.D. Thesis},
  address = {Virginia Polytechnic Institute and State University.},
}

@Article{Vinod1976,
  author = {Hrishikesh D. Vinod},
  title = {{Application of New Ridge Regression Methods to a Study of Bell System Scale Economics}},
  journal = {Journal of the American Statistical Association},
  year = {1976},
  volume = {71},
  number = {356},
  pages = {835--841},
  url = {http://doi.org/10.2307/2286847},
}

@Article{Wencheko2000,
  author = {Eshetu Wencheko},
  title = {{Estimation of the Signal-to-Noise in the Linear Regression Model}},
  journal = {Statistical Papers},
  year = {2000},
  volume = {41},
  pages = {327--343},
  url = {https://doi.org/10.1007/BF02925926},
}

@Article{WichernChurchill1978,
  author = {Dean W. Wichern and Gilbert A. Churchill},
  title = {{A Comparison of Ridge Estimators}},
  journal = {Technometrics},
  year = {1978},
  volume = {20},
  number = {3},
  pages = {301--311},
  url = {http://doi.org/10.2307/1268139},
}

@Article{Arumairajan2015,
  author = {Sivarajah Arumairajan and Pushpakanthie Wijekoon},
  title = {Optimal Generalized Biased Estimator in Linear Regression Model},
  journal = {Open Journal of Statistics},
  year = {2015},
  volume = {5},
  pages = {403--411},
  url = {https://doi.org/10.4236/ojs.2015.55042},
}

@Article{Kan-Kilinc2015,
  author = {Betül Kan-Kilinc and Ozlem Alpu},
  title = {{Combining Some Biased Estimation Methods with Least Trimmed Squares Regression and Its Application}},
  journal = {Revista Colombiana de Estadística},
  year = {2015},
  volume = {38},
  number = {2},
  pages = {485--502},
  url = {http://dx.doi.org/10.15446/rce.v38n2.51675},
}
