% bmc_article.bib
%
%  An example of bibtex entries.
%  Entries taken from BMC instructions for authors page.
@Manual{devtools-2017-36,
    title = {devtools: Tools to Make Developing R Packages Easier},
    author = {Hadley Wickham and Winston Chang},
    year = {2016},
    note = {R package version 1.12.0},
    url = {https://CRAN.R-project.org/package=devtools},
  }
@article {Melzak2015,
author = {Melzak, Kathryn A. and Toca-Herrera, José L.},
title = {Atomic force microscopy and cells: Indentation profiles around the AFM tip, cell shape changes, and other examples of experimental factors affecting modeling},
journal = {Microscopy Research and Technique},
volume = {78},
number = {7},
OPTOPTissn = {1097-0029},
pages = {626--632},
keywords = {biomechanics, elasticity, Hertz, JKR, force mapping, spinning disc confocal},
year = {2015},
url = {https://doi.org/10.1002/jemt.22522}
}


@article{benitez2017,
  title={Searching events in AFM force-extension curves: A wavelet approach},
  author={Ben{\'\i}tez, R and Bol{\'o}s, VJ},
  journal={Microscopy research and technique},
  volume={80},
  number={1},
  pages={153--159},
  year={2017},
  url = {https://doi.org/10.1002/jemt.22720}
}
@article{garcia2016,
  title={Automated detection of protein unfolding events in atomic force microscopy force curves},
  author={Garc{\'\i}a-Mass{\'o}, Xavier and Huber, Matthias C and Friedmann, Jacqueline and Gonzalez, Luis M and Schiller, Stefan M and Toca-Herrera, Jos{\'e} L},
  journal={Microscopy Research and Technique},
  volume={79},
  number={11},
  pages={1105--1111},
  year={2016},
  publisher={Wiley Online Library},
  url = {https://doi.org/10.1002/jemt.22764}
}
@article{Rudoy2010,
author = {Rudoy, Daniel and Yuen, Shelten G. and Howe, Robert D. and Wolfe, Patrick J.},
OPTOPTissn = {00359254},
journal = {Journal of the Royal Statistical Society. Series C: Applied Statistics},
number = {4},
pages = {573--593},
title = {{Bayesian change-point analysis for atomic force microscopy and soft material indentation}},
volume = {59},
year = {2010},
url = {https://doi.org/10.1111/j.1467-9876.2010.00715.x}
}
@article{Gavara2016,
	title = {Combined strategies for optimal detection of the contact point in {AFM} force-indentation curves obtained on thin samples and adherent cells},
	volume = {6},
	journal = {Scientific Reports},
	author = {Gavara, Núria},
	month = feb,
	year = {2016},
	pages = {21267},
  url = {https://doi.org/10.1038/srep21267}
}
@book{Riande99,
   title =     {Polymer viscoelasticity : stress and strain in practice},
   author =    {Riande, Evaristo and Díaz-Calleja, Ricardo and Prolongo, Margarita G. and Masesgosa, Rosa M. and Salom, Catalina},
   publisher = {CRC Press},
   OPTisbn =      {9780585391922},
   year =      {1999},
   address = {New York},
   }
 @article{Lin2007b,
   author = {Lin, David C and Dimitriadis, Emilios K and Horkay, Ferenc},
   OPTOPTissn = {0148-0731},
   journal = {Journal of biomechanical engineering},
   month = {dec},
   number = {6},
   pages = {904--12},
   pmid = {18067395},
   title = {{Robust strategies for automated AFM force curve analysis-II: adhesion-influenced indentation of soft, elastic materials.}},
   volume = {129},
   year = {2007},
   url = {https://doi.org/10.1115/1.2800826}
   }
@article{Ducker1991,
author = {Ducker, William A. and Senden, Tim J. and Pashley, Richard M.},
OPTOPTissn = {00280836},
journal = {Nature},
number = {6341},
pages = {239--241},
title = {{Direct measurement of colloidal forces using an atomic force microscope}},
volume = {353},
year = {1991},
url = {https://doi.org/10.1038/353239a0}
}

@article {eletalopez2010,
author = {Lopez, Aitziber Eleta and Moreno-Flores, Susana and Pum, Dietmar and Sleytr, Uwe B. and Toca-Herrera, José L.},
title = {Surface Dependence of Protein Nanocrystal Formation},
journal = {Small},
volume = {6},
number = {3},
publisher = {WILEY-VCH Verlag},
OPTOPTissn = {1613-6829},
pages = {396--403},
keywords = {adsorption kinetics, nanocrystal formation, protein self-assembly, S-layers},
year = {2010},
url = {https://doi.org/10.1002/smll.200901169}
}






@article{Borkovec2012,
author = {Borkovec, Michal and Szilagyi, Istvan and Popa, Ionel and Finessi, Marco and Sinha, Prashant and Maroni, Plinio and Papastavrou, Georg},
OPTOPTissn = {1873-3727},
journal = {Advances in colloid and interface science},
keywords = {Atomic force microscopy,Dendrimers,Direct force measurements,Latex particles,Polyelectrolytes,Surface forces,Water-solid interface},
month = {nov},
pages = {85--98},
pmid = {22795487},
title = {{Investigating forces between charged particles in the presence of oppositely charged polyelectrolytes with the multi-particle colloidal probe technique.}},
volume = {179-182},
year = {2012},
url = {https://doi.org/10.1016/j.cis.2012.06.005}
}
@article{Butt2005,
author = {Butt, Hans-J{\"{u}}rgen and Cappella, Brunero and Kappl, Michael},
OPTOPTissn = {01675729},
journal = {Surface Science Reports},
keywords = {Atomic force microscope,Force curves,Surface forces},
month = {oct},
number = {1-6},
pages = {1--152},
title = {{Force measurements with the atomic force microscope: Technique, interpretation and applications}},
volume = {59},
year = {2005},
url = {https://doi.org/10.1016/j.surfrep.2005.08.003}
}
@article{Crick2007,
author = {Crick, S L and Yin, F C-P},
OPTOPTissn = {1617-7959},
journal = {Biomechanics and modeling in mechanobiology},
keywords = {Algorithms,Animals,Biomechanical Phenomena,Biomechanical Phenomena: methods,Elasticity,Humans,Micromanipulation,Micromanipulation: methods,Microscopy, Atomic Force,Microscopy, Atomic Force: instrumentation,Microscopy, Atomic Force: methods,Models, Statistical,Models, Theoretical},
month = {apr},
number = {3},
pages = {199--210},
pmid = {16775736},
title = {{Assessing micromechanical properties of cells with atomic force microscopy: importance of the contact point.}},
volume = {6},
year = {2007},
url = {https://doi.org/10.1007/s10237-006-0046-x}
}

@article{Garcia-Manyes2010,
author = {Garcia-Manyes, Sergi and Sanz, Fausto},
OPTissn = {0006-3002},
journal = {Biochimica et biophysica acta},
keywords = {Lipid Bilayers,Lipid Bilayers: chemistry,Membrane Proteins,Membrane Proteins: chemistry,Microscopy, Atomic Force,Microscopy, Atomic Force: methods,Molecular Dynamics Simulation,Nanotechnology,Phospholipids,Phospholipids: chemistry,Spectrum Analysis,Spectrum Analysis: methods,Temperature},
month = {apr},
number = {4},
pages = {741--9},
pmid = {20044974},
title = {{Nanomechanics of lipid bilayers by force spectroscopy with AFM: a perspective.}},
volume = {1798},
year = {2010},
url = {https://doi.org/10.1016/j.bbamem.2009.12.019}
}
@article{Hansma1996,
author = {Hansma, H. G. and Revenko, I. and Kim, K. and Laney, D. E.},
OPTissn = {0305-1048},
journal = {Nucleic Acids Research},
month = {feb},
number = {4},
pages = {713--720},
title = {{Atomic Force Microscopy of Long and Short Double-Stranded, Single-Stranded and Triple-Stranded Nucleic Acids}},
volume = {24},
year = {1996},
url = {https://doi.org/10.1093/nar/24.4.713}
}
@article{Hinterdorfer1996,
author = {Hinterdorfer, P. and Baumgartner, W. and Gruber, H. J. and Schilcher, K. and Schindler, H.},
OPTissn = {0027-8424},
journal = {Proceedings of the National Academy of Sciences},
keywords = {crosslinker,human serum albumin,imaging,ligand-receptor interaction},
month = {apr},
number = {8},
pages = {3477--3481},
title = {{Detection and localization of individual antibody-antigen recognition events by atomic force microscopy.}},
volume = {93},
year = {1996},
url = {https://10.1073/pnas.93.8.3477}
}
@article{Kainz2014,
author = {Kainz, Birgit and Oprzeska-Zingrebe, Ewa A and Toca-Herrera, Jos{\'{e}} L},
OPTissn = {1860-7314},
journal = {Biotechnology journal},
keywords = {Biocompatible Materials,Biocompatible Materials: chemistry,Microscopy, Atomic Force,Microscopy, Atomic Force: instrumentation,Microscopy, Atomic Force: methods,Microscopy, Confocal,Microscopy, Fluorescence,Spectrophotometry, Infrared,Spectrum Analysis, Raman},
month = {jan},
number = {1},
pages = {51--60},
pmid = {24265117},
title = {{Biomaterial and cellular properties as examined through atomic force microscopy, fluorescence optical microscopies and spectroscopic techniques.}},
volume = {9},
year = {2014},
url = {https://doi.org/10.1002/biot.201300087}
}
@article{Kasas2008,
author = {Kasas, S and Dietler, G},
OPTissn = {0031-6768},
journal = {Pfl{\"{u}}gers Archiv : European journal of physiology},
keywords = {Animals,Biomechanical Phenomena,Cells,Cells: cytology,Cells: ultrastructure,Humans,Microscopy, Atomic Force,Models, Biological,Molecular Biology,Nanotechnology},
month = {apr},
number = {1},
pages = {13--27},
pmid = {18213477},
title = {{Probing nanomechanical properties from biomolecules to living cells.}},
volume = {456},
year = {2008},
url = {https://doi.org/10.1007/s00424-008-0448-y}
}
@article{Kasas2000,
author = {Kasas, Sandor and Riederer, Beat M. and Catsicas, Stefan and Cappella, Brunero and Dietler, Giovanni},
OPTissn = {00346748},
journal = {Review of Scientific Instruments},
number = {5},
pages = {2082--2086},
title = {{Fuzzy logic algorithm to extract specific interaction forces from atomic force microscopy data}},
volume = {71},
year = {2000},
url = {https://doi.org/10.1063/1.1150583}
}
@article{Kuznetsov2010,
author = {Kuznetsov, Yuri G and Dowell, Jeffrey J and Gavira, Jos{\'{e}} A and Ng, Joseph D and McPherson, Alexander},
OPTissn = {1362-4962},
journal = {Nucleic acids research},
month = {dec},
number = {22},
pages = {8284--94},
pmid = {20693537},
title = {{Biophysical and atomic force microscopy characterization of the RNA from satellite tobacco mosaic virus.}},
volume = {38},
year = {2010},
url = {https://doi.org/10.1093/nar/gkq662}
}
@article{Lin2007,
author = {Lin, David C and Dimitriadis, Emilios K and Horkay, Ferenc},
OPTissn = {0148-0731},
journal = {Journal of biomechanical engineering},
month = {jun},
number = {3},
pages = {430--40},
pmid = {17536911},
title = {{Robust strategies for automated AFM force curve analysis--I. Non-adhesive indentation of soft, inhomogeneous materials.}},
volume = {129},
year = {2007},
url = {https://doi.org/10.1115/1.2720924}
}
@article{Marszalek1999,
author = {Marszalek, P E and Lu, H and Li, H and Carrion-Vazquez, M and Oberhauser, A F and Schulten, K and Fernandez, J M},
OPTissn = {0028-0836},
journal = {Nature},
month = {nov},
number = {6757},
pages = {100--3},
pmid = {10573426},
title = {{Mechanical unfolding intermediates in titin modules.}},
volume = {402},
year = {1999},
url = {https://doi.org/10.1038/47083}
}
@book{Moreno-Flores2013,
address = {Boca Raton},
author = {Moreno-Flores, Susana and Toca-Herrera, Jose L.},
OPTOPTisbn = {1439871019},
pages = {356},
publisher = {CRC. Taylor and Francis},
title = {{Hybridizing Surface Probe Microscopies: Toward a Full Description of the Meso- and Nanoworlds}},
volume = {8},
year = {2013}
}
@article{Muller2008,
author = {M{\"{u}}ller, Daniel J and Dufr{\^{e}}ne, Yves F},
OPTissn = {1748-3395},
journal = {Nature nanotechnology},
month = {may},
number = {5},
pages = {261--9},
pmid = {18654521},
title = {{Atomic force microscopy as a multifunctional molecular toolbox in nanobiotechnology.}},
volume = {3},
year = {2008},
url = {https://doi.org/10.1038/nnano.2008.100}
}
@article{Ortega-Vinuesa1998,
author = {Ortega-Vinuesa, J. L. and Tengvall, P. and Lundstr{\"{o}}m, I.},
OPTissn = {00406090},
journal = {Thin Solid Films},
keywords = {Adsorption,Atomic force microscopy (AFM),Ellipsometry,Silicon oxide},
number = {1-2},
pages = {257--273},
title = {{Molecular packing of HSA, IgG, and fibrinogen adsorbed on silicon by AFM imaging}},
volume = {324},
year = {1998},
url = {https://doi.org/10.1016/S0040-6090(98)00363-0}
}
@article{Rief1997,
author = {Rief, M.},
OPTissn = {00368075},
journal = {Science},
month = {feb},
number = {5304},
pages = {1295--1297},
title = {{Single Molecule Force Spectroscopy on Polysaccharides by Atomic Force Microscopy}},
volume = {275},
year = {1997},
url = {https://doi.org/10.1126/science.275.5304.1295}
}

@ARTICLE{Alcaraz2003,
author={Alcaraz, J. and Buscemi, L. and Grabulosa, M. and Trepat, X. and Fabry, B. and Farré, R. and Navajas, D.},
title={Microrheology of human lung epithelial cells measured by atomic force microscopy},
journal={Biophysical Journal},
year={2003},
volume={84},
number={3},
pages={2071-2079},
document_type={Article},
url = {https://doi.org/10.1016/S0006-3495(03)75014-0}
}



@ARTICLE{Andreopoulos2011,
author={Andreopoulos, B. and Labudde, D.},
title={Efficient unfolding pattern recognition in single molecule force spectroscopy data},
journal={Algorithms for Molecular Biology},
year={2011},
volume={6},
number={1},
art_number={16},
document_type={Article},
url = {https://doi.org/10.1186/1748-7188-6-16}
}


@Manual{dplyr-2017-36,
    title = {dplyr: A Grammar of Data Manipulation},
    author = {Hadley Wickham and Romain Francois},
    year = {2015},
    note = {R package version 0.4.3},
    url = {https://CRAN.R-project.org/package=dplyr},
}
@Manual{scales,
    title = {scales: Scale Functions for Visualization},
    author = {Hadley Wickham},
    year = {2016},
    note = {R package version 0.4.0},
    url = {https://CRAN.R-project.org/package=scales},
  }
@Manual{gridExtra,
    title = {gridExtra: Miscellaneous Functions for "Grid" Graphics},
    author = {Baptiste Auguie},
    year = {2016},
    note = {R package version 2.2.1},
    url = {https://CRAN.R-project.org/package=gridExtra},
  }
@book{ggplot2-2017-36,
author = {Wickham, Hadley},
OPTisbn = {3319242776},
pages = {260},
publisher = {Springer},
address = {New York},
title = {{ggplot2: Elegant Graphics for Data Analysis}},
year = {2016}
}

@article{Moreno-Flores2010,
author = {Moreno-Flores, Susana and Benitez, Rafael and Vivanco, Maria Dm and Toca-Herrera, Jos{\'{e}} Luis},
journal = {Journal of biomechanics},
month = {jan},
number = {2},
pages = {349--54},
pmid = {19772964},
title = {{Stress relaxation microscopy: imaging local stress in cells.}},
volume = {43},
year = {2010},
url = {https://doi.org/10.1016/j.jbiomech.2009.07.037}
}
@article{Moreno-Flores2010a,
author = {Moreno-Flores, Susana and Benitez, Rafael and dM Vivanco, Mar{\'{i}}a and Toca-Herrera, Jos{\'{e}} Luis},
journal = {Nanotechnology},
month = {nov},
number = {44},
pages = {445101},
pmid = {20921592},
title = {{Stress relaxation and creep on living cells with the atomic force microscope: a means to calculate elastic moduli and viscosities of cell components.}},
volume = {21},
year = {2010},
url = {https://doi.org/10.1088/0957-4484/21/44/445101}
}
@Manual{minpack.lm,
    title = {minpack.lm: R Interface to the Levenberg-Marquardt Nonlinear Least-Squares
Algorithm Found in MINPACK, Plus Support for Bounds},
    author = {Timur V. Elzhov and Katharine M. Mullen and Andrej-Nikolai Spiess and Ben Bolker},
    year = {2015},
    note = {R package version 1.2-0},
    url = {https://CRAN.R-project.org/package=minpack.lm},
  }


@ARTICLE{Benitez2014,
author={Benitez, R. and Toca-Herrera, J.L.},
title={Looking at cell mechanics with atomic force microscopy: experiment and theory},
journal={Microscopy research and technique},
year={2014},
volume={77},
number={11},
pages={947-958},
document_type={Review},
url = {https://doi.org/10.1002/jemt.22419}
}


@ARTICLE{Best200387,
author={Best, R.B. and Brockwell, D.J. and Toca-Herrera, J.L. and Blake, A.W. and Smith, D.A. and Radford, S.E. and Clarke, J.},
title={Force mode atomic force microscopy as a tool for protein folding studies},
journal={Analytica Chimica Acta},
year={2003},
volume={479},
number={1},
pages={87-105},
document_type={Article},
url = {https://doi.org/10.1016/S0003-2670(02)01572-6}
}



@article{MRT2013,
  title={A new automatic contact point detection algorithm for AFM force curves},
  author={Benítez, Rafael and Moreno-flores, Susana and Bolós, Vicente J and Toca-Herrera, José Luis},
  journal={Microscopy research and technique},
  volume={76},
  number={8},
  pages={870--876},
  year={2013},
  url = {https://doi.org/10.1002/jemt.22241}
}
