@BOOK{Fox08,
  author = {J. Fox},
  year = 2008,
  title = {Applied Regression Analysis and Generalized Linear Models},
  edition={second},
  publisher = {Sage},
  address = {Thousand Oaks, {CA}}
}


@book{FoxWeisberg11,
    author={J. Fox and S. Weisberg},
    year=2011,
    title={An {R} Companion to Applied Regression},
    edition={second},
    publisher={Sage},
    address={Thousand Oaks, {CA}}
}

@Book{Rao73,
    author={C. R. Rao},
    title={Linear Statistical Inference and Its Applications},
    edition={second},
    year=1973,
    publisher={Wiley},
    address={New York}
}

@Book{HandTaylor87,
    author = {D. J. Hand and C. C. Taylor},
    title={Multivariate Analysis of Variance and Repeated Measures: A Practical Approach for Behavioural Scientists},
    year=1987,
    publisher={Chapman and Hall},
    address = {London}
}

@Article{OBrienKaiser85,
    author = {R. G. O'Brien and M. K. Kaiser},
    title = {{MANOVA} method for analyzing repeated measures designs: An extensive primer},
    journal = {Psychological Bulletin},
    volume = 97,
    pages = {316--333},
    year = 1985
}

@Article{Dalgaard07,
  author       = {Peter Dalgaard},
  title        = {New Functions for Multivariate Analysis},
  journal      = {R News},
  year         = 2007,
  volume       = 7,
  number       = 2,
  pages        = {2--7},
}

@Article{Anderson35,
    author = {Edgar Anderson},
    year   = 1935,
    title  = {The irises of the {G}asp\'{e} {P}eninsula},
    journal= {Bulletin of the American Iris Society},
    volume = 59,
    pages  = {2--5}
}

@Article{Fisher36,
    author = {R. A. Fisher},
    year   = 1936,
    title  = {The use of multiple measurements in taxonomic problems},
    journal= {Annals of Eugenics},
    volume = {7, Part II},
    pages  = {179--188}
}

@Article{FoxFriendlyMonette09,
    author = {J. Fox and M. Friendly  and G. Monette},
    title  = {Visualizing Hypothesis Tests in Multivariate Linear Models: The {heplots} Package for {R}},
    journal= {Computational Statistics},
    year   = 2009,
    volume = 24,
    pages  = {233--246}
}

@Article{GreenhouseGeisser59,
    author = {S. W. Greenhouse and S. Geisser},
    title = {On methods in the analysis of profile data},
    year = 1959,
    journal = {Psychometrika},
    volume = 24,
    pages = {95--112}
}

@Article{HuynhFeldt76,
    author = {H. Huynh and L. S. Feldt},
    title = {Estimation of the {Box} correction for degrees of freedom from sample data in randomized block and split-plot designs},
    year = 1976,
    journal = {Journal of Educational Statistics},
    volume = 1,
    pages = {69--82}
}

@Article{Mauchly40,
    author= {John W. Mauchly},
    year = 1940,
    title = {Significance Test for Sphericity of a Normal {n}-Variate Distribution},
    journal = {The Annals of Mathematical Statistics},
    volume = 11,
    pages = {204--209}
}

@Book{Winer71,
    author = {B. J. Winer},
    title = {Statistical Principles in Experimental Design},
    edition = {second},
    year = 1971,
    publisher = {McGraw-Hill},
    address = {New York}
}

@Book{Morrison05,
    author = {Donald F. Morrison},
    title = {Multivariate Statistical Methods},
    edition = {4th},
    year = 2005,
    publisher = {Duxbury},
    address = {Belmont {CA}}
}

@Article{Friendly07,
    author={Michael Friendly},
    title={{HE} plots for multivariate linear models},
    year=2007,
    journal={Journal of Computational and Graphical Statistics},
    volume=16,
    pages={421--444}
}

@Article{Friendly10,
    author={Michael Friendly},
    year=2010,
    title={{HE} Plots for Repeated Measures Designs},
    journal={Journal of Statistical Software},
    volume={37},
    number=4,
    pages={1--40}
}

@Manual{BatesMaechlerBolker12,
title = {\pkg{lme4}: Linear Mixed-Effects Models using S4 Classes},
author = {Douglas Bates and Martin Maechler and Ben Bolker},
year = {2012},
note = {R package version 0.999999-0},
url = {http://CRAN.R-project.org/package=lme4}
}

@Manual{PinheiroBatesDebRoySarkar12,
title = {\pkg{nlme}: Linear and Nonlinear Mixed Effects Models},
author = {Jose Pinheiro and Douglas Bates and Saikat DebRoy and Deepayan Sarkar and {R  Core Team}},
year = {2012},
note = {R package version 3.1-105},
url = {http://CRAN.R-project.org/package=nlme}
}

@Manual{Therneau12,
title = {A Package for Survival Analysis in S},
author = {Terry Therneau},
year = {2012},
note = {R package version 2.36-14},
url = {http://CRAN.R-project.org/package=survival}
}

@Book{VenablesRipley02,
title = {Modern Applied Statistics with S},
author = {W. N. Venables and B. D. Ripley},
publisher = {Springer},
edition = {Fourth},
address = {New York},
year = {2002},
note = {ISBN 0-387-95457-0},
}

@Article{Lumley04,
author = {Thomas Lumley},
title = {Analysis of complex survey samples},
journal = {Journal of Statistical Software},
year = 2004,
volume = 9,
number = 1,
pages = {1--19}
}


