@misc{azzalini_sn_2022,
	title = {sn: {The} {Skew}-{Normal} and {Related} {Distributions} {Such} as the {Skew}-t and the {SUN}},
	copyright = {GPL-2 {\textbar} GPL-3},
	shorttitle = {sn},
	url = {https://CRAN.R-project.org/package=sn},
	urldate = {2022-04-29},
	author = {Azzalini, Adelchi},
	month = mar,
	year = {2022},
	keywords = {Distributions},
}

@article{azzalini_look_1990,
	title = {A {Look} at {Some} {Data} on the {Old} {Faithful} {Geyser}},
	volume = {39},
	issn = {0035-9254},
	url = {https://www.jstor.org/stable/2347385},
	doi = {10.2307/2347385},
	number = {3},
	urldate = {2022-04-13},
	journal = {Journal of the Royal Statistical Society. Series C (Applied Statistics)},
	author = {Azzalini, A. and Bowman, A. W.},
	year = {1990},
	note = {Publisher: [Wiley, Royal Statistical Society]},
	pages = {357--365},
}

@article{cadre_kernel_2006,
	title = {Kernel estimation of density level sets},
	volume = {97},
	issn = {0047-259X},
	url = {https://www.sciencedirect.com/science/article/pii/S0047259X05000825},
	doi = {10.1016/j.jmva.2005.05.004},
	language = {en},
	number = {4},
	urldate = {2022-04-13},
	journal = {Journal of Multivariate Analysis},
	author = {Cadre, Benoıˆt},
	month = apr,
	year = {2006},
	keywords = {Density level sets, Hausdorff measure, Kernel estimate},
	pages = {999--1023},
}

@Manual{geomtextpath,
  title = {geomtextpath: Curved Text in 'ggplot2'},
  author = {Allan Cameron and Teun {van den Brand}},
  year = {2022},
  note = {R package version 0.1.0},
  url = {https://CRAN.R-project.org/package=geomtextpath},
}

@article{forina_multivariate_1986,
	title = {Multivariate data analysis as a discriminating method of the origin of wines},
	volume = {25},
	copyright = {Copyright (c) 2016 M. Forina, C. Armanino, M. Castino, M. Ubigli},
	issn = {2367-4156},
	url = {https://ojs.openagrar.de/index.php/VITIS/article/view/5950},
	doi = {10.5073/vitis.1986.25.189-201},
	language = {en},
	number = {3},
	urldate = {2022-04-29},
	journal = {VITIS - Journal of Grapevine Research},
	author = {Forina, M. and Armanino, C. and Castino, M. and Ubigli, M.},
	year = {1986},
	note = {Number: 3},
	keywords = {Italy},
	pages = {189--189},
}

@article{hartigan_estimation_1987,
	title = {Estimation of a {Convex} {Density} {Contour} in {Two} {Dimensions}},
	volume = {82},
	issn = {0162-1459},
	url = {https://www.tandfonline.com/doi/abs/10.1080/01621459.1987.10478428},
	doi = {10.1080/01621459.1987.10478428},
	number = {397},
	urldate = {2022-04-13},
	journal = {Journal of the American Statistical Association},
	author = {Hartigan, J. A.},
	month = mar,
	year = {1987},
	note = {Publisher: Taylor \& Francis
\_eprint: https://www.tandfonline.com/doi/pdf/10.1080/01621459.1987.10478428},
	pages = {267--270},
}

@misc{horst_palmerpenguins_2020,
	title = {palmerpenguins: {Palmer} {Archipelago} ({Antarctica}) {Penguin} {Data}},
	copyright = {CC0},
	shorttitle = {palmerpenguins},
	url = {https://CRAN.R-project.org/package=palmerpenguins},
	urldate = {2022-04-13},
	author = {Horst, Allison and Hill, Alison and Gorman, Kristen},
	month = jul,
	year = {2020},
}

@misc{hyndman_hdrcde_2021,
	title = {hdrcde: {Highest} {Density} {Regions} and {Conditional} {Density} {Estimation}},
	copyright = {GPL-3},
	shorttitle = {hdrcde},
	url = {https://CRAN.R-project.org/package=hdrcde},
	urldate = {2022-04-14},
	author = {Hyndman, Rob and Einbeck, Jochen and Wand, Matthew and Carrignon, Simon and Cheng, Fan},
	month = jan,
	year = {2021},
}

@article{hyndman_computing_1996,
	title = {Computing and {Graphing} {Highest} {Density} {Regions}},
	volume = {50},
	issn = {0003-1305},
	url = {https://www.jstor.org/stable/2684423},
	doi = {10.2307/2684423},
	number = {2},
	urldate = {2022-04-13},
	journal = {The American Statistician},
	author = {Hyndman, Rob J.},
	year = {1996},
	note = {Publisher: [American Statistical Association, Taylor \& Francis, Ltd.]},
	keywords = {HDR},
	pages = {120--126},
}

@Manual{ggdist,
  title = {{ggdist}: Visualizations of Distributions and Uncertainty},
  author = {Matthew Kay},
  year = {2023},
  note = {R package version 3.2.1},
  url = {https://mjskay.github.io/ggdist/},
  doi = {10.5281/zenodo.3879620},
}

@article{muller_excess_1991,
	title = {Excess {Mass} {Estimates} and {Tests} for {Multimodality}},
	volume = {86},
	issn = {0162-1459},
	url = {https://www.jstor.org/stable/2290406},
	doi = {10.2307/2290406},
	number = {415},
	urldate = {2022-04-13},
	journal = {Journal of the American Statistical Association},
	author = {Muller, D. W. and Sawitzki, G.},
	year = {1991},
	note = {Publisher: [American Statistical Association, Taylor \& Francis, Ltd.]},
	pages = {738--746},
}

@misc{ohara-wild_gghdr_2022,
	title = {gghdr: {Visualisation} of {Highest} {Density} {Regions} in 'ggplot2'},
	copyright = {GPL-3},
	shorttitle = {gghdr},
	url = {https://CRAN.R-project.org/package=gghdr},
	urldate = {2022-04-14},
	author = {O'Hara-Wild, Mitchell and Pearce, Stephen and Nakagawara, Ryo and Gupta, Sayani and Vanichkina, Darya and Tanaka, Emi and Fung, Thomas and Hyndman, Rob},
	month = feb,
	year = {2022},
}

@article{polonik_measuring_1995,
	title = {Measuring {Mass} {Concentrations} and {Estimating} {Density} {Contour} {Clusters}-{An} {Excess} {Mass} {Approach}},
	volume = {23},
	issn = {0090-5364, 2168-8966},
	url = {https://projecteuclid.org/journals/annals-of-statistics/volume-23/issue-3/Measuring-Mass-Concentrations-and-Estimating-Density-Contour-Clusters-An-Excess/10.1214/aos/1176324626.full},
	doi = {10.1214/aos/1176324626},
	number = {3},
	urldate = {2022-04-13},
	journal = {The Annals of Statistics},
	author = {Polonik, Wolfgang},
	month = jun,
	year = {1995},
	note = {Publisher: Institute of Mathematical Statistics},
	keywords = {level set estimation, 62G99, 62H99, Convex hull, density contour cluster, Empirical process theory, excess mass, multimodality, support estimation},
	pages = {855--881},
}

@article{rigollet_optimal_2009,
	title = {Optimal rates for plug-in estimators of density level sets},
	volume = {15},
	issn = {1350-7265},
	url = {https://projecteuclid.org/journals/bernoulli/volume-15/issue-4/Optimal-rates-for-plug-in-estimators-of-density-level-sets/10.3150/09-BEJ184.full},
	doi = {10.3150/09-BEJ184},
	number = {4},
	urldate = {2022-04-13},
	journal = {Bernoulli},
	author = {Rigollet, Philippe and Vert, Régis},
	month = nov,
	year = {2009},
	note = {Publisher: Bernoulli Society for Mathematical Statistics and Probability},
	keywords = {density level sets, kernel density estimators, minimax lower bounds, plug-in estimators, rates of convergence},
	pages = {1154--1178},
}

@book{scott_multivariate_1992,
	address = {New York},
	series = {Wiley series in probability and mathematical statistics},
	title = {Multivariate density estimation: theory, practice, and visualization / {David} {W}. {Scott}.},
	isbn = {978-0-471-54770-9},
	shorttitle = {Multivariate density estimation},
	language = {eng},
	publisher = {Wiley},
	author = {Scott, David W.},
	year = {1992},
	keywords = {Estimation theory; Multivariate analysis},
}

@Book{mass,
  title = {Modern Applied Statistics with S},
  author = {W. N. Venables and B. D. Ripley},
  publisher = {Springer},
  edition = {Fourth},
  address = {New York},
  year = {2002},
  note = {ISBN 0-387-95457-0},
  url = {https://www.stats.ox.ac.uk/pub/MASS4/},
}

@book{wickham_ggplot2_2009,
	address = {New York, NY},
	title = {ggplot2},
	isbn = {978-0-387-98140-6 978-0-387-98141-3},
	url = {http://link.springer.com/10.1007/978-0-387-98141-3},
	language = {en},
	urldate = {2022-04-13},
	publisher = {Springer},
	author = {Wickham, Hadley},
	year = {2009},
	doi = {10.1007/978-0-387-98141-3},
	keywords = {visualization, data analysis, Data graphics, dawatt, Grammar of Graphics, Statistical graphics},
}


@Manual{isoband,
  title = {isoband: Generate Isolines and Isobands from Regularly Spaced Elevation
Grids},
  author = {Claus O. Wilke and Thomas Lin Pedersen},
  year = {2021},
  note = {R package version 0.2.5},
  url = {https://CRAN.R-project.org/package=isoband},
}

@book{wilkinson_grammar_2005,
	address = {New York},
	series = {Statistics and {Computing}},
	title = {The {Grammar} of {Graphics}},
	isbn = {978-0-387-24544-7},
	url = {http://link.springer.com/10.1007/0-387-28695-0},
	language = {en},
	urldate = {2022-04-13},
	publisher = {Springer-Verlag},
	author = {Wilkinson, Leland},
	year = {2005},
	doi = {10.1007/0-387-28695-0},
	keywords = {Data Visualization, geometry, presentation, statistical software, visualization},
}
