@article{araujo_understanding_2015,
	title = {Understanding Host-Switching by Ecological Fitting},
	volume = {10},
	url = {https://doi.org/10.1371/journal.pone.0139225},
	pages = {e0139225},
	number = {10},
	journal = {{PLOS} {ONE}},
	shortjournal = {{PLOS} {ONE}},
	author = {Araujo, Sabrina B. L. and Braga, Mariana Pires and Brooks, Daniel R. and Agosta, Salvatore J. and Hoberg, Eric P. and Hartenthal, Francisco W. von and Boeger, Walter A.},
	urldate = {2019-08-30},
	date = {2015-10-02},
	year = {2015},
	langid = {english}
}

@article{dimijian_evolving_2000,
	title = {Evolving together: the biology of symbiosis, part 2},
	volume = {13},
	issn = {0899-8280},
	url = {https://doi.org/10.1080/08998280.2000.11927712},
	shorttitle = {Evolving together},
	pages = {381--390},
	number = {4},
	journal = {Proceedings (Baylor University. Medical Center)},
	shortjournal = {Proc (Bayl Univ Med Cent)},
	author = {Dimijian, G. G.},
	date = {2000-10},
	Year = {2000},
	pmid = {16389348},
	pmcid = {PMC1312238}
}

@article{dimijian_evolving_2000-1,
	title = {Evolving together: the biology of symbiosis, part 1},
	volume = {13},
	issn = {0899-8280},
	url = {https://www.ncbi.nlm.nih.gov/pmc/articles/PMC1317043/},
	shorttitle = {Evolving together},
	pages = {217--226},
	number = {3},
	journal = {Proceedings (Baylor University. Medical Center)},
	shortjournal = {Proc (Bayl Univ Med Cent)},
	author = {Dimijian, Gregory G.},
	urldate = {2021-05-07},
	date = {2000-07},
	Year = {2000},
	pmid = {16389385},
	pmcid = {PMC1317043}
}

@article{thompson_four_2010,
	title = {Four Central Points About Coevolution},
	volume = {3},
	rights = {2010 The Author(s)},
	issn = {1936-6434},
	url = {https://evolution-outreach.biomedcentral.com/articles/10.1007/s12052-009-0200-x},
	doi = {10.1007/s12052-009-0200-x},
	pages = {7--13},
	number = {1},
	journal = {Evolution: Education and Outreach},
	shortjournal = {Evo Edu Outreach},
	author = {Thompson, John N.},
	urldate = {2021-05-10},
	date = {2010-03},
	Year = {2010},
	langid = {english},
	note = {Number: 1
Publisher: {BioMed} Central}
}

@incollection{page_introduction_2002,
	location = {Chicago and London},
	publisher = {The University of Chicago Press},
	title = {Introduction},
	url = {https://press.uchicago.edu/ucp/books/book/chicago/T/bo3634552.html},
	pages = {1--22},
	booktitle = {Tangled Trees. Phylogeny, Cospeciation and Coevolution},
	author = {Page, R. D. M.},
	urldate = {2021-05-10},
	date = {2002},
	Year = 2002
}

@article{feronato_accidents_2021,
	title = {‘\uppercase{A}ccidents waiting to happen’—Insights from a simple model on the emergence of infectious agents in new hosts},
	volume = {tbed.14146},
	rights = {© 2021 Wiley-{VCH} {GmbH}},
	issn = {1865-1682},
	url = {http://onlinelibrary.wiley.com/doi/abs/10.1111/tbed.14146},
	issue = {n/a},
	journal = {Transboundary and Emerging Diseases},
	author = {Feronato, Sofia G. and Araujo, Sabrina and Boeger, Walter A.},
	urldate = {2021-05-25},
	date = {2021},
	Year = {2021},
	langid = {english},
	keywords = {emerging infectious diseases, host-switching, individual-based model, Stockholm Paradigm}
}

@book{brooks_stockholm_2019,
	location = {Chicago},
	title = {The Stockholm paradigm: climate change and emerging disease},
	url = {https://press.uchicago.edu/ucp/books/book/chicago/S/bo38871306.html},
	isbn = {978-0-226-63230-8 978-0-226-63244-5},
	shorttitle = {The Stockholm paradigm},
	publisher = {The University of Chicago Press},
	author = {Brooks, D. R. and Hoberg, Eric P. and Boeger, Walter A.},
	date = {2019},
	Year = {2019},
	keywords = {Bioclimatology, Climatic changes, Parasitic diseases}
}

@book{apple_proliferation_2020,
	location = {San Michele all'Adige, Ora},
	title = {Apple proliferation - A joint review},
	isbn = {9788878430549},
	shorttitle = {Apple proliferation},
	publisher = {Fondazione Edmund Mach/ Laimburg Research Center},
	author = {Janik, K. and Barthel, D. and Oppedisano, T. and Anfora, G.},
	date = {2020},
	Year = {2020},
	url = {http://www.laimburg.com/downloads/Apple_Proliferation.pdf},
	keywords = {apple proliferation, Cacopsylla, phytoplasma}
}

@article{agosta2008ecological,
  title={Ecological fitting by phenotypically flexible genotypes: implications for species associations, community assembly and evolution},
  author={Agosta, Salvatore J and Klemens, Jeffrey A},
  journal={Ecology Letters},
  volume={11},
  number={11},
  pages={1123--1134},
  year={2008},
  url = {https://doi.org/10.1111/j.1461-0248.2008.01237.x},
  publisher={Wiley Online Library}
}

@article{garcia2011experimental,
  title={Experimental demography and the vital rates of generalist and specialist insect herbivores on native and novel host plants},
  author={Garc{\'\i}a-Robledo, Carlos and Horvitz, Carol C},
  journal={Journal of Animal Ecology},
  volume={80},
  number={5},
  pages={976--989},
  year={2011},
  url = {https://doi.org/10.1111/j.1365-2656.2011.01843.x},
  publisher={Wiley Online Library}
}

@article{mayer2011chemically,
  title={Chemically mediated multitrophic interactions in a plant--insect vector-phytoplasma system compared with a partially nonvector species},
  author={Mayer, Christoph J and Vilcinskas, Andreas and Gross, J{\"u}rgen},
  journal={Agricultural and Forest Entomology},
  volume={13},
  number={1},
  pages={25--35},
  year={2011},
  url = {https://doi.org/10.1111/j.1461-9563.2010.00495.x},
  publisher={Wiley Online Library}
}

@article{malagnini2013ecological,
  title={Ecological and genetic differences between \emph{Cacopsylla melanoneura} (\uppercase{H}emiptera, \uppercase{P}syllidae) populations reveal species host plant preference},
  author={Malagnini, Valeria and Pedrazzoli, Federico and Papetti, Chiara and Cainelli, Christian and Zasso, Rosaly and Gualandri, Valeria and Pozzebon, Alberto and Ioriatti, Claudio},
  journal={PloS one},
  volume={8},
  number={7},
  pages={e69663},
  year={2013},
  url = {https://doi.org/10.1371/journal.pone.0069663},
  publisher={Public Library of Science San Francisco, USA}
}

@article{malagnini2010study,
  title={A study of the effects of ‘\uppercase{C}andidatus \uppercase{P}hytoplasma mali’ on the psyllid \emph{Cacopsylla melanoneura} (\uppercase{H}emiptera: Psyllidae)},
  author={Malagnini, Valeria and Pedrazzoli, Federico and Gualandri, Valeria and Forno, Flavia and Zasso, Rosaly and Pozzebon, Alberto and Ioriatti, Claudio},
  journal={Journal of invertebrate pathology},
  volume={103},
  number={1},
  pages={65--67},
  year={2010},
  url = {https://doi.org/10.1016/j.jip.2009.11.005},
  publisher={Elsevier}
}

@article{jackson1990cold,
  title={Cold-hardiness in the hawthorn psyllid \emph{Cacopsylla melanoneura} (\uppercase{F}{\"o}rster) (\uppercase{H}omoptera: Psylloidea).},
  author={Jackson, CS and Hodkinson, ID and Stanley, P and others},
  journal={Entomologist},
  volume={109},
  number={4},
  pages={224--230},
  year={1990}
}

@book{ossiannilsson1992psylloidea,
  title={The Psylloidea (Homoptera) of Fennoscandia and Denmark},
  author={Ossiannilsson, Frej},
  volume={26},
  year={1992},
  publisher={Brill}
}

@article{lal1934biology,
  title={The biology of \uppercase{S}cottish \uppercase{p}syllidae},
  author={Lal, KB},
  journal={Transactions of the Royal Entomological Society of London},
  volume={82},
  number={2},
  pages={363--385},
  year={1934},
  publisher={Wiley Online Library}
}

@article{van2020emergence,
  title={Emergence of genomic diversity and recurrent mutations in \uppercase{SARS-C}o\uppercase{V}-2},
  author={van Dorp, Lucy and Acman, Mislav and Richard, Damien and Shaw, Liam P and Ford, Charlotte E and Ormond, Louise and Owen, Christopher J and Pang, Juanita and Tan, Cedric CS and Boshier, Florencia AT and others},
  journal={Infection, Genetics and Evolution},
  volume={83},
  pages={104351},
  year={2020},
  url = {https://doi.org/10.1016/j.meegid.2020.104351},
  publisher={Elsevier}
}

@article{schmitt2013notes,
  title={Notes on the ecology of rolled-leaf hispines (\uppercase{C}hrysomelidae, \uppercase{C}assidinae) at \uppercase{L}a \uppercase{G}amba (\uppercase{C}osta \uppercase{R}ica)},
  author={Schmitt, Michael and Frank, Meike},
  journal={ZooKeys},
  volume={332},
  pages={55},
  year={2013},
  url = {http://dx.doi.org/10.3897/zookeys.332.5215},
  publisher={Pensoft Publishers}
}

@article{garcia2010larval,
  title={Larval morphology, development, and notes on the natural history of \emph{Cephaloleia} "rolled-leaf" beetles (\uppercase{C}oleoptera: Chrysomelidae: Cassidinae).},
  author={Garcia-Robledo, Carlos and Horvitz, Carol C and Staines, Charles L and others},
  journal={Zootaxa},
  volume={2610},
  pages={50--68},
  year={2010},
  url = {https://doi.org/10.11646/zootaxa.2610.1.3},
  publisher={Magnolia Press}
}

@article{janzen1985ecological,
  title={On ecological fitting},
  author={Janzen, Daniel H},
    journal={Oikos},
  volume={45},
  pages={308--310},
  year={1985},
  url = {https://doi.org/10.2307/3565565}
}

@article{tedeschi2002population,
  title={Population dynamics of \emph{Cacopsylla melanoneura} (\uppercase{H}omoptera: Psyllidae), a vector of apple proliferation phytoplasma in northwestern \uppercase{I}taly},
  author={Tedeschi, Rosemarie and Bosco, Domenico and Alma, Alberto},
  journal={Journal of economic entomology},
  volume={95},
  number={3},
  pages={544--551},
  year={2002},
  url = {https://doi.org/10.1603/0022-0493-95.3.544},
  publisher={Oxford University Press Oxford, UK}
}

@article{lauterer1999results,
  title={Results of the investigations on \uppercase{H}emiptera in \uppercase{M}oravia, made by the \uppercase{M}oravian museum (\uppercase{P}sylloidea 2)},
  author={Lauterer, P},
  journal={Acta Musei Moraviae, Scientiae Biologicae (Brno)},
  volume={84},
  pages={71--151},
  year={1999}
}

@article{lazarev1972psylla,
  title={\emph{Psylla melanoneura} Frst. taurica forma nov. (\uppercase{H}omoptera: Psyllidae). \uppercase{A}n apple tree pest in the \uppercase{C}rimea},
  author={Lazarev, Mal A.},
  journal={Proceedings of the All-Union VI Lenin Academy of Agricultural Sciences, The State Nikita Botanical Gardens, Yalta, Ukraine},
  volume={61},
  pages={101--122},
  year={1972}
}

@article{lazarev1974crimean,
  title={The ‘\uppercase{C}rimean \uppercase{A}pple \uppercase{S}ucker’ \emph{Psylla melanoneura} Frst forma taurica, nov. (\uppercase{H}omoptera, \uppercase{P}sylloidea).},
  author={Lazarev, Mal A.},
  journal={Nikita State Botanical Gardens, Ukraine},
  pages={23--26},
  year={1974}
}

@article{parrish2008cross,
  title={Cross-species virus transmission and the emergence of new epidemic diseases},
  author={Parrish, Colin R and Holmes, Edward C and Morens, David M and Park, Eun-Chung and Burke, Donald S and Calisher, Charles H and Laughlin, Catherine A and Saif, Linda J and Daszak, Peter},
  journal={Microbiology and Molecular Biology Reviews},
  volume={72},
  number={3},
  pages={457--470},
  year={2008},
  url = {https://doi.org/10.1128/MMBR.00004-08},
  publisher={Am Soc Microbiol}
}

@article{rodriguez2020history,
  title={History is repeating itself: Probable zoonotic spillover as the cause of the 2019 novel Coronavirus Epidemic},
  author={Rodriguez-Morales, Alfonso J and Bonilla-Aldana, D Katterine and Balbin-Ramon, Graciela Josefina and Rabaan, Ali A and Sah, Ranjit and Paniz-Mondolfi, Alberto and Pagliano, Pasquale and Esposito, Silvano},
  journal={Infez Med},
  volume={28},
  number={1},
  pages={3--5},
  year={2020}
}

@article{kim2021quantitative,
  title={A quantitative model used to compare within-host \uppercase{SARS-C}o\uppercase{V}-2, \uppercase{MERS-C}o\uppercase{V}, and \uppercase{SARS-C}o\uppercase{V} dynamics provides insights into the pathogenesis and treatment of \uppercase{SARS-C}o\uppercase{V}-2},
  author={Kim, Kwang Su and Ejima, Keisuke and Iwanami, Shoya and Fujita, Yasuhisa and Ohashi, Hirofumi and Koizumi, Yoshiki and Asai, Yusuke and Nakaoka, Shinji and Watashi, Koichi and Aihara, Kazuyuki and others},
  journal={PLoS biology},
  volume={19},
  number={3},
  pages={e3001128},
  year={2021},
  url = {https://doi.org/10.1371/journal.pbio.3001128},
  publisher={Public Library of Science San Francisco, CA USA}
}

@article{RJ-2020-020,
  author = {Vineetha Warriyar, K. V. and Waleed, Almutiry and Rob, Deardon},
  title = {{Individual-Level Modelling of Infectious Disease Data:
          EpiILM}},
  year = {2020},
  journal = {{The R Journal}},
  doi = {10.32614/RJ-2020-020},
  url = {https://doi.org/10.32614/RJ-2020-020},
  pages = {87--104},
  volume = {12},
  number = {1}
}

@article{deardon_inference_2010,
	author = {Deardon, Rob and Brooks, Stephen P. and Grenfell, Bryan T. and Keeling, Matthew J. and Tildesley, Michael J. and Savill, Nicholas J. and Shaw, Darren J. and Woolhouse, Mark E. J.},
	title = {Inference for Individual-level models of infectious diseases in large populations},
	year = {2010},
	journal ={Statistica Sinica},
	volume = {20},
	issn = {1017-0405},
	url = {https://www.ncbi.nlm.nih.gov/pmc/articles/PMC4578172/},
	pages = {239--261},
	number = {1}
}

@article{agosta_how_2010,
    author = {Agosta, Salvatore J. and Janz, Niklas and Brooks, Daniel R.},
	title = {How specialists can be generalists: resolving the "parasite paradox" and implications for emerging infectious disease},
	year = {2010},
	journal = {Zoologia (Curitiba)},
	volume = {27},
	issn = {1984-4689},
	url = {https://doi.org/10.1590/S1984-46702010000200001},
	shorttitle = {How specialists can be generalists},
	pages = {151--162},
	number = {2},
	langid = {english}
}