@Article{littlechild1973simple,
  title = {A Simple Expression for the {S}hapley Value in a Special Case},
  author = {Stephen C Littlechild and Guillermo Owen},
  journal = {Management Science},
  volume = {20},
  number = {3},
  pages = {370--372},
  year = {1973},
  publisher = {INFORMS},
  url = {https://doi.org/10.1287/mnsc.20.3.370},
}

@Article{meca2004inventory,
  title = {Inventory Games},
  author = {Ana Meca and Judith Timmer and Ignacio García and Peter Borm and {others}},
  journal = {European Journal of Operational Research},
  volume = {156},
  number = {1},
  pages = {127--139},
  year = {2004},
  publisher = {Elsevier},
  url = {https://doi.org/10.1016/s0377-2217(02)00913-x},
}

@Article{saavedra2018a,
  title = {On Coalition Formation in a Non-Convex Multi-Agent Inventory Problem},
  author = {Alejandro Saavedra-Nieves and Ignacio García-Jurado and M Gloria Fiestras-Janeiro},
  journal = {Annals of Operations Research},
  volume = {261},
  number = {1},
  pages = {255--273},
  year = {2018a},
  url = {https://doi.org/10.1007/s10479-017-2616-y},
}

@InCollection{saavedra2018b,
  title = {Placing Joint Orders When Holding Costs Are Negligible and Shortages Are Not Allowed},
  author = {Alejandro Saavedra-Nieves and Ignacio García-Jurado and M Gloria Fiestras-Janeiro},
  booktitle = {Game Theory in Management Accounting: Implementing Incentives and Fairness},
  editor = {David Mueller and Ralf Trost},
  pages = {349--360},
  year = {2018},
  publisher = {Springer-Verlag},
  url = {https://doi.org/10.1007/978-3-319-61603-2_16},
}

@Article{fiestras2015cooperation,
  title = {Cooperation on Capacitated Inventory Situations with Fixed Holding Costs},
  author = {M Gloria Fiestras-Janeiro and Ignacio García-Jurado and Ana Meca and Manuel A Mosquera},
  journal = {European Journal of Operational Research},
  volume = {241},
  number = {3},
  pages = {719--726},
  year = {2015},
  publisher = {Elsevier},
  url = {https://doi.org/10.1016/j.ejor.2014.09.016},
}

@Article{fiestras2014centralized,
  title = {Centralized Inventory in a Farming Community},
  author = {M Gloria Fiestras-Janeiro and Ignacio García-Jurado and Ana Meca and Manuel A Mosquera},
  journal = {Journal of Business Economics},
  volume = {84},
  number = {7},
  pages = {983--997},
  year = {2014},
  publisher = {Springer-Verlag},
  url = {https://doi.org/10.1007/s11573-014-0710-z},
}

@Article{fiestras2012cost,
  title = {Cost Allocation in Inventory Transportation Systems},
  author = {MG Fiestras-Janeiro and I García-Jurado and A Meca and MA Mosquera},
  journal = {Top},
  volume = {20},
  number = {2},
  pages = {397--410},
  year = {2012},
  publisher = {Springer-Verlag},
  url = {https://doi.org/10.1007/s11750-011-0207-7},
}

@Article{meca2003cooperation,
  title = {Cooperation and Competition in Inventory Games},
  author = {Ana Meca and Ignacio García-Jurado and Peter Borm},
  journal = {Mathematical Methods of Operations Research},
  volume = {57},
  number = {3},
  pages = {481--493},
  year = {2003},
  publisher = {Springer-Verlag},
  url = {https://doi.org/10.1007/s001860200253},
}

@Book{gonzalez2010introductory,
  title = {An Introductory Course on Mathematical Game Theory},
  author = {Julio González-Díaz and Ignacio García-Jurado and M Gloria Fiestras-Janeiro},
  volume = {115},
  year = {2010},
  publisher = {American Mathematical Society Providence},
}

@Article{dror2011survey,
  title = {Survey of Cooperative Inventory Games and Extensions},
  author = {Moshe Dror and Bruce C Hartman},
  journal = {Journal of the Operational Research Society},
  volume = {62},
  number = {4},
  pages = {565--580},
  year = {2011},
  publisher = {Springer-Verlag},
  url = {https://doi.org/10.1057/jors.2010.65},
}

@Article{fiestras2011cooperative,
  title = {Cooperative Game Theory and Inventory Management},
  author = {M Gloria Fiestras-Janeiro and Ignacio García-Jurado and Ana Meca and Manuel A Mosquera},
  journal = {European Journal of Operational Research},
  volume = {210},
  number = {3},
  pages = {459--466},
  year = {2011},
  publisher = {Elsevier},
  url = {https://doi.org/10.1016/j.ejor.2010.06.025},
}

@PhdThesis{gillies1953some,
  title = {Some Theorems on n-Person Games},
  author = {Donald Bruce Gillies},
  school = {Princeton University},
  year = {1953},
  googleid = {T0RMBPDStpoJ:scholar.google.com/},
  cluster = {11148329855908332623},
}

@Article{shapley1953value,
  title = {A Value for n-Person Games},
  author = {Lloyd S Shapley},
  journal = {Contributions to the Theory of Games},
  volume = {2},
  number = {28},
  pages = {307--317},
  year = {1953},
}

@Article{nagarajan2008game,
  title = {Game-Theoretic Analysis of Cooperation among Supply Chain Agents: Review and Extensions},
  author = {Mahesh Nagarajan and Greys Sošić},
  journal = {European Journal of Operational Research},
  volume = {187},
  number = {3},
  pages = {719--745},
  year = {2008},
  publisher = {Elsevier},
  url = {https://doi.org/10.1016/j.ejor.2006.05.045},
}
