% Asterisk references
@online{unoosaregister,
    author = {{United Nations}},
    title = {{Register of Objects Launched into Outer Space}},
    url  = "https://www.unoosa.org/oosa/en/spaceobjectregister/index.html",
    addendum = "(accessed: 15.09.2021)"
}

% Cubesat
@inproceedings{toorian2008cubesat,
  title={The CubeSat approach to space access},
  author={Toorian, Armen and Diaz, Ken and Lee, Simon},
  booktitle={2008 IEEE Aerospace Conference},
  pages={1--14},
  year={2008},
  organization={IEEE}
}

% Nanosatellites
@article{bouwmeester2010survey,
  title={Survey of worldwide pico-and nanosatellite missions, distributions and subsystem technology},
  author={Bouwmeester, Jasper and Guo, Jian},
  journal={Acta Astronautica},
  volume={67},
  number={7-8},
  pages={854--862},
  year={2010},
  publisher={Elsevier}
}

@article{kirillin2015ssau,
  title={SSAU nanosatellite project for the navigation and control technologies demonstration},
  author={Kirillin, Alexander and Belokonov, Igor and Timbai, Ivan and Kramlikh, Andrey and Melnik, Mariya and Ustiugov, Efim and Egorov, Andrey and Shafran, Stepan},
  journal={Procedia Engineering},
  volume={104},
  pages={97--106}, 
  year={2015},
  publisher={Elsevier}
}

% Kessler
@article{kessler1978collision,
  title={Collision frequency of artificial satellites: The creation of a debris belt},
  author={Kessler, Donald J and Cour-Palais, Burton G},
  journal={Journal of Geophysical Research: Space Physics},
  volume={83},
  number={A6},
  pages={2637--2646},
  year={1978},
  publisher={Wiley Online Library}
}

@article{kessler2010kessler,
  title={The Kessler Syndrome: Implications to Future Space Operations},
  author={Kessler, Donald J and Johnson, Nicholas L and Liou, JC and Matney, Mark},
  journal={Advances in the Astronautical Sciences},
  volume={137},
  number={8},
  pages={2010},
  year={2010},
  publisher={Univelt, Inc.}
}

% SPG4/SDP4
@article{dong2010accuracy,
  title={An accuracy analysis of the SGP4/SDP4 model},
  author={Dong, Wei and Chang-yin, Zhao},
  journal={Chinese Astronomy and Astrophysics},
  volume={34},
  number={1},
  pages={69--76},
  year={2010},
  publisher={Elsevier}
}

@inproceedings{vallado2008sgp4,
  title={SGP4 orbit determination},
  author={Vallado, David and Crawford, Paul},
  booktitle={AIAA/AAS Astrodynamics Specialist Conference and Exhibit},
  pages={6770},
  year={2008}
}

% OpenSkies network
@inproceedings{schafer2014,
  author={Matthias Sch√§fer and Martin Strohmeier and Vincent Lenders and Ivan Martinovic and Matthias Wilhelm},
  title = {{Bringing up OpenSky: A large-scale ADS-B sensor network for research}}, 
  booktitle = {IPSN-14 Proceedings of the 13th International Symposium on Information Processing in Sensor Networks}, 
  year = {2014},
  pages = {83-94},
  url = {https://doi.org/10.1109/IPSN.2014.6846743}
}

% Celestrak 
@online{celestrak,
    author = {T.S. Kelso},
    title = {{CelesTrack}},
    url  = "https://celestrak.com/",
    addendum = "(accessed: 16.09.2021)"
}

% Spacetrack
@online{spacetrack,
    author = {SAIC},
    title = {{Space-Track}},
    url  = "https://www.space-track.org/",
    addendum = "(accessed: 16.09.2021)"
}

% Planet Lab
@article{foster2015orbit,
  title={Orbit determination and differential-drag control of Planet Labs CubeSat constellations},
  author={Foster, Cyrus and Hallam, Henry and Mason, James},
  journal={arXiv preprint arXiv:1509.03270},
  year={2015}
}

% CDDIS
@article{noll2010crustal,
  title={The Crustal Dynamics Data Information System: A resource to support scientific analysis using space geodesy},
  author={Noll, Carey E},
  journal={Advances in Space Research},
  volume={45},
  number={12},
  pages={1421--1440},
  year={2010},
  publisher={Elsevier}
}

% Numprop
@article{flores2021method,
  title={A method for accurate and efficient propagation of satellite orbits: A case study for a Molniya orbit},
  author={Flores, Roberto and Burhani, Burhani Makame and Fantino, Elena},
  journal={Alexandria Engineering Journal},
  volume={60},
  number={2},
  pages={2661--2676},
  year={2021},
  publisher={Elsevier}
}

% Analytical propagators
@article{deprit1981elimination,
  title={The elimination of the parallax in satellite theory},
  author={Deprit, Andr{\'e}},
  journal={Celestial Mechanics},
  volume={24},
  number={2},
  pages={111--153},
  year={1981},
  publisher={Springer}
}

@article{lara2014delaunay,
  title={Delaunay variables approach to the elimination of the perigee in Artificial Satellite Theory},
  author={Lara, Martin and San-Juan, Juan F and L{\'o}pez-Ochoa, Luis M},
  journal={Celestial Mechanics and Dynamical Astronomy},
  volume={120},
  number={1},
  pages={39--56},
  year={2014},
  publisher={Springer}
}

@article{meeus1991astronomical,
  title={Astronomical algorithms},
  author={Meeus, Jean},
  journal={Richmond},
  year={1991}
}

% The SPG4 model
@techreport{lane1979general,
  title={General perturbations theories derived from the 1965 Lane drag theory},
  author={Lane, Max H and Hoots, Felix R},
  year={1979},
  institution={AEROSPACE DEFENSE COMMAND PETERSON AFB CO OFFICE OF ASTRODYNAMICS}
}

% The SDP4 model
@inproceedings{hujsak1979restricted,
  title={A restricted four body solution for resonating satellite with an oblate Earth},
  author={Hujsak, Richard S},
  booktitle={American Institute of Aeronautics and Astronautics Conference},
  year={1979}
}

% C++ SGP4 Vallado implementation
@inproceedings{lane1965development,
  title={The development of an artificial satellite theory using a power-law atmospheric density representation},
  author={Lane, Maxh},
  booktitle={2nd Aerospace Sciences Meeting},
  pages={35},
  year={1965}
}

% Fortran SGP4 implementation
@online{fortranimplementation,
    author = {Felix R. Hoots and Ronald L. Roehrich and T.S. Kelso},
    title = {Spacetrack Report no. 3},
    year = {1988},
    url  = "https://celestrak.com/NORAD/documentation/spacetrk.pdf",
    addendum = "(accessed: 07.10.2021)"
}


@online{valladoimplementation,
    author = {David Vallado},
    title = {Astrodynamics Software},
    url  = "https://celestrak.com/software/vallado-sw.php",
    addendum = "(accessed: 07.10.2021)"
}

% TLE format

@online{tleformat,
    author = {T.S. Kelso},
    title = {NORAD two-line element set format},
    url  = "http://www.celestrak.com/NORAD/documentation/ADCOM\%20DO\%20Form\%2012.pdf",
    addendum = "(accessed: 07.10.2021)"
}

@online{tlefaq,
    author = {T.S. Kelso},
    title = {Frequently Asked Questions: Two-Line Element Set Format},
    url  = "http://www.celestrak.com/columns/v04n03/",
    addendum = "(accessed: 07.10.2021)"
}

% RINEX format

@article{gurtner2007rinex,
  title={RINEX - The Receiver Independent Exchange Format-version 3.00},
  author={Gurtner, Werner and Estey, Lou},
  journal={Astronomical Institute, University of Bern and UNAVCO, Bolulder, Colorado.},
  year={2007},
  publisher={PANGAEA}
}

% Semi analytical propagators
@article{lara2016semi,
  title={A semi-analytical orbit propagator program for highly elliptical orbits},
  author={Lara, Martin and San-Juan, Juan F and Hautesserres, Denis and de Competence Technique, Centres},
  journal={Order},
  volume={10},
  pages={8},
  year={2016}
}

@article{levy2021storm,
  title={STORM: A semi-analytical orbit propagator for assessing the compliance with Mars Planetary Protection Requirements},
  author={L{\'e}vy, Hugo and Joffre, {\'E}ric and Lizy-Destrez, St{\'e}phanie and Zamaro, Mattia},
  journal={Acta Astronautica},
  year={2021},
  publisher={Elsevier}
}

@inproceedings{morand2013semi,
  title={Semi Analytical computation of partial derivatives and transition matrix using STELA software},
  author={Morand, Vincent and Dolado-Perez, Juan Carlos and Fraysse, Hubert and Delefie, Florent and Daquin, J{\'e}r{\^o}me and Dental, Cedric},
  booktitle={6th ESA conference on space debris},
  year={2013}
}

% Orbital mechanics
@book{montenbruck2012satellite,
  title={Satellite orbits: models, methods and applications},
  author={Montenbruck, Oliver and Gill, Eberhard},
  year={2012},
  publisher={Springer Science \& Business Media},
  chapter={3}
}

% Other HPOP implementations
@inproceedings{maisonobe2010orekit,
  title={Orekit: An open source library for operational flight dynamics applications},
  author={Maisonobe, Luc and Pommier, V{\'e}ronique and Parraud, Pascal},
  booktitle={4th International Conference on Astrodynamics Tools and Techniques},
  pages={3--6},
  year={2010}
}

@online{stk,
    author = {AGI},
    title = {Systems Tool Kit (STK)},
    url  = "https://www.agi.com/products/stk",
    addendum = "(accessed: 24.11.2021)"
}

@online{mlhpop,
    author = {Meysam Mahooti},
    title = {High Precision Orbit Propagator Matlab implementation},
    url  = "https://jp.mathworks.com/matlabcentral/fileexchange/55167-high-precision-orbit-propagator",
    addendum = "(accessed: 24.11.2021)"
}

% GGM03
@inproceedings{tapley2007ggm03,
  title={The GGM03 mean earth gravity model from GRACE},
  author={Tapley, B and Ries, J and Bettadpur, S and Chambers, D and Cheng, M and Condi, F and Poole, S},
  booktitle={AGU Fall Meeting Abstracts},
  volume={2007},
  pages={G42A--03},
  year={2007}
}

% Ephemeris 436
@article{folkner2014planetary,
  title={The planetary and lunar ephemerides DE430 and DE431},
  author={Folkner, William M and Williams, James G and Boggs, Dale H and Park, Ryan S and Kuchynka, Petr},
  journal={Interplanetary Network Progress Report},
  volume={196},
  number={1},
  year={2014}
}

% Solar radiation pressure model
@article{li2019shadow,
  title={A shadow function model based on perspective projection and atmospheric effect for satellites in eclipse},
  author={Li, Zhen and Ziebart, Marek and Bhattarai, Santosh and Harrison, David},
  journal={Advances in Space Research},
  volume={63},
  number={3},
  pages={1347--1359},
  year={2019},
  publisher={Elsevier}
}

%  NRLMSISE-00
@article{picone2002nrlmsise,
  title={NRLMSISE-00 empirical model of the atmosphere: Statistical comparisons and scientific issues},
  author={Picone, JM and Hedin, AE and Drob, D Pj and Aikin, AC},
  journal={Journal of Geophysical Research: Space Physics},
  volume={107},
  number={A12},
  pages={SIA--15},
  year={2002},
  publisher={Wiley Online Library}
}

% Schwarzschild effect

@article{sosnica2021general,
  title={General relativistic effects acting on the orbits of Galileo satellites},
  author={So{\'s}nica, K and Bury, G and Zajdel, R and Kazmierski, K and Ventura-Traveset, J and Prieto-Cerdeira, R and Mendes, L},
  journal={Celestial Mechanics and Dynamical Astronomy},
  volume={133},
  number={4},
  pages={1--31},
  year={2021},
  publisher={Springer}
}

@article{roh2016numerical,
  title={Numerical simulation of the post-Newtonian equations of motion for the near Earth satellite with an application to the LARES satellite},
  author={Roh, Kyoung-Min and Kopeikin, Sergei M and Cho, Jung-Ho},
  journal={Advances in Space Research},
  volume={58},
  number={11},
  pages={2255--2268},
  year={2016},
  publisher={Elsevier}
}

% GPS specification
@online{gpsesp,
    author = {Anthony Flores},
    title = {GPS Interface Specification},
    url  = "https://www.gps.gov/technical/icwg/IS-GPS-200M.pdf",
    addendum = "(accessed: 26.11.2021)"
}

% GLONASS specification
@online{glonassesp,
    author = {Russian Institute of Space Device Engineering},
    title = {Global Navigation Satellite System - Interface Control Document},
    url  = "https://russianspacesystems.ru/wp-content/uploads/2016/08/ICD_GLONASS_eng_v5.1.pdf",
    addendum = "(accessed: 26.11.2021)"
}

% RADAU5
@book{wanner1996solving,
  title={Solving ordinary differential equations II},
  author={Wanner, Gerhard and Hairer, Ernst},
  volume={375},
  year={1996},
  publisher={Springer Berlin Heidelberg}
}

% Earth radiation and pressure forces
@inproceedings{knocke1988earth,
  title={Earth radiation pressure effects on satellites},
  author={Knocke, Philip and Ries, J and Tapley, B},
  booktitle={Astrodynamics Conference},
  pages={4292},
  year={1988}
}

% ITRF
@online{itrf,
    author = {Federal Agency for Cartography and Geodesy},
    title = {The International Terrestrial Reference Frame (ITRF)},
    url  = "https://www.iers.org/IERS/EN/DataProducts/ITRF/itrf.html",
    addendum = "(accessed: 26.11.2021)"
}

% True north
@article{sandoval2010simple,
  title={A simple theoretical comparison between two basic schemes in function of the Earth's North Pole detection: the static method},
  author={Sandoval-Romero, G Eduardo and Argueta-Diaz, Victor},
  journal={Journal of Sensors},
  volume={2010},
  year={2010},
  publisher={Hindawi}
}

% GCRF
@techreport{petit2010iers,
  title={IERS conventions (2010)},
  author={Petit, G{\'e}rard and Luzum, Brian},
  year={2010},
  institution={Bureau International des Poids et mesures sevres (france)}
}

% TEME CEP
@article{capitaine1985clarifications,
  title={Clarifications concerning the definition and determination of the celestial ephemeris pole},
  author={Capitaine, N and Williams, JG and Seidelmann, PK},
  journal={Astronomy and Astrophysics},
  volume={146},
  pages={381--383},
  year={1985}
}

% US coordinate frames
@inproceedings{seago2000coordinate,
  title={Coordinate Frames of the US Space Object Catalogs},
  author={Seago, John and Vallado, David},
  booktitle={Astrodynamics Specialist Conference},
  pages={4025},
  year={2000}
}

%TEPE FINAL
@inproceedings{vallado2006revisiting,
  title={Revisiting Spacetrack Report\# 3: rev 1},
  author={Vallado, David A and Crawford, Paul and Hujsak, Richard and Kelso, TS},
  booktitle={AIAA/AAS Astrodynamics Specialist Conference and Exhibit},
  year={2006}
}

% Standard ODM
@online{datastd,
    author = {Consultative Committee for Space Data Systems},
    title = {Orbit Data Messages - Recommended Standard},
    url  = "https://public.ccsds.org/Pubs/502x0b2c1e2.pdf",
    addendum = "(accessed: 26.11.2021)"
}

% Cartesian=good
@article{janson2020nanosatellites,
  title={Nanosatellites: Space and Ground Technologies, Operations and Economics},
  author={Janson, Siegfried W and Jaime, Estela and Sergio, Montenegro and Hissa, Lucas Ramos and de Carvalho, Rogerio Atem and Steyn, Willem H and Lappas, Vaios J and Nardini, Flavia Tata and Michele, Coletti and Alexander, Reissner and others},
  year={2020},
  publisher={Rogerio Atem de Carvalho Jaime Estela Martin Langer}
}
