@book{bivand06implementing,
author = {R.~S. {Bivand}},
title = {{Implementing spatial data analysis software tools in R}},
publisher = {Geographical Analysis 38 ():},
pages = {23--40},
year = {2006}
}
@book{bivand08applied,
author = {R.~S. {Bivand, E.~J. Pebesma, and V.~G\'omez-Rubio}},
title = {{Applied Spatial Data Analysis with R}},
publisher = {Springer New York},
year = {2008}
}
@book{buhaug08disaggregating,
author = {H.~{Buhaug, L.-E. Cederman, and J.~K. R{\o}d}},
title = {{Disaggregating ethnic conflict: A dyadic model of exclusion theory}},
publisher = {International Organization 62 (3):},
pages = {531--551},
year = {2008}
}
@book{cow08system,
author = {{{Correlates of War Project}}},
title = {{State system membership list, v.1, }},
publisher = {Available online at},
year = {2008},
url = {http://correlatesofwar.org}
}
@book{douglas73algorithms,
author = {D.~{Douglas and T.~Peucker}},
title = {{Algorithms for the reduction of the number of points required to represent a digitized line or its caricature}},
publisher = {The Canadian Cartographer 10 (2):},
pages = {112--122},
year = {1973}
}
@book{esri98shapefile,
author = {ES{RI}},
title = {{ESRI shapefile technical description, }},
publisher = {Available at},
year = {1998},
url = {http://esri.com/library/whitepapers/pdfs/shapefile.pdf}
}
@book{furlong03boundary,
author = {K.~{Furlong and N.~P. Gleditsch}},
title = {{The boundary dataset}},
publisher = {Conflict Management and Peace Science 29(1):},
pages = {93--117},
year = {2003}
}
@book{gled:2002,
author = {K.~S. {Gleditsch}},
title = {{All Politics is Local: The Diffusion of Conflict, Integration, and Democratization}},
publisher = {University of Michigan Press Ann Arbor MI},
year = {2002}
}
@book{gleditsch07transnational,
author = {K.~S. {Gleditsch}},
title = {{Transnational dimensions of civil war}},
publisher = {Journal of Peace Research 44 (3):},
pages = {293--309},
year = {2007}
}
@book{gleditsch08distance,
author = {K.~S. {Gleditsch}},
title = {{Distances between capital cities, }},
publisher = {Available at},
year = {2008},
url = {http://privatewww.essex.ac.uk/textasciitildeksg/data-5.html}
}
@book{gled:ward:2001:jpr,
author = {K.~S. {Gleditsch and M.~D. Ward}},
title = {{Measuring space: A minimum distance database and applications to international studies}},
publisher = {Journal of Peace Research 38 (6): ,December},
pages = {749--768},
year = {2001}
}
@book{gleditsch99interstate,
author = {K.~S. {Gleditsch and M.~D. Ward}},
title = {{Interstate system membership: A revised list of the independent states since 1816}},
publisher = {International Interactions 25:},
pages = {393--413},
year = {1999}
}
@book{gochman:1991,
author = {C.~S. {Gochman}},
title = {{Interstate metrics: Conceptualizing, operationalizing, and measuring the geographic proximity of states since the congress of Vienna}},
publisher = {International Interactions 17 (1):},
pages = {93--112},
year = {1991}
}
@book{herbst00states,
author = {J.~{Herbst}},
title = {{States and Power in Africa: Comparative Lessons in Authority and Control}},
publisher = {Princeton University Press Princeton NJ},
year = {2000}
}
@book{marshall08polity,
author = {M.~G. {Marshall and K.~Jaggers}},
title = {{Polity IV project: Political regime characteristics and transitions, 1800-, 2008}},
publisher = {Available at},
year = {2007},
url = {http://www.systemicpeace.org/polity/polity4.htm}
}
@book{tir98territorial,
author = {J.~{Tir, P.~Schafer, P.~F. Diehl, and G.~Goertz}},
title = {{Territorial changes, 1816-}},
publisher = {Conflict Management and Peace Science 16:},
pages = {89--97},
year = {1998}
}
@book{tobler70computer,
author = {W.~R. {Tobler}},
title = {{A computer movie simulating urban growth in the Detroit region}},
publisher = {Economic Geography 46:},
pages = {234--240},
year = {1970}
}
@book{ward:gled:2008,
author = {M.~D. {Ward and K.~S. Gleditsch}},
title = {{Spatial Regression Models}},
publisher = {Sage Thousand Oaks CA},
year = {2008}
}
@book{weidmann10geography,
author = {N.~B. {Weidmann, D.~Kuse, and K.~S. Gleditsch}},
title = {{The geography of the international system: The CShapes dataset}},
publisher = {International Interactions 36 (1)},
year = {2010}
}



