


@InCollection{ramos2019,
  author    = {Ramos-Guajardo, A.B. and Blanco-Fern\'{a}ndez, A. and Gonz\'{a}lez-Rodr\'{i}guez, G.},
  booktitle = {Soft Modeling in Industrial Manufacturing},
  title     = {Applying statistical methods with imprecise data to quality control in cheese manufacturing},
  editor    = {Grzegorzewski, P. and Kochanski, A. and Kacprzyk, J.},
  pages     = {127--147},
  publisher = {Springer},
  year      = {2019},
  url = {https://doi.org/10.1007/978-3-030-03201-2_8}
}


@Book{ban_coroianu_pg,
  author    = {A.I. Ban and L. Coroianu and P. Grzegorzewski},
  title     = {Fuzzy Numbers: Approximations, Ranking and Applications},
  publisher = {Polish Academy of Sciences},
  address   = {Warsaw},
  year      = {2015},
}



@InCollection{romaniuk2019,
  author    = {Romaniuk, M.},
  booktitle = {Stochastic Models, Statistics and Their Applications},
  title     = {On Some Applications of Simulations in Estimation of Maintenance Costs and in Statistical Tests for Fuzzy Settings},
  editor    = {A. Steland and E. Rafaj{\l}owicz and O. Okhrin},
  pages     = {437--448},
  publisher = {Springer International Publishing},
  year      = {2019},
    url = {https://doi.org/10.1007/978-3-030-28665-1_33}
}

@Book{EfroTibs93,
  author    = {Bradley Efron and Robert J. Tibshirani},
  title     = {An Introduction to the Bootstrap},
  number    = {57},
  publisher = {Chapman \& Hall/CRC},
  series    = {Monographs on Statistics and Applied Probability},
  address   = {Boca Raton, Florida, USA},
  year      = {1993},
}

@Book{davison_hinkley_1997,
  author     = {Davison, A. C. and Hinkley, D. V.},
  title      = {Bootstrap Methods and their Application},
  url        = {https://doi.org/10.1017/CBO9780511802843},
  publisher  = {Cambridge University Press},
  series     = {Cambridge Series in Statistical and Probabilistic Mathematics},
  collection = {Cambridge Series in Statistical and Probabilistic Mathematics},
  place      = {Cambridge},
  year       = {1997},
}

@Article{gil,
  author  = {Gil, M.A. and Montenegro, M. and Gonz\'{a}lez-Rodr\'{i}guez, G. and Colubi, A. and Casals, M.R.},
  title   = {Bootstrap approach to the multi-sample test of means with imprecise data},
  pages   = {148--162},
  volume  = {51},
  issue = {1},
  journal = {Computational Statistics and Data Analysis},
  year    = {2006},
  url = {https://doi.org/10.1016/j.csda.2006.04.018}
}





@Article{COROIANU201326,
  author   = {Lucian Coroianu and Marek Gagolewski and Przemyslaw Grzegorzewski},
  title    = {Nearest piecewise linear approximation of fuzzy numbers},
  url      = {https://doi.org/10.1016/j.fss.2013.02.005},
  issn     = {0165-0114},
  pages    = {26-51},
  volume   = {233},
  journal  = {Fuzzy Sets and Systems},
  keywords = {Approximation of fuzzy numbers, Fuzzy number, Piecewise linear approximation},
  year     = {2013},
}



@Article{Couso2014,
  author  = {Couso, I. and Dubois, D.},
  title   = {Statistical reasoning with set-valued information: Ontic vs. epistemic views},
  pages   = {1502--1518},
  volume  = {55},
  issue = {7},
  journal = {International Journal of Approximate Reasoning},
  year    = {2014},
  doi = {j.ijar.2013.07.002},
  url = {https://doi.org/10.1016/j.ijar.2013.07.002}
}

@InCollection{grzegorzewski2021,
  author    = {Przemyslaw Grzegorzewski and Maciej Romaniuk},
  booktitle = {Joint Proceedings of IFSA-EUSFLAT-AGOP 2021 Conferences},
  title     = {Epistemic bootstrap for fuzzy data},
  pages     = {538--545},
  publisher = {Atlantis Press},
  year      = {2021},
  url = {https://doi.org/10.2991/asum.k.210827.071}
}



@Article{grzegorzewski_amcs2020,
  author  = {Grzegorzewski, P. and Hryniewicz, O. and Romaniuk, M.},
  title   = {Flexible resampling for fuzzy data},
  pages   = {281--297},
  volume  = {30},
  number = {2},
  journal = {International Journal of Applied Mathematics and Computer Science},
  year    = {2020},
  url = {https://doi.org/10.34768/amcs-2020-0022}
}

@Article{romaniuk_hryniewicz,
  author  = {Romaniuk, M. and Hryniewicz, O.},
  title   = {Interval-based, nonparametric approach for resampling of fuzzy numbers},
  pages   = {5883--5903},
  volume  = {23},
  journal = {Soft Computing},
  year    = {2019},
  url = {https://doi.org/10.1007/s00500-018-3251-5}
}






@incollection{Trutschnig2013,
  author    = {Trutschnig, Wolfgang and Lubiano, Mar{\'i}a Asunci{\'o}n and Lastra, Julia},
  booktitle = {Towards Advanced Data Analysis by Combining Soft Computing and Statistics},
  title     = {{SAFD} --- An {R} Package for Statistical Analysis of Fuzzy Data},
  url       = {https://doi.org/10.1007/978-3-642-30278-7_10},
  editor    = {Borgelt, Christian and Gil, Mar{\'i}a {\'A}ngeles and Sousa, Jo{\~a}o M.C. and Verleysen, Michel},
  pages     = {107--118},
  publisher = {Springer Berlin Heidelberg},
  address   = {Berlin, Heidelberg},
  year      = {2013},
  
}




@Article{LUBIANO2016918,
  author  = {Lubiano, M. A. and Montenegro, M. and Sinova, B. and de la Rosa de S{\'{a}}a, S. and Gil, M. A.},
  title   = {Hypothesis testing for means in connection with fuzzy rating scale-based data: algorithms and applications},
  pages   = {918--929},
  volume  = {251},
  issue = {3},
  journal = {European Journal of Operational Research},
  year    = {2016},
  url = {https://doi.org/10.1016/j.ejor.2015.11.016}
}



@InProceedings{GrzegorzewskiRom2021,
  author="Grzegorzewski, Przemyslaw
  and Romaniuk, Maciej",
  editor="Atanassov, Krassimir T.
  and Atanassova, Vassia
  and Kacprzyk, Janusz
  and Ka{\l}uszko, Andrzej
  and Krawczak, Maciej
  and Owsi{\'{n}}ski, Jan W.
  and Sotirov, Sotir S.
  and Sotirova, Evdokia
  and Szmidt, Eulalia
  and Zadro{\.{z}}ny, S{\l}awomir",
  title="Bootstrap Methods for Fuzzy Data",
  booktitle="Uncertainty and Imprecision in Decision Making and Decision Support: New Advances, Challenges, and Perspectives",
  year="2022",
  publisher="Springer International Publishing",
  address="Cham",
  pages="28--47",
        url = "https://doi.org/10.1007/978-3-030-95929-6_3"
  }






@InProceedings{10.1007/978-3-031-08974-9_39,
author="Grzegorzewski, Przemyslaw
and Romaniuk, Maciej",
editor="Ciucci, Davide
and Couso, In{\'e}s
and Medina, Jes{\'u}s
and {\'{S}}l{\k{e}}zak, Dominik
and Petturiti, Davide
and Bouchon-Meunier, Bernadette
and Yager, Ronald R.",
title="Bootstrapped {K}olmogorov-{S}mirnov Test for Epistemic Fuzzy Data",
booktitle="Information Processing and Management of Uncertainty in Knowledge-Based Systems",
year="2022",
publisher="Springer International Publishing",
address="Cham",
pages="494--507",
url = "https://doi.org/10.1007/978-3-031-08974-9_39"
}

@Manual{FuzzySimRes,
    title = {FuzzySimRes: Simulation and Resampling Methods for Epistemic Fuzzy Data},
    author = {Maciej Romaniuk and Przemyslaw Grzegorzewski and Abbas Parchami},
    note = {{R} package version 0.4.0},
    year = {2024},
    url = {https://CRAN.R-project.org/package=FuzzySimRes}
}

@Manual{FuzzyResampling,
    title = {FuzzyResampling: Resampling Methods for Triangular and Trapezoidal Fuzzy Numbers},
    author = {Maciej Romaniuk and Przemyslaw Grzegorzewski and Olgierd Hryniewicz},
    note = {{R} package version 0.6.0},
    year = {2022},
    url = {https://CRAN.R-project.org/package=FuzzyResampling}
}
  
  
@article{fuzzyResamplingArt,
  	author =   {Maciej Romaniuk and Przemyslaw Grzegorzewski},
  	title =    {Resampling Fuzzy Numbers with Statistical Applications: {F}uzzy{R}esampling Package},
  	journal =  {The R Journal},
  	year =     {2023},
  	volume = {15},
  	  issue = {1},
  	  pages = {271--283},
  	 url = {https://doi.org/10.32614/RJ-2023-036}
  	  }
}
  
  
@article{FARAZ20102684,
  title = {An application of fuzzy random variables to control charts},
  journal = {Fuzzy Sets and Systems},
  volume = {161},
  number = {20},
  pages = {2684--2694},
  year = {2010},
  issn = {0165-0114},
  url = {https://doi.org/10.1016/j.fss.2010.05.004},
  author = {Alireza Faraz and Arnold F. Shapiro}
}


@article{pgmr2022,
	title={Bootstrap methods for epistemic fuzzy data},
	  author={Przemyslaw Grzegorzewski and Maciej Romaniuk},
	  year={2022},
	  volume = {32},
	  number = {2},
	  pages = {285--297},
	  journal ={International Journal of Applied Mathematics and Computer Science},
	  url = {https://doi.org/10.34768/amcs-2022-0021}
}


@Article{Coroianu2019,
author={Coroianu, Lucian
and Gagolewski, Marek
and Grzegorzewski, Przemyslaw},
title={Piecewise linear approximation of fuzzy numbers: algorithms, arithmetic operations and stability of characteristics},
journal={Soft Computing},
year={2019},
month={Oct},
day={01},
volume={23},
number={19},
pages={9491-9505},
url = {https://doi.org/10.1007/s00500-019-03800-2}
}

@article{Baez2012,
	author = {A.D. B\'{a}ez-S\'{a}nchez and A.C. Moretti and M.A. Rojas-Medar},
	title = {On polygonal fuzzy sets and numbers},
	journal = {Fuzzy Sets and Systems},
	volume = {209},
	pages = {54-65},
	year = {2012},
	url = {https://doi.org/10.1016/j.fss.2012.04.003}
}

@article{Kruse1982,
	AUTHOR = {Kruse, R.},
	TITLE = {The strong law of large numbers for fuzzy random variables},
	journal = {Information Sciences},
	volume = {28},
	issue = {3},
	year = {1982},
	pages = {233--241},
	url = {https://doi.org/10.1016/0020-0255(82)90049-4}
}


@article{Kwakernaak,
	AUTHOR = {Kwakernaak, H.},
	TITLE = {Fuzzy random variables, Part {I}: Definitions and theorems},
	journal = {Information Sciences},
	volume = {15},
	issue = {1},
	year = {1978},
	pages = {1--15},
	url = {https://doi.org/10.1016/0020-0255(78)90019-1}
}

@article{PURI1986409,
title = {Fuzzy random variables},
journal = {Journal of Mathematical Analysis and Applications},
volume = {114},
number = {2},
pages = {409-422},
year = {1986},
issn = {0022-247X},
url = {https://doi.org/10.1016/0022-247X(86)90093-4},
author = {Madan L. Puri and Dan A. Ralescu},
abstract = {In this paper we define the concepts of fuzzy random variable and the expectation of a fuzzy random variable. The new definition of expectation generalizes the integral of a set-valued function. We derive some properties of these new concepts. By considering a suitable generalization of the Hausdorff metric, we derive the Lebesgue-dominated convergence type theorem.}
}


@Article{palassoArt,
    title = {Sparse classification with paired covariates},
    author = {Armin Rauschenberger and Iuliana Ciocanea-Teodorescu and Renee X. Menezes and Marianne A. Jonker and Mark A. {van de Wiel}},
    journal = {Advances in Data Analysis and Classification},
    volume = {14},
    pages={571--588},
    year = {2020},
    url = {https://doi.org/10.1007/s11634-019-00375-6},
}


 
@Manual{palasso,
      title = {palasso: Paired Lasso Regression},
      author = {Armin Rauschenberger},
      note = {{R} package version 0.0.8},
      year = {2021},
      url = {https://CRAN.R-project.org/package=palasso}
}



@Book{ISLR,
  author    = {Gareth James and Daniela Witten and Trevor Hastie and Robert Tibshirani},
  title     = {An Introduction to Statistical Learning with Applications in R},
  publisher = {Springer New York},
  address   = {New York},
  year      = {2021},
  url = {https://doi.org/10.1007/978-1-0716-1418-1}
}


@Manual{FuzzyNumbersMan,
    title = {FuzzyNumbers Package: Tools to Deal with Fuzzy Numbers in R},
    author = {Marek Gagolewski and Jan Caha},
    year = {2021},
    url = {https://github.com/gagolews/FuzzyNumbers/},
  }
  
  
@Manual{FuzzySTsMan,
    title = {FuzzySTs: Fuzzy Statistical Tools},
    author = {Redina Berkachy and Laurent Donz{\'e}},
    year = {2020},
    note = {R package version 0.2},
    url = {https://CRAN.R-project.org/package=FuzzySTs},
  }
  
@Manual{RMan,
    title = {R: A Language and Environment for Statistical Computing},
    author = {{R Core Team}},
    organization = {R Foundation for Statistical Computing},
    address = {Vienna, Austria},
    year = {2023},
    url = {https://www.R-project.org/},
  }
  
  
  
@article{FRV,
  author = {Parchami, Abbas and Grzegorzewski, Przemys{\l}aw and Romaniuk, Maciej},
  title = {Statistical simulations with {LR} random fuzzy numbers},
  journal = {Statistical Papers},
  year = {2024},
  note = {(in print)},
  url = {https://doi.org/10.1007/s00362-024-01533-5}
}


@article{PGMR2024AMS,
  author  = {P. Grzegorzewski and M. Romaniuk},
  title   = {Bootstrapped tests for epistemic fuzzy data},
  journal = {International Journal of Applied Mathematics and Computer Science},
  volume = {34},
  note = {(in print)},
  year    = {2024}
}


@article{HEILPERN199281,
title = {The expected value of a fuzzy number},
journal = {Fuzzy Sets and Systems},
volume = {47},
number = {1},
pages = {81-86},
year = {1992},
issn = {0165-0114},
url = {https://www.sciencedirect.com/science/article/pii/0165011492900629},
author = {Stanis{\l}aw Heilpern},
keywords = {Fuzzy number, interval random set, expected interval, expected value}
}



@Manual{FuzzyStatTraMan,
    title = {FuzzyStatTra: Statistical Methods for Trapezoidal Fuzzy Numbers},
    author = {Asun Lubiano and Sara de la Rosa de Saa},
    year = {2017},
    note = {R package version 0.1},
    url = {https://CRAN.R-project.org/package=FuzzyStatTra},
}
  
  
@InProceedings{Berkachy2019,
author="Berkachy, R{\'e}dina
and Donz{\'e}, Laurent",
editor="Meier, Andreas
and Portmann, Edy
and Ter{\'a}n, Luis",
title="Testing Hypotheses by Fuzzy Methods: A Comparison with the Classical Approach",
bookTitle="Applying Fuzzy Logic for the Digital Economy and Society",
year="2019",
publisher="Springer International Publishing",
address="Cham",
pages="1--22",
url="https://doi.org/10.1007/978-3-030-03368-2_1"
}


@article{GONZALEZRODRIGUEZ2009642,
title = {Simulation of fuzzy random variables},
journal = {Information Sciences},
volume = {179},
number = {5},
pages = {642-653},
year = {2009},
issn = {0020-0255},
url = {https://doi.org/10.1016/j.ins.2008.10.018},
author = {Gil Gonz\'{a}lez-Rodr\'{i}guez and Ana Colubi and Wolfgang Trutschnig}
}


@article{COLUBI2009344,
title = {Statistical inference about the means of fuzzy random variables: Applications to the analysis of fuzzy- and real-valued data},
journal = {Fuzzy Sets and Systems},
volume = {160},
number = {3},
pages = {344-356},
year = {2009},
url = {https://doi.org/10.1016/j.fss.2007.12.019},
author = {Ana Colubi}
}

@Article{Montenegro2004,
author={Montenegro, Manuel
and Colubi, Ana
and Rosa Casals, Mar{\'i}a
and {\'A}ngeles Gil, Mar{\'i}a},
title={Asymptotic and Bootstrap techniques for testing the expected value of a fuzzy random variable},
journal={Metrika},
year={2004},
volume={59},
number={1},
pages={31-49},
url={https://doi.org/10.1007/s001840300270}
}

@Manual{SimPLFNMan,
    title = {Sim.PLFN: Simulation of Piecewise Linear Fuzzy Numbers},
    author = {Abbas Parchami},
    year = {2017},
    note = {R package version 1.0},
    url = {https://CRAN.R-project.org/package=Sim.PLFN}
}


@ARTICLE{7295579,

  author={Sinova, Beatriz and Gil, Mar\'{i}a \.{A}ngeles and Van Aelst, Stefan},

  journal={IEEE Transactions on Fuzzy Systems}, 

  title={M-Estimates of Location for the Robust Central Tendency of Fuzzy Data}, 

  year={2016},

  volume={24},

  number={4},

  pages={945-956},

  url={https://10.1109/TFUZZ.2015.2489245}}


@article{Hesamian2013,
title = {Linear rank tests for two-sample fuzzy data: a p-value approach},
journal = {Journal of Uncertain Systems},
volume = {7},
number={2},
pages = {129--137},
year = {2013},
author = {Hesamian, G.  and Taheri, S.M.}
}

@book{Gibbons2010,
	author =   {Jean Dickinson Gibbons and Subhabrata Chakraborti},
	title =    {Nonparametric Statistical Inference},
	publisher ={Chapman and Hall/CRC},
	year =     {2010}
}



@article{lubiano2017,
	author = {Lubiano, M. A. and Salas, A. and Carleos, C. and de la Rosa de S{\'a}a, S. and Gil, M. A.},
	title = {Hypothesis testing-based comparative analysis between rating scales for intrinsically imprecise data},
	journal = {International Journal of Approximate Reasoning},
	volume = {88},
	year = {2017},
	pages = {128--147},
	url={https://doi.org/10.1016/j.ijar.2017.05.007}
}




@Inbook{Ramos-Guajardo2019,
author="Ramos-Guajardo, Ana Bel{\'e}n
and Blanco-Fern{\'a}ndez, {\'A}ngela
and Gonz{\'a}lez-Rodr{\'i}guez, Gil",
editor="Grzegorzewski, Przemyslaw
and Kochanski, Andrzej
and Kacprzyk, Janusz",
title="Applying Statistical Methods with Imprecise Data to Quality Control in Cheese Manufacturing",
bookTitle="Soft Modeling in Industrial Manufacturing",
year="2019",
publisher="Springer International Publishing",
address="Cham",
pages="127--147",
url="https://doi.org/10.1007/978-3-030-03201-2_8"
}

