@Article{bischl_2015,
  title = {{{BatchJobs}} and {{BatchExperiments}}: {{Abstraction Mechanisms}} for {{Using R}} in {{Batch Environments}}},
  volume = {64},
  issn = {1548-7660},
  number = {11},
  journal = {Journal of Statistical Software},
  author = {Bernd Bischl and Michel Lang and Olaf Mersmann and J{\"o}rg Rahnenf{\"u}hrer and Claus Weihs},
  year = {2015},
  pages = {1--25},
  url = {https://doi.org/10.18637/jss.v064.i11},
}

@Misc{wickham_2017-1,
  title = {Tibble: {{Simple Data Frames}}},
  shorttitle = {Tibble},
  url = {https://cran.r-project.org/package=tibble},
  author = {Hadley Wickham and Romain Francois and Kirill M{\"u}ller and {RStudio}},
  year = {2017},
}

@Misc{rcoreteam_2016,
  title = {Writing {{R Extensions}}},
  url = {https://cran.r-project.org/doc/manuals/r-release/R-exts.html},
  publisher = {{R Foundation for Statistical Computing}},
  author = {{R Core Team}},
  year = {2016},
}

@Misc{fischetti_2016,
  title = {Assertive {{Programming}} for {{R Analysis Pipelines}}},
  url = {https://cran.r-project.org/package=assertr},
  author = {Tony Fischetti},
  year = {2016},
  note = {R package version 1.0.2},
}

@Misc{cotton_2016,
  title = {Assertive: {{Readable Check Functions}} to {{Ensure Code Integrity}}},
  url = {https://cran.r-project.org/package=assertive},
  author = {Richard Cotton},
  year = {2016},
  note = {R package version 0.3-5},
}

@Misc{mersmann_2015,
  title = {Microbenchmark: {{Accurate Timing Functions}}},
  url = {https://cran.r-project.org/package=microbenchmark},
  author = {Olaf Mersmann},
  year = {2015},
  note = {R package version 1.4-2.1},
}

@Misc{wickham_2017,
  title = {Assertthat: {{Easy}} Pre and Post Assertions},
  url = {https://cran.r-project.org/package=assertthat},
  author = {Hadley Wickham},
  year = {2017},
  note = {R package version 0.2},
}

@Article{wickham_2011,
  title = {Testthat: {{Get Started}} with {{Testing}}},
  volume = {3},
  number = {1},
  url = {https://journal.r-project.org/archive/2011-1/RJournal_2011-1_Wickham.pdf},
  journal = {The R Journal},
  author = {Hadley Wickham},
  year = {2011},
  pages = {5--10},
}

@Misc{wickham_2016,
  title = {Dplyr: {{A Grammar}} of {{Data Manipulation}}},
  url = {https://cran.r-project.org/package=dplyr},
  author = {Hadley Wickham and Romain Francois},
  year = {2016},
  note = {R package version 0.5.0},
}

@Article{bischl_2016,
  title = {Mlr: {{Machine Learning}} in {{R}}},
  volume = {17},
  shorttitle = {Mlr},
  number = {170},
  url = {http://www.jmlr.org/papers/v17/15-066.html},
  journal = {Journal of Machine Learning Research},
  author = {Bernd Bischl and Michel Lang and Lars Kotthoff and Julia Schiffner and Jakob Richter and Erich Studerus and Giuseppe Casalicchio and Zachary M. Jones},
  year = {2016},
  pages = {1--5},
}

@Misc{bache_2014,
  title = {Magrittr: {{A Forward}}-{{Pipe Operator}} for {{R}}},
  shorttitle = {Magrittr},
  url = {https://cran.r-project.org/package=magrittr},
  author = {Stefan Milton Bache and Hadley Wickham},
  year = {2014},
}

@Misc{dowle_2017,
  title = {Data.Table: {{Extension}} of 'Data.Frame'},
  shorttitle = {Data.Table},
  url = {https://cran.r-project.org/package=data.table},
  author = {Matt Dowle and Arun Srinivasan and Jan Gorecki and Tom Short and Steve Lianoglou and Eduard Antonyan},
  year = {2017},
}

@Article{batchtools,
  title = {Batchtools: {{Tools}} for {{R}} to Work on Batch Systems},
  volume = {2},
  issn = {2475-9066},
  shorttitle = {Batchtools},
  number = {10},
  journal = {The Journal of Open Source Software},
  author = {Michel Lang and Bernd Bischl and Dirk Surmann},
  year = {2017},
  url = {https://doi.org/10.21105/joss.00135},
}

@InCollection{beyer_2015,
  title = {Benchmarking and {{Resource Measurement}}},
  booktitle = {Model {{Checking Software}}},
  publisher = {Springer-Verlag},
  author = {Dirk Beyer and Stefan L{\"o}we and Philipp Wendler},
  year = {2015},
  pages = {160--178},
  url = {https://doi.org/10.1007/978-3-319-23404-5_12},
}
