@Article{Bartlett1947,
  title = {The Use of Transformations},
  author = {M. S. Bartlett},
  journal = {Biometrics},
  year = {1947},
  pages = {39--52},
  volume = {3},
  number = {1},
  url = {http://dx.doi.org/10.2307/3001536},
}

@Article{Bickel1981,
  title = {An Analysis of Transformations Revisited},
  author = {P. J. Bickel and Kjell A. Doksum},
  journal = {Journal of the American Statistical Association},
  year = {1981},
  pages = {296--311},
  volume = {76},
  number = {374},
  url = {https://www.tandfonline.com/doi/abs/10.1080/01621459.1981.10477649},
}

@Article{Box1964,
  title = {An Analysis of Transformations},
  author = {George E. P. Box and D. R. Cox},
  journal = {Journal of the Royal Statistical Society B},
  year = {1964},
  number = {2},
  pages = {211--252},
  volume = {26},
  url = {http://citeseerx.ist.psu.edu/viewdoc/summary?doi=10.1.1.321.3819},
}

@Article{Breusch1979,
  title = {A Simple Test for Heteroscedasticity and Random Coefficient Variation},
  author = {T. S. Breusch and A. R. Pagan},
  journal = {Econometrica},
  year = {1979},
  pages = {1287--1294},
  volume = {47},
  number = {5},
  url = {https://www.jstor.org/stable/1911963},
}

@Manual{Croissant2016,
  title = {Ecdat: Data Sets for Econometrics},
  author = {Yves Croissant},
  year = {2016},
  note = {R package version 0.3-1},
  url = {https://CRAN.R-project.org/package=Ecdat},
}

@Manual{Dag2017,
  title = {AID: Box-Cox Power Transformation},
  author = {Osman Dag and Ozgur Asar and Ozlem Ilk},
  year = {2017},
  note = {R package version 2.3},
  url = {https://CRAN.R-project.org/package=AID},
}

@Article{Durbin2002,
  title = {A Variance-Stabilizing Transformation for Gene-Expression Microarray Data},
  author = {Blythe P. Durbin and Johanna S. Hardin and Douglas M. Hawkins and David M. Rocke},
  journal = {Bioinformatics},
  year = {2002},
  pages = {105--110},
  volume = {18},
  number = {1},
  url = {https://doi.org/10.1093/bioinformatics/18.suppl_1.S105},
}

@Article{Feng2016,
  title = {A Note on Automatic Data Transformation},
  author = {Qing Feng and Jan Hannig and James Stephen Marron},
  journal = {Stat},
  year = {2016},
  number = {1},
  pages = {82--87},
  volume = {5},
  url = {https://onlinelibrary.wiley.com/doi/abs/10.1002/sta4.104},
}

@Manual{Fernandez2014,
  title = {Johnson: Johnson Transformation},
  author = {Edgar Santos Fernandez},
  year = {2014},
  note = {R package version 1.4},
  url = {https://CRAN.R-project.org/package=Johnson},
}

@Book{Fox2011,
  title = {An R Companion to Applied Regression},
  author = {John Fox and Sanford Weisberg},
  publisher = {SAGE Publications},
  year = {2011},
  address = {Thousand Oaks},
}

@Article{Hossain2011,
  author = {Mohammad Zakir Hossain},
  title = {The Use of {B}ox-{C}ox Transformation Technique in Economic and Statistical Analyses},
  journal = {Journal of Emerging Trends in Economics and Management Sciences},
  year = {2011},
  volume = {2},
  number = {1},
  pages = {32--39},
  url = {https://journals.co.za/content/sl_jetems/2/1/EJC133850},
}

@Article{Hothorn2018,
  author = {T. Hothorn and L. Möst and P. Bühlmann},
  title = {Most Likely Transformations},
  journal = {Scandinavian Journal of Statistics},
  year = {2018},
  volume = {45},
  number = {1},
  pages = {110--134},
  url = { https://doi.org/10.1111/sjos.12291},
}

@Article{John1980,
  author = {J. A. John and N. R. Draper},
  title = {An Alternative Family of Transformations},
  journal = {Journal of the Royal Statistical Society C},
  year = {1980},
  volume = {29},
  number = {2},
  pages = {190--197},
  url = {https://www.jstor.org/stable/2986305},
}

@Article{Kuhn2008,
  title = {Building Predictive Models in {R} Using the Caret Package},
  author = {Max Kuhn},
  journal = {Journal of Statistical Software},
  year = {2008},
  number = {5},
  pages = {1--26},
  volume = {28},
  url = {https://www.jstatsoft.org/article/view/v028i05},
}

@Article{Manly1976,
  title = {Exponential Data Transformations},
  author = {B. F. J. Manly},
  journal = {Journal of the Royal Statistical Society D},
  year = {1976},
  pages = {37--42},
  volume = {25},
  number = {1},
  url = {https://www.jstor.org/stable/2988129},
}

@Manual{Medina2017,
  title = {Trafo: Estimation, Comparison and Selection of Transformations},
  author = {Lily Medina and Piedad Castro and Ann-Kristin Kreutzmann and Natalia Rojas-Perilla},
  year = {2018},
  note = {R package version 1.0.0},
  url = {https://CRAN.R-project.org/package=trafo},
}

@Article{Molina2015,
  title = {Sae: An {R} Package for Small Area Estimation},
  author = {Isabel Molina and Yolanda Marhuenda},
  journal = {The R Journal},
  year = {2015},
  number = {1},
  volume = {7},
  pages = {81--98},
  url = {https://journal.r-project.org/archive/2015/RJ-2015-007},
}

@Article{Morozova2016,
  title = {Monotonic Non-Linear Transformations as a Tool to Investigate Age-Related Effects on Brain White Matter Integrity: A {B}ox-{C}ox Investigation},
  author = {Maria Morozova and Karl Koschutnig and Elise Klein and Guilherme Wood},
  journal = {NeuroImage},
  year = {2016},
  pages = {1119--1130},
  volume = {125},
  url = {https://doi.org/10.1016/j.neuroimage.2015.08.003},
}

@Article{Nelder1972,
  title = {Generalized Linear Models},
  author = {J. A. Nelder and R. W. M. Wedderburn},
  journal = {Journal of the Royal Statistical Society A},
  year = {1972},
  pages = {370--384},
  volume = {135},
  number = {3},
  url = {https://www.jstor.org/stable/2344614},
}

@Article{Ribeiro2016,
  author = {P. J. {Ribeiro Jr.} and P. J. Diggle},
  title = {{geoR}: Analysis of Geostatistical Data},
  journal = {R News},
  year = {2016},
  volume = {1},
  number = {2},
  pages = {15--18},
  url = {http://citeseerx.ist.psu.edu/viewdoc/download?doi=10.1.1.464.3971&rep=rep1&type=pdf},
}

@PhdThesis{Rojas-Perilla2018,
  author = {Natalia Rojas-Perilla},
  title = {The {U}se of {D}ata-{D}riven {T}ransformations and Their {A}pplication in {S}mall {A}rea {E}stimation},
  school = {Freie Universit{\"a}t Berlin},
  year = {2018},
  url = {http://dx.doi.org/10.17169/refubium-1006},
}

@Article{Shapiro1965,
  title = {An Analysis of Variance Test for Normality},
  author = {S. S. Shapiro and M. B. Wilk},
  journal = {Biometrika},
  year = {1965},
  pages = {591--611},
  volume = {52},
  number = {3/4},
  url = {https://www.jstor.org/stable/2333709},
}

@Article{Taylor1985,
  title = {Power Transformations to Symmetry},
  author = {J. M. G. Taylor},
  journal = {Biometrika},
  year = {1985},
  pages = {145--152},
  volume = {72},
  number = {1},
  url = {https://doi.org/10.1093/biomet/72.1.1450},
}

@Book{Tukey1977,
  title = {Exploratory Data Analysis},
  author = {John W. Tukey},
  publisher = {Pearson},
  address = {London},
  year = {1977},
}

@Book{Venables2002,
  title = {Modern Applied Statistics with {S}},
  publisher = {Springer-Verlag},
  year = {2002},
  author = {W. N. Venables and B. D. Ripley},
  address = {New York},
  url = {10.1007/978-0-387-21706-2},
}

@Manual{Wang2015,
  title = {Jtrans: Johnson Transformation for Normality},
  author = {Yuchen Wang},
  year = {2015},
  note = {R package version 0.2.1},
  url = {https://CRAN.R-project.org/package=jtrans},
}

@Article{Whittaker2005,
  title = {The Neglog Transformation and Quantile Regression for the Analysis of a Large Credit Scoring Database},
  author = {Joe Whittaker and Chris Whitehead and Mark Somers},
  journal = {Journal of the Royal Statistical Society C},
  year = {2005},
  pages = {863--878},
  volume = {54},
  number = {4},
  url = {doi:10.1111/j.1467-9876.2005.00520.x},
}

@Article{Yang2006,
  title = {A Modified Family of Power Transformations},
  author = {Z. Yang},
  journal = {Economics Letters},
  year = {2006},
  pages = {14--19},
  volume = {92},
  number = {1},
  url = {doi:10.1016/j.econlet.2006.01.011},
}

@Article{Yeo2000,
  author = {I.-K. Yeo and R. A. Johnson},
  title = {A New Family of Power Transformations to Improve Normality or Symmetry},
  journal = {Biometrika},
  year = {2000},
  volume = {87},
  number = {4},
  pages = {954--959},
  url = {https://www.jstor.org/stable/2673623},
}

@Article{Rocke2001,
  author = {David M Rocke and Blythe Durbin},
  title = {A Model for Measurement Error for Gene Expression Arrays},
  journal = {Journal of Computational Biology},
  year = {2001},
  volume = {8},
  number = {6},
  pages = {557--569},
  url = {https://doi.org/10.1089/106652701753307485},
}

@Article{Huber2002,
  author = {Wolfgang Huber and Anja {Von Heydebreck} and Holger Sültmann and Annemarie Poustka and Martin Vingron},
  title = {Variance Stabilization Applied to Microarray Data Calibration and to the Quantification of Differential Expression},
  journal = {Bioinformatics},
  year = {2002},
  volume = {18},
  number = {1},
  pages = {96--104},
  url = {https://doi.org/10.1093/bioinformatics/18.suppl_1.S96},
}

@Article{Zarembka1968,
  author = {Paul Zarembka},
  title = {Functional Form in the Demand for Money},
  journal = {Journal of the American Statistical Association},
  year = {1968},
  volume = {63},
  number = {322},
  pages = {502--511},
  url = {https://www.jstor.org/stable/2284021},
}

@InCollection{Zarembka1974,
  Title                    = {Transformation of Variables in Econometrics},
  Author                   = {Paul Zarembka},
  Booktitle                = {The New Palgrave Dictionary of Economics},
  Publisher                = {Palgrave Macmillan},
  Year                     = {1974},
  Address                  = {London},
  Editor                   = {Palgrave Macmillan},
  Pages                    = {1-3},
   Url = {https://doi.org/10.1057/978-1-349-95121-5_1882-1},
}

@Article{Carroll1987,
  author = {Raymond J. Carroll and D. Ruppert},
  title = {Diagnostics and Robust Estimation When Transforming the Regression Model and the Response},
  journal = {Technometrics},
  year = {1987},
  volume = {29},
  number = {3},
  pages = {287--299},
  issue = {(3)},
  publisher = {Taylor \& Francis},
  url = {https://www.tandfonline.com/doi/abs/10.1080/00401706.1987.10488239},
}

@Book{Royston2011,
  title = {Flexible Parametric Survival Analysis Using {Stata}: Beyond the {C}ox Model},
  author = {Patrick Royston and Paul C Lambert and {others}},
  publisher = {Stata Press},
  address = {College Station},
  year = {2011},
}

@Article{cramer1928,
  author = {Harald Cramér},
  title = {On the Composition of Elementary Errors},
  journal = {Scandinavian Actuarial Journal},
  year = {1928},
  volume = {1928},
  number = {1},
  pages = {13--74},
  publisher = {Taylor \& Francis},
  url = {https://doi.org/10.1080/03461238.1928.10416862},
}

@Article{Mills1978,
  author = {Terence C Mills},
  title = {The Functional Form of the UK Demand for Money},
  journal = {Journal of the Royal Statistical Society C},
  year = {1978},
  volume = {27},
  number = {1},
  pages = {52--57},
}

@Article{chang1977,
  author = {Hui-shyong Chang},
  title = {Functional Forms and the Demand for Meat in the {United States}},
  journal = {The Review of Economics and Statistics},
  year = {1977},
  volume = {59},
  number = {3},
  pages = {355--359},
  publisher = {JSTOR},
  url = {https://www.jstor.org/stable/1925054},
}

@Article{ziemer1980,
  author = {Rod F Ziemer and Wesley N Musser and R Carter Hill},
  title = {Recreation Demand Equations: Functional Form and Consumer Surplus},
  journal = {American Journal of Agricultural Economics},
  year = {1980},
  volume = {62},
  number = {1},
  pages = {136--141},
  publisher = {JSTOR},
  url = {https://www.jstor.org/stable/1239482},
}

@Article{vaughan1982,
  author = {William J Vaughan and Clifford S Russell and Michael Hazilla},
  title = {A Note on the Use of Travel Cost Models with Unequal Zonal Populations: Comment},
  journal = {Land Economics},
  year = {1982},
  volume = {58},
  number = {3},
  pages = {400--407},
  publisher = {JSTOR},
  url = {https://www.jstor.org/stable/3145948},
}

@Article{boylan1982,
  author = {TA Boylan and MP Cuddy and IG O'Muircheartaigh},
  title = {Import Demand Equations: An Application of a Generalized {Box-Cox} Methodology},
  journal = {International Statistical Review},
  year = {1982},
  volume = {50},
  number = {1},
  pages = {103-112},
  publisher = {JSTOR},
  url = {https://www.jstor.org/stable/1402461},
}

@Article{Kelmansky2013,
  title = {A New Variance Stabilizing Transformation for Gene Expression Data Analysis},
  author = {Diana M Kelmansky and Elena J Martínez and Víctor Leiva},
  journal = {Statistical Applications in Genetics and Molecular Biology},
  year = {2013},
  pages = {653--666},
  volume = {12},
  number = {6},
  url = {https://doi.org/10.1515/sagmb-2012-0030},
}

@Article{Huber2003,
  author = {Wolfgang Huber and Anja {von Heydebreck} and Holger Sültmann and Annemarie Poustka and Martin Vingron},
  title = {Parameter Estimation for the Calibration and Variance Stabilization of Microarray Data},
  journal = {Statistical Applications in Genetics and Molecular Biology},
  year = {2003},
  volume = {2},
  number = {1},
  pages = {1-24},
  url = {https://doi.org/10.2202/1544-6115.1008},
}

@Article{Tzavidis2018,
  author = {N. Tzavidis and A. L. Hernandez and L. C. Zhang and T. Schmid and N. Rojas-Perilla},
  title = {From Start to Finish: A Framework for the Production of Small Area Official Statistics},
  journal = {Journal of the Royal Statistical Society A},
  year = {2018},
  volume = {181},
  number = {4},
  pages = {927-979},
}

@Article{Rojas-Perilla2017a,
  author = {N. Rojas-Perilla and S. Pannier and T. Schmid and N. Tzavidis},
  title = {Data-Driven Transformations in Small Area Estimation},
  journal = {Journal of the Royal Statistical Society A},
  year = {2019},
  note = {Discussion Paper 30/2017, School of Business and Economics, Freie Universi\"at Berlin},
  howpublished = {Working paper},
  institution = {School of Business and Economics},
}

@Article{schmid2017,
  author = {Timo Schmid and Fabian Bruckschen and Nicola Salvati and Till Zbiranski},
  title = {Constructing Sociodemographic Indicators for National Statistical Institutes by Using Mobile Phone Data: Estimating Literacy Rates in Senegal},
  journal = {Journal of the Royal Statistical Society A},
  year = {2017},
  volume = {180},
  number = {4},
  pages = {1163--1190},
  publisher = {John Wiley \& Sons},
}

@Manual{Peterson2019,
  title = {bestNormalize: Normalizing Transformation Functions},
  author = {Ryan Andrew Peterson},
  year = {2019},
  note = {R package version 3.1},
  url = {https://CRAN.R-project.org/package=bestNormalize},
}

@Manual{Mangiafico2019,
  title = {Rcompanion: Functions to Support Extension Education Program Evaluation},
  author = {Salvatore Mangiafico},
  year = {2019},
  note = {R package version 3.3},
  url = {https://CRAN.R-project.org/package=rcompanion},
}

@Article{Tukey1957,
  author = {J. W Tukey},
  title = {On the Comparative Anatomy of Transformations},
  journal = {Ann. Math. Statist.},
  year = {1957},
  volume = {28},
  number = {3},
  url = {https://www.jstor.org/stable/2237223},
}

@Article{Mosimann2018,
  author = {Markus Mosimann and Linda Frossard and Margreth Keiler and Rolf Weingartner and Andreas Zischg},
  title = {A Robust and Transferable Model for the Prediction of Flood Losses on Household Contents},
  journal = {Multidisciplinary Digital Publishing Institute},
  year = {2018},
  volume = {10},
  number = {11},
  pages = {1596},
  url = {https://doi.org/10.3390/w10111596},
}

@Article{Pek2017,
  author = {J. Pek and O. Wong and C. M. Wong},
  title = {Data Transformations for Inference with Linear Regression: Clarifications and Recommendations},
  journal = {Practical Assessment, Research and Evaluation},
  year = {2017},
  volume = {22},
  number = {9},
  pages = {1--11},
}

@Article{Kolmogorov1933,
  author = {A Kolmogorov},
  title = {Sulla Determinazione Empirica Di Una Legge Di Distributione},
  journal = {Giornale dell'Istituto Italiano degli Attuar},
  year = {1933},
  volume = {4},
  number = {1},
  pages = {1-11},
}

@Article{Smirnov1939,
  author = {N Smirnov},
  title = {Sur Les {\'e}carts De La Courbe De Distribution Empirique},
  journal = {Recueil Mathematique (Matematiceskii Sbornik)},
  year = {1939},
  volume = {6},
  number = {1},
  pages = {3-26},
}

@Article{Kullback1951,
  author = {S. Kullback and R. A. Leibler},
  title = {On Information and Sufficiency},
  journal = {The Annals of Mathematical Statistics},
  year = {1951},
  volume = {22},
  number = {1},
  pages = {79-86},
  publisher = {Institute of Mathematical Statistics},
  url = {https://www.jstor.org/stable/2236703},
}

@Article{Anderson1954,
  author = {T. W. Anderson and D. A. Darling},
  title = {A Test of Goodness of Fit},
  journal = {Journal of the American Statistical Association},
  year = {1954},
  volume = {49},
  number = {268},
  pages = {765-769},
  url = {https://www.jstor.org/stable/2281537},
}

@Book{Berry1993,
  title = {Understanding Regression Assumptions},
  publisher = {SAGE Publications},
  year = {1993},
  author = {William D. Berry},
  address = {Thousand Oaks},
  url = {https://dx.doi.org/10.4135/9781412986427},
}

@Article{Johnson49,
  author = {N. L. Johnson},
  title = {Systems of Frequency Curves Generated by Methods of Translation},
  journal = {Biometrika},
  year = {1949},
  volume = {36},
  number = {1/2},
  pages = {149--176},
  url = {http://www.jstor.org/stable/2332539},
}

@Article{Johnson80,
  author = {Fabian Hernandez and Richard A. Johnson},
  title = {The Large-Sample Behavior of Transformations to Normality},
  journal = {Journal of the American Statistical Association},
  year = {1980},
  volume = {75},
  number = {372},
  pages = {855--861},
  url = {http://www.jstor.org/stable/2287172},
}
