@Article{Beach2017,
  author = {Derek Beach},
  file = {:Users/carstenschneider/Library/Application Support/Mendeley Desktop/Downloaded/Beach - 2017 - Achieving Methodological Alignment when Combining QCA and Process-Tracing in Practice.pdf:pdf},
  issn = {0049-1241},
  journal = {Sociological Methods {\&} Research},
  title = {{Achieving Methodological Alignment When Combining QCA and Process-Tracing in Practice}},
  volume = {online first},
  year = {2017},
  url = {https://doi.org/10.1177/0049124117701475},
}

@Article{Beach2016,
  author = {D. Beach and R. B. Pedersen},
  file = {:home/carsten/.local/share/data/Mendeley Ltd./Mendeley Desktop/Downloaded/Beach, Pedersen - 2016 - Selecting Appropriate Cases When Tracing Causal Mechanisms.pdf:pdf},
  issn = {0049-1241},
  journal = {Sociological Methods {\&} Research},
  pages = {1--35},
  title = {{Selecting Appropriate Cases When Tracing Causal Mechanisms}},
  year = {2016},
  url = {https://doi.org/10.1177/0049124115622510},
}

@Article{Garcia-Castro2016,
  author = {Roberto Garc\'{i}a-Castro and Miguel A. Arino},
  file = {:home/carsten/.local/share/data/Mendeley Ltd./Mendeley Desktop/Downloaded/Garc{\'{i}}a-Castro, Arino - 2013 - A General Approach to Panel Data Set-Theoretic Research.pdf:pdf;:home/carsten/.local/share/data/Mendeley Ltd./Mendeley Desktop/Downloaded/Garc{\'{i}}a-Castro, Arino - 2016 - A General Approach to Panel Data Set-Theoretic Research.pdf:pdf},
  journal = {Journal of Advances in Management Sciences {\&} Information Systems},
  pages = {63--76},
  title = {{A General Approach to Panel Data Set-Theoretic Research}},
  volume = {2},
  year = {2016},
}

@Unpublished{Cronqvist2011,
  address = {Trier, Germany},
  author = {Lasse Cronqvist},
  institution = {University of Trier},
  title = {{Tosmana: Tool for Small-n Analysis, Version 1.3.2.0 [Computer Program]}},
  year = {2011},
  note = {Record ID: 8880},
}

@Book{Goertz2011,
  address = {Princeton, N.J},
  author = {Gary Goertz and James Mahoney},
  file = {:Users/carstenschneider/Library/Application Support/Mendeley Desktop/Downloaded/Goertz, Mahoney - 2012 - A tale of two cultures contrasting qualitative and quantitative paradigms.pdf:pdf},
  mendeley-groups = {syllabus{\_}comp{\_}case},
  publisher = {Princeton University Press},
  title = {{A Tale of Two Cultures: Contrasting Qualitative and Quantitative Paradigms}},
  year = {2012},
}

@Article{Dusa2007,
  author = {Adrian Dusa},
  file = {:Users/carstenschneider/Library/Application Support/Mendeley Desktop/Downloaded/Dusa - 2009 - Package â€˜ QCAGUI '(2).pdf:pdf},
  journal = {Journal of Business Research},
  number = {5},
  pages = {576--586},
  title = {{User Manual for the QCA(GUI) Package in R}},
  volume = {60},
  year = {2007},
}

@PhdThesis{Maerz2017,
  address = {Doctoral Dissertation, Central European University},
  school = {Central European University},
  author = {Seraphine Maerz},
  title = {{The Many Faces of Authoritarian Persistence}},
  year = {2017},
}

@Article{Medzihorsky2016,
  author = {Juraj Medzihorsky and Ioana-Elena Oana and Mario Quaranta and Carsten Q. Schneider},
  journal = {https://cran.r-project.org/web/{\%}0Apackages/SetMethods/index.html},
  title = {{SetMethods: Functions for Set-Theoretic Multi-Method Research and Advanced QCA, R Package, Version 2.1}},
  year = {2016},
}

@Article{Mikkelsen2015a,
  author = {K. S. Mikkelsen},
  file = {:home/carsten/.local/share/data/Mendeley Ltd./Mendeley Desktop/Downloaded/Mikkelsen - 2015 - Fuzzy-set Case Studies.pdf:pdf},
  issn = {0049-1241},
  journal = {Sociological Methods {\&} Research},
  number = {3},
  pages = {422--455},
  title = {{Fuzzy-Set Case Studies}},
  volume = {46},
  year = {2017},
  url = {https://doi.org/10.1177/0049124115578032},
}

@Article{Mikkelsen2015b,
  author = {K. S. Mikkelsen},
  file = {:home/carsten/.local/share/data/Mendeley Ltd./Mendeley Desktop/Downloaded/Mikkelsen - 2015 - Negative Case Selection Justifications and Consequences for Set-Theoretic MMR.pdf:pdf},
  issn = {0049-1241},
  journal = {Sociological Methods {\&} Research},
  pages = {1--33},
  title = {{Negative Case Selection: Justifications and Consequences for Set-Theoretic MMR}},
  year = {2015},
  url = {https://doi.org/10.1177/0049124115591015},
}

@InCollection{Ragin2011,
  address = {London},
  author = {Charles C. ; Ragin and Garrett Andrew Schneider},
  booktitle = {The SAGE Handbook of Innovations in Social Research Methods},
  editor = {Malcolm; Vogt {Williams W. Paul}},
  publisher = {{SAGE Publications Ltd}},
  file = {:home/carsten/.local/share/data/Mendeley Ltd./Mendeley Desktop/Downloaded/Ragin, Schneider - 2011 - Case-Oriented Theory Building and Theory Testing.pdf:pdf},
  pages = {150--166},
  title = {{Case-Oriented Theory Building and Theory Testing}},
  year = {2011},
}

@Book{Ragin2008c,
  address = {Chicago},
  author = {Charles C Ragin},
  file = {:Users/carstenschneider/Dropbox/paperbooks of others/Ragin{\_}08{\_}RSI{\_}BOOK.pdf:pdf},
  mendeley-groups = {syllabus{\_}comp{\_}case,syllabus{\_}set{\_}methods},
  publisher = {University of Chicago Press},
  title = {{Redesigning Social Inquiry: Fuzzy Sets and Beyond}},
  year = {2008},
}

@Unpublished{Ragin2006m,
  author = {Charles C. Ragin and Kriss A. Drass and Sean Davey},
  institution = {Tucson, Arizona: Department of Sociology, University of Arizona.},
  title = {{Fuzzy-Set/Qualitative Comparative Analysis 2.0}},
  year = {2006},
  note = {http://www.u.arizona.edu/~cragin/fsQCA/},
}

@Book{Ragin1987,
  address = {Berkeley},
  author = {Charles C Ragin},
  isbn = {0520058348},
  mendeley-groups = {syllabus{\_}comp{\_}case,syllabus{\_}set{\_}methods},
  mendeley-tags = {Algebra- Boolean,Comparative method,Social sciences},
  publisher = {University of California Press},
  shorttitle = {The Comparative Method},
  title = {{The Comparative Method: Moving Beyond Qualitative and Quantitative Strategies}},
  year = {1987},
}

@Article{Rihoux2013c,
  author = {Benoit Rihoux and Priscilla Alamos and Damien Bol and Axel Marx and Ilona Rezsohazy},
  file = {:Users/carstenschneider/Library/Application Support/Mendeley Desktop/Downloaded/Rihoux et al. - 2013 - From Niche to Mainstream Method A comprehensive mapping of QCA applications in journal articles from 1984 to 2(2).pdf:pdf},
  journal = {Political Research Quarterly},
  number = {1},
  pages = {175--184},
  title = {{From Niche to Mainstream Method? A Comprehensive Mapping of QCA Applications in Journal Articles from 1984 to 2011}},
  volume = {66},
  year = {2013},
}

@InCollection{Rihoux2009a,
  author = {Benoit Rihoux and Bojana Lobe},
  booktitle = {Sage Handbook Of Case-Based Methods},
  editor = {David Byrne and Charles C Ragin},
  file = {:home/carsten/.local/share/data/Mendeley Ltd./Mendeley Desktop/Downloaded/Rihoux, Lobe - 2009 - The case for Qualitative Comparative Analysis (QCA) adding leverage for thick cross-case comparison.pdf:pdf},
  pages = {222--242},
  publisher = {Sage},
  title = {{The Case for Qualitative Comparative Analysis (QCA): Adding Leverage for Thick Cross-Case Comparison}},
  year = {2009},
}

@Article{Rohlfing2016,
  author = {Ingo Rohlfing and Carsten Q. Schneider},
  file = {:Users/carstenschneider/Library/Application Support/Mendeley Desktop/Downloaded/Rohlfing, Schneider - 2016 - A Unifying Framework for Causal Analysis in Set-Theoretic Multi-Method Research(2).pdf:pdf},
  journal = {Sociological Methods {\&} Research},
  number = {1},
  pages = {37--63},
  title = {{A Unifying Framework for Causal Analysis in Set-Theoretic Multi-Method Research}},
  volume = {47},
  year = {2018},
  url = {https://doi.org/10.1177/0049124115626170},
}

@Article{Rohlfing2012,
  author = {Ingo Rohlfing and Carsten Q. Schneider},
  file = {:home/carsten/.local/share/data/Mendeley Ltd./Mendeley Desktop/Downloaded/Rohlfing, Schneider - 2013 - Combining QCA With Process Tracing in Analyses of Necessity.pdf:pdf},
  institution = {under review},
  journal = {Political Research Quarterly},
  number = {1},
  pages = {220--235},
  title = {{Improving Research On Necessary Conditions: Formalized Case Selection for Process Tracing after QCA}},
  volume = {66},
  year = {2013},
}

@Article{Sager2017,
  author = {Fritz Sager and Eva Thomann},
  file = {:Users/carstenschneider/Library/Application Support/Mendeley Desktop/Downloaded/Sager, Thomann - 2016 - Multiple streams in member state implementation politics, problem construction and policy paths in Swiss asyl(4).pdf:pdf;:Users/carstenschneider/Dropbox/papers of others (Harvard)/Sager{\_}Thomann{\_}17{\_}multiple{\_}streams.pdf:pdf},
  issn = {0143-814X},
  journal = {Journal of Public Policy},
  number = {3},
  pages = {287--314},
  title = {{Multiple Streams in Member State Implementation: Politics, Problem Construction and Policy Paths in Swiss Asylum Policy}},
  volume = {37},
  year = {2017},
  url = {https://doi.org/10.1017/s0143814x1600009x},
}

@Article{Schneider2017autocracy,
  author = {Carsten Q. Schneider and Seraphine Maerz},
  file = {:Users/carstenschneider/Library/Application Support/Mendeley Desktop/Downloaded/Schneider, Maerz - 2017 - Legitimation, Cooptation, and Repression and the Survival of Electoral Autocracies(2).pdf:pdf},
  issn = {1865-2646},
  journal = {Zeitschrift f{\"{u}}r Vergleichende Politikwissenschaft},
  pages = {213--235},
  title = {{Legitimation, Cooptation, and Repression and the Survival of Electoral Autocracies}},
  volume = {11},
  year = {2017},
  url = {https://doi.org/10.1007/s12286-017-0332-2},
}

@Article{Schneider2014a,
  author = {C. Q. Schneider and I. Rohlfing},
  file = {:home/carsten/.local/share/data/Mendeley Ltd./Mendeley Desktop/Downloaded/Schneider, Rohlfing - 2016 - Case Studies Nested in Fuzzy-set QCA on Sufficiency Formalizing Case Selection and Causal Inference.pdf:pdf;:home/carsten/.local/share/data/Mendeley Ltd./Mendeley Desktop/Downloaded/Schneider, Rohlfing - 2016 - Case Studies Nested in Fuzzy-set QCA on Sufficiency Formalizing Case Selection and Causal Inference(2).pdf:pdf},
  issn = {0049-1241},
  journal = {Sociological Methods {\&} Research},
  number = {3},
  pages = {526--568},
  title = {{Case Studies Nested in Fuzzy-Set QCA on Sufficiency: Formalizing Case Selection and Causal Inference}},
  volume = {45},
  year = {2016},
  url = {https://doi.org/10.1177/0049124114532446},
}

@Book{Schneider2012,
  address = {Cambridge},
  author = {Carsten Q. Schneider and Claudius Wagemann},
  mendeley-groups = {syllabus{\_}comp{\_}case,two{\_}step,syllabus{\_}set{\_}methods},
  publisher = {Cambridge University Press},
  title = {{Set-Theoretic Methods for the Social Sciences: A Guide to Qualitative Comparative Analysis}},
  year = {2012},
}

@Article{Schneider2011,
  author = {Carsten Q. Schneider and Ingo Rohlfing},
  file = {:Users/carstenschneider/Library/Application Support/Mendeley Desktop/Downloaded/Schneider, Rohlfing - 2013 - Combining QCA and Process Tracing in Set-Theoretic Multi-Method Research.pdf:pdf},
  institution = {under review},
  journal = {Sociological Methods and Research},
  number = {4},
  pages = {559--597},
  title = {{Combining QCA and Process Tracing in Set-Theoretic Multi-Method Research}},
  volume = {42},
  year = {2013},
}

@Article{SchneiderM2010,
  author = {Martin R Schneider and Conrad Schulze-Bentrop and Mihai Paunescu},
  file = {:Users/carstenschneider/Library/Application Support/Mendeley Desktop/Downloaded/Schneider, Schulze-Bentrop, Paunescu - 2009 - Mapping the institutional capital of high-tech firms A fuzzy-set analysis of capitalist va.pdf:pdf},
  issn = {0047-2506},
  journal = {Journal of International Business Studies},
  mendeley-groups = {two{\_}step},
  number = {2},
  pages = {246--266},
  publisher = {Palgrave Macmillan},
  title = {{Mapping the Institutional Capital of High-Tech Firms: A Fuzzy-Set Analysis of Capitalist Variety and Export Performance}},
  volume = {41},
  year = {2010},
  url = {https://doi.org/10.1057/jibs.2009.36},
}

@Article{Thomann2015,
  author = {Eva Thomann},
  file = {:Users/carstenschneider/Library/Application Support/Mendeley Desktop/Downloaded/Thomann - 2015 - Customizing Europe transposition as bottom-up implementation.pdf:pdf},
  journal = {Journal of European Public Policy},
  number = {10},
  pages = {1368--1387},
  title = {{Customizing Europe: Transposition as Bottom-up Implementation}},
  volume = {22},
  year = {2015},
  url = {https://doi.org/10.1080/13501763.2015.1008554},
}
