@book{Brinton1914,
  title={Graphic methods for presenting facts},
  author={Brinton, W.C.},
  url={https://archive.org/details/graphicmethodsfo00brinrich},
  year={1914},
  publisher={Engineering Magazine Co.}
  }

@inproceedings{Shneiderman1996,
  author={B. {Shneiderman}},
  booktitle={Proceedings 1996 IEEE Symposium on Visual Languages},
  title={The eyes have it: a task by data type taxonomy for information visualizations},
  year={1996},
  pages={336-343},
  doi={10.1109/VL.1996.545307},
  month={Sep.}
  }

@Incollection{Benger2006,
  author="Benger, Werner and Hege, Hans-Christian",
  editor="Weickert, Joachim and Hagen, Hans",
  title="Strategies for Direct Visualization of Second-Rank Tensor Fields",
  bookTitle="Visualization and Processing of Tensor Fields",
  year="2006",
  publisher="Springer Berlin Heidelberg",
  address="Berlin, Heidelberg",
  pages="191--214",
  isbn="978-3-540-31272-7",
  doi="10.1007/3-540-31272-2_11",
  url="https://doi.org/10.1007/3-540-31272-2_11"
  }

@book{Cook2007,
  title={Interactive and dynamic graphics for data analysis: with R and GGobi},
  author={Cook, Dianne and Swayne, Deborah F and Buja, Andreas},
  year={2007},
  publisher={Springer Science \& Business Media}
}

@book{Theus2008,
 author = {Theus,, Martin and Urbanek,, Simon},
 title = {Interactive Graphics for Data Analysis: Principles and Examples (Computer Science and Data Analysis)},
 year = {2008},
 isbn = {1584885947, 9781584885948},
 publisher = {Chapman \& Hall/CRC},
}


@Manual{Wilke2019,
    title = {cowplot: Streamlined Plot Theme and Plot Annotations for 'ggplot2'},
    author = {Claus O. Wilke},
    year = {2019},
    note = {R package version 1.0.0},
    url = {https://CRAN.R-project.org/package=cowplot},
  }

@Manual{Comtois2019,
  title = {summarytools: Tools to Quickly and Neatly Summarize Data},
  author = {Dominic Comtois},
  year = {2019},
  note = {R package version 0.9.3},
  url = {https://CRAN.R-project.org/package=summarytools},
  }

@article{Helby2019,
  title = {{dataMaid}: Your Assistant for Documenting Supervised Data Quality Screening in {R}},
  author = {Anne Helby Petersen and Claus Thorn Ekstr{\o}m},
  journal = {Journal of Statistical Software},
  year = {2019},
  volume = {90},
  number = {6},
  pages = {1--38},
  doi = {10.18637/jss.v090.i06},
  }

@Manual{Ubrangala2019,
  title = {SmartEDA: Summarize and Explore the Data},
  author = {{Dayanand Ubrangala} and Kiran R and Ravi {Prasad Kondapalli} and Sayan Putatunda},
  year = {2019},
  note = {R package version 0.3.2},
  url = {https://CRAN.R-project.org/package=SmartEDA},
  }

@article{Tennekes2013,
  title={Visualizing and inspecting large datasets with tableplots},
  author={Tennekes, Martijn and de Jonge, Edwin and Daas, Piet JH and others},
  journal={Journal of Data Science},
  volume={11},
  number={1},
  pages={43--58},
  year={2013},
  publisher={中華資料採礦協會}
  }

@Manual{Seibelt2017,
  title = {xray: X Ray Vision on your Datasets},
  author = {Pablo Seibelt},
  year = {2017},
  note = {R package version 0.2},
  url = {https://CRAN.R-project.org/package=xray},
  }

@article{Tierney2017,
  title = {visdat: Visualising Whole Data Frames},
  author = {Nicholas Tierney},
  doi = {10.21105/joss.00355},
  url = {http://dx.doi.org/10.21105/joss.00355},
  year = {2017},
  publisher = {Journal of Open Source Software},
  volume = {2},
  number = {16},
  pages = {355},
  journal = {JOSS}
  }

@book{Brinton1939,
  title={Graphic Presentation},
  author={Brinton, W.C.},
  lccn={39027968},
  url={https://archive.org/details/graphicpresentat00brinrich},
  year={1939},
  publisher={McGraw-Hill Book Company Inc.},
  address={New York City}
  }

@book{Tukey1977,
	title={Exploratory Data Analysis},
 	author={Tukey, J.W.},
 	isbn={9780201076165},
 	lccn={76005080},
 	series={Addison-Wesley series in behavioral science},
 	url={https://books.google.es/books?id=UT9dAAAAIAAJ},
 	year={1977},
 	publisher={Addison-Wesley Publishing Company}
	}

@Manual{Cui2019,
  title = {DataExplorer: Automate Data Exploration and Treatment},
  author = {Boxuan Cui},
  year = {2019},
  note = {R package version 0.8.0},
  url = {https://CRAN.R-project.org/package=DataExplorer},
  }

@inproceedings{Rao1994,
 author = {Rao, Ramana and Card, Stuart K.},
 title = {The Table Lens: Merging Graphical and Symbolic Representations in an Interactive Focus + Context Visualization for Tabular Information},
 booktitle = {Proceedings of the SIGCHI Conference on Human Factors in Computing Systems},
 series = {CHI '94},
 year = {1994},
 isbn = {0-89791-650-6},
 location = {Boston, Massachusetts, USA},
 pages = {318--322},
 numpages = {5},
 url = {http://doi.acm.org/10.1145/191666.191776},
 doi = {10.1145/191666.191776},
 acmid = {191776},
 publisher = {ACM},
 address = {New York, NY, USA}
}


@Manual{Rushworth2019,
  title = {inspectdf: Inspection, Comparison and Visualisation of Data Frames},
  author = {Alastair Rushworth},
  year = {2019},
  note = {R package version 0.0.4},
  url = {https://CRAN.R-project.org/package=inspectdf},
  }

@Manual{Iannone2018,
  title = {flexdashboard: R Markdown Format for Flexible Dashboards},
  author = {Richard Iannone and JJ Allaire and Barbara Borges},
  year = {2018},
  note = {R package version 0.5.1.1},
  url = {https://CRAN.R-project.org/package=flexdashboard},
  }

@Manual{Chang2018,
  title = {shinydashboard: Create Dashboards with 'Shiny'},
  author = {Winston Chang and Barbara {Borges Ribeiro}},
  year = {2018},
  note = {R package version 0.7.1},
  url = {https://CRAN.R-project.org/package=shinydashboard},
  }

@misc{Friendly2018,
  author      = "Michael Friendly",
  title       = "Lecture 2: Standard graphics in R",
  booktitle   = "Data Visualization in R---SCS Short Course",
  year        =  2018,
  organization= "York University",
  address     = "Toronto~ON",
  note        = "{OpenCourseWare}",
  url         = "http://www.datavis.ca/courses/RGraphics/"
  }

@Book{Wickham2016,
  author = {Hadley Wickham},
  title = {ggplot2: Elegant Graphics for Data Analysis},
  publisher = {Springer-Verlag New York},
  year = {2016},
  isbn = {978-3-319-24277-4},
  url = {http://ggplot2.org},
  }

@manual{RCoreTeam2018,
  title = {R: A Language and Environment for Statistical Computing},
  author = {{R Core Team}},
  organization = {R Foundation for Statistical Computing},
  address = {Vienna, Austria},
  year = {2018},
  url = {https://www.R-project.org/},
  }

@article{Emerson2013,
  author = {John W. Emerson and Walton A. Green and Barret Schloerke and Jason Crowley and Dianne Cook and Heike Hofmann and Hadley Wickham},
  title = {The Generalized Pairs Plot},
  journal = {Journal of Computational and Graphical Statistics},
  volume = {22},
  number = {1},
  pages = {79-91},
  year  = {2013},
  publisher = {Taylor & Francis},
  doi = {10.1080/10618600.2012.694762},
  URL = {https://doi.org/10.1080/10618600.2012.694762}
  }

@Manual{Auguie2017,
  title = {gridExtra: Miscellaneous Functions for "Grid" Graphics},
  author = {Baptiste Auguie},
  year = {2017},
  note = {R package version 2.3},
  url = {https://CRAN.R-project.org/package=gridExtra},
  }

@article{Staniak2019,
  title={The Landscape of R Packages for Automated Exploratory Data Analysis},
  author={Staniak, Mateusz and Biecek, Przemyslaw},
  journal={arXiv preprint arXiv:1904.02101},
  year={2019}
  }

@article{Friendly2007,
  title = {HE plots for Multivariate General Linear Models},
  author = {Michael Friendly},
  year = {2007},
  journal = {Journal of Computational and Graphical Statistics},
  volume = {16},
  number = {4},
  pages = {421--444},
  }

@article{Hartigan1975,
  title={Printer graphics for clustering},
  author={Hartigan, John A},
  journal={Journal of Statistical Computation and Simulation},
  volume={4},
  number={3},
  pages={187--213},
  year={1975},
  publisher={Taylor \& Francis}
  }

@book{Gnanamgari1981,
	title={Information presentation through default displays},
	author={Gnanamgari, Sakunthala},
	year={1981},
	publisher={University of Pennsylvania},
	note={{Ph.D.} dissertation}
	}

@article{Wickham2014,
  author = {Hadley  Wickham},
  title = {Tidy Data},
  journal = {Journal of Statistical Software},
 	volume = {59},
 	number = {1},
 	year = {2014},
  pages = {1--23},
 	doi = {10.18637/jss.v059.i10},
  url = {https://www.jstatsoft.org/index.php/jss/article/view/v059i10}
  }

@article{Becker1996,
  title={The visual design and control of trellis display},
  author={Becker, Richard A and Cleveland, William S and Shyu, Ming-Jen},
  journal={Journal of computational and Graphical Statistics},
  volume={5},
  number={2},
  pages={123--155},
  year={1996},
  publisher={Taylor \& Francis}
  }

@article{Casner1991,
	title={Task-analytic approach to the automated design of graphic presentations},
	author={Casner, Stephen M},
	journal={ACM Transactions on Graphics (TOG)},
	volume={10},
	number={2},
	pages={111--151},
	year={1991},
	publisher={ACM}
	}

@book{Bowman1967,
	title={Graphic communication},
	author={Bowman, W.J.},
	series={Wiley series on human communication},
	year={1967},
	publisher={Wiley}
	}

@Manual{Therneau2015,
  title = {A Package for Survival Analysis in S},
  author = {Terry M Therneau},
  year = {2015},
  note = {version 2.38},
  url = {https://CRAN.R-project.org/package=survival},
  }

@Manual{LinPedersen2019,
    title = {patchwork: The Composer of Plots},
    author = {Thomas Lin Pedersen},
    year = {2019},
    note = {R package version 1.0.0},
    url = {https://CRAN.R-project.org/package=patchwork},
  }

@article{Mackinlay1986,
	author = {Mackinlay, J.},
	title = {Automating the design of graphical presentations of relational information},
	journal = {ACM Trans. Graph.},
	volume = {5},
	number = {2},
	year = {1986},
	pages = {110--141}
	}

@inproceedings{Mutlu2015,
	author = {Mutlu, Belgin and Veas, Eduardo and Trattner, Christoph and Sabol, Vedran},
	title = {VizRec: A Two-Stage Recommender System for Personalized Visualizations},
	booktitle = {Proceedings of the 20th International Conference on Intelligent User Interfaces Companion},
	series = {IUI Companion '15},
	year = {2015},
	pages = {49--52},
	publisher = {ACM},
	address = {New York, NY, USA},
  }

@inproceedings{Roth1994,
	title={Interactive graphic design using automatic presentation knowledge},
	author={Roth, Steven F and Kolojejchick, John and Mattis, Joe and Goldstein, Jade},
	booktitle={Proceedings of the SIGCHI conference on Human factors in computing systems},
	pages={112--117},
	year={1994},
	organization={ACM}
	}

@article{Cleveland1984,
	title={Graphical perception: Theory, experimentation, and application to the development of graphical methods},
	author={Cleveland, William S and McGill, Robert},
	journal={Journal of the American statistical association},
	volume={79},
	number={387},
	pages={531--554},
	year={1984},
	publisher={Taylor \& Francis}
	}

@article {ValeroMora2012,
	author = {Valero-Mora, Pedro and Ledesma, Rubén D. and Friendly, Michael},
	title = {The History of ViSta: The Visual Statistics System},
	journal = {Wiley Interdisciplinary Reviews: Computational Statistics},
	volume = {4},
	number = {3},
	publisher = {John Wiley & Sons, Inc.},
	pages = {295--306},
	keywords = {statistical graphics, dynamic, interactive, statistical package, computational statistics, data visualization},
	year = {2012},
	}

@book{Kamps1999,
	title={Diagram Design: A Constructive Theory},
	author={Kamps, T.},
	year={1999},
	publisher={Springer Berlin Heidelberg}
	}

@inproceedings{Benson1977,
	title={Interactive analysis and display of tabular data},
	author={Benson, William H and Kitous, Bernard},
	eventtitle={Fourth Annual Conference on Computer Graphics and Interactive Techniques},
	year={1977},
	eventdate={July 20-22},
	location={San Jose, CA},
	organization={ACM},
	editor={SIGGRAPH-ACM}
	}

@article{Oliver1977,
	title={Effect of expectation and disconfirmation on postexposure product evaluations: An alternative interpretation.},
	author={Oliver, Richard L},
	journal={Journal of applied psychology},
	volume={62},
	number={4},
	pages={480},
	year={1977},
	publisher={American Psychological Association}
	}

@article{Millan2018,
  title={Automating statistical diagrammatic representations with data characterization},
  author={Mill{\'a}n-Mart{\'i}nez, Pere and Valero-Mora, Pedro},
  journal={Information Visualization},
  volume={17},
  number={4},
  pages={316--334},
  year={2018},
  publisher={SAGE Publications Sage UK: London, England}
  }

@article{Molloy2011,
  author = {Molloy, Jennifer C.},
  journal = {PLOS Biology},
  publisher = {Public Library of Science},
  title = {The Open Knowledge Foundation: Open Data Means Better Science},
  year = {2011},
  month = {12},
  volume = {9},
  url = {https://doi.org/10.1371/journal.pbio.1001195},
  pages = {1-4},
  abstract = {Open data leads to better science, but overcoming the barriers to widespread publication and availability of open scientific data requires a community effort. The Open Knowledge Foundation Open Data in Science Working Group describes their role in this movement.},
  number = {12},
  doi = {10.1371/journal.pbio.1001195}
  }

@Book{Wickham2009,
  author = {Hadley Wickham},
  title = {ggplot2: Elegant Graphics for Data Analysis},
  publisher = {Springer-Verlag New York},
  year = {2009},
  isbn = {978-0-387-98140-6},
  url = {http://ggplot2.org},
  }

@book{Cleveland1985,
	title={The Elements of Graphing Data},
	author={Cleveland, W.S.},
	year={1985},
	publisher={Hobart Press},
	address={Summit, New Jersey}
	}

@article{Wickham2014,
  author = {Hadley Wickham},
  issue = {10},
  journal = {The Journal of Statistical Software},
  selected = {TRUE},
  title = {Tidy data},
  url = {http://www.jstatsoft.org/v59/i10/},
  volume = {59},
  year = {2014},
  bdsk-url-1 = {http://www.jstatsoft.org/v59/i10/},
  }

@book{Pyle1999,
  author = {Pyle, Dorian},
  title = {Data Preparation for Data Mining},
  year = {1999},
  isbn = {1558605290, 9781558605299},
  edition = {1st},
  publisher = {Morgan Kaufmann Publishers Inc.},
  address = {San Francisco, CA, USA},
  }

@book{Bertin1967,
	title={S\'emiologie graphique. Les diagrammes, les r\'eseaux, les cartes},
	author={Bertin, J.},
	year={1967},
	publisher={Mouton},
	address={Paris}
	}

@book{Bertin1977,
  title={La graphique et le traitement graphique de l'information},
  author={Bertin, Jacques},
  year={1977},
	publisher={Flammarion},
	address={Paris}
  }

@book{Engelhardt2002,
  title={The Language of Graphics: A Framework for the analysis of syntax and meaning in maps, charts and diagrams},
  author={von Engelhardt, J.},
  isbn={9789057760891},
  series={ILLC dissertation series 2002-03},
  url={http://hdl.handle.net/11245/1.208097},
  year={2002},
  publisher={Institute for Language, Logic and Computation, Universiteit van Amsterdam}
  }

@Book{Sarkar2008,
  title = {Lattice: Multivariate Data Visualization with R},
  author = {Deepayan Sarkar},
  publisher = {Springer},
  address = {New York},
  year = {2008},
  note = {ISBN 978-0-387-75968-5},
  url = {http://lmdvr.r-forge.r-project.org},
  }

@book{Tufte1983,
  author={Tufte, E.~R.},
  title={The Visual Display of Quantitative Information},
  publisher={Graphics Press},
  year={1983},
	address={Cheshire}
	}

@book{Wilkinson2005,
	title={The Grammar of Graphics},
	author={Wilkinson, L.},
	series={Statistics and Computing},
	year={2005},
	publisher={Springer},
	edition={2nd}
	}

@Book{Friendly2016,
  title={Discrete Data Analysis with R: Visualization and Modeling Techniques for Categorical and Count Data},
  year={2016},
  author={Friendly, Michael and Meyer, David},
  publisher={Chapman \& Hall/CRC},
  address={Boca Raton, FL},
  isbn={978-1-4987-2583-5},
  }

@article{Friendly2006,
	title={Milestones in the history of thematic cartography, statistical graphics, and data visualization},
	author={Friendly, M. and Denis, D.J.},
	year={2006}
	}

@book{Rohwer2009,
  title={Models in Statistical Social Research},
  author={Rohwer, G.},
  isbn={9781135233327},
  series={Social Research Today},
  year={2009},
  publisher={Routledge}
  }

@article{Stevens1946,
	title={On the Theory of Scales of Measurement},
	volume={103},
	journal={Science},
	author={Stevens, S. ~S.},
	year={1946},
	pages={677--680}
	}

@Book{Xie2015,
  title = {Dynamic Documents with {R} and knitr},
  author = {Yihui Xie},
  publisher = {Chapman and Hall/CRC},
  address = {Boca Raton, Florida},
  year = {2015},
  edition = {2nd},
  note = {ISBN 978-1498716963}
  }

@Manual{Xie2019,
  title = {knitr: A General-Purpose Package for Dynamic Report Generation in R},
  author = {Yihui Xie},
  year = {2019},
  note = {R package version 1.22},
  url = {https://yihui.name/knitr/},
  }

@book{Xie2016,
  title={bookdown: Authoring Books and Technical Documents with R Markdown},
  author={Xie, Y.},
  isbn={9781351792592},
  series={Chapman \& Hall/CRC The R Series},
  url={https://books.google.es/books?id=\_LrZDQAAQBAJ},
  year={2016},
  publisher={CRC Press}
  }

@Book{Xie2017,
  title = {blogdown: Creating Websites with {R} Markdown},
  author = {Yihui Xie and Alison Presmanes Hill and Amber Thomas},
  publisher = {Chapman and Hall/CRC},
  address = {Boca Raton, Florida},
  year = {2017},
  note = {ISBN 978-0815363729},
  url = {https://github.com/rstudio/blogdown},
  }

@Manual{Allaire2019,
  title = {rmarkdown: Dynamic Documents for R},
  author = {JJ Allaire and Yihui Xie and Jonathan McPherson and Javier Luraschi and Kevin Ushey and Aron Atkins and Hadley Wickham and Joe Cheng and Winston Chang and Richard Iannone},
  year = {2019},
  note = {R package version 1.12},
  url = {https://rmarkdown.rstudio.com},
  }

@Book{Xie2018,
  title = {R Markdown: The Definitive Guide},
  author = {Yihui Xie and J.J. Allaire and Garrett Grolemund},
  publisher = {Chapman and Hall/CRC},
  address = {Boca Raton, Florida},
  year = {2018},
  note = {ISBN 9781138359338},
  url = {https://bookdown.org/yihui/rmarkdown},
  }

@article{Almeida2018,
  author = {Alexandre Almeida and Adam Loy and Heike Hofmann},
  title = {{ggplot2 Compatible Quantile-Quantile Plots in R}},
  year = {2018},
  journal = {{The R Journal}},
  doi = {10.32614/RJ-2018-051},
  url = {https://doi.org/10.32614/RJ-2018-051},
  pages = {248--261},
  volume = {10},
  number = {2}
}

@article{Kahle2013,
  author = {David Kahle and Hadley Wickham},
  title = {{ggmap: Spatial Visualization with ggplot2}},
  year = {2013},
  journal = {{The R Journal}},
  url = {https://journal.r-project.org/archive/2013/RJ-2013-014/index.html},
  pages = {144--161},
  volume = {5},
  number = {1}
}