% Encoding: UTF-8

@Article{Accardo2002,
  author    = {P. A. Accardo and S. Pensiero},
  title     = {Neural network-based system for early keratoconus detection from corneal topography},
  journal   = {Journal of Biomedical Informatics},
  year      = {2002},
  volume    = {35},
  pages     = {151--159},
  url       = {https://doi.org/10.1016/S1532-0464(02)00513-0},
}

@Article{Alio2006,
  author    = {J. L. Alió and M. H. Shabayek},
  title     = {Corneal higher order aberrations: a method to grade keratoconus},
  journal   = {Journal of Refractive Surgery},
  year      = {2006},
  volume    = {22},
  pages     = {539--545},
  url       = {https://doi.org/10.3928/1081-597X-20060601-05},
}

@Book{Alio2016,
  title     = {Keratoconus: recent advances in diagnosis and treatment},
  publisher = {Springer},
  year      = {2016},
  author    = {J. L. Alió},
  url       = {https://doi.org/10.1007/978-3-319-43881-8},
}

@Article{Alkhaldi2009,
  author    = {W. Alkhaldi and D. R. Iskander and A. M. Zoubir and M. J. Collins},
  title     = {Enhancing the standard operating range of a {Placido} disk videokeratoscope for corneal surface estimation},
  journal   = {IEEE Transactions on Biomedical Engineering},
  year      = {2009},
  volume    = {56},
  number    = {3},
  pages     = {800--809},
  url       = {https://doi.org/10.1109/TBME.2008.2005997},
}

@Article{Buehren2010,
  author    = {J. Bühren and D. Kook and G. Yoon and T. Kohnen},
  title     = {Detection of subclinical keratoconus by using corneal anterior and posterior surface aberrations and thickness spatial profiles},
  journal   = {Investigative Ophthalmology and Visual Science},
  year      = {2010},
  volume    = {51},
  pages     = {3424--3432},
  url       = {https://doi.org/10.1167/iovs.09-4960},
}

@Article{CastroLuna2020,
  author   = {G. M. Castro-Luna and A. Martínez-Finkelshtein and D. Ramos-López},
  title    = {Robust keratoconus detection with {B}ayesian network classifier for {P}lacido-based corneal indices},
  journal  = {Contact Lens and Anterior Eye},
  year     = {2020},
  volume   = {43},
  number   = {4},
  pages    = {366--372},
  url      = {https://doi.org/10.1016/j.clae.2019.12.006},
}

@Manual{RShiny,
  title  = {Shiny: web application framework for {R}},
  author = {W. Chang and J. Cheng and J. J. Allaire and Y. Xie and J. McPherson},
  year   = {2020},
  note   = {R package version 1.5.0},
  url    = {https://CRAN.R-project.org/package=shiny},
}

@Article{Cheng2000,
  author  = {J. Cheng and M. J. Druzdzel},
  title   = {{AIS-BN}: an adaptive importance sampling algorithm for evidential reasoning in large {B}ayesian networks},
  journal = {Journal of Artificial Intelligence Research},
  year    = {2000},
  volume  = {13},
  pages   = {155--188},
  url     = {https://doi.org/10.1613/jair.764},
}

@Article{Sanctis2008,
  author    = {U. {de-Sanctis} and C. Loiacono and L. Richiardi and D. Turco and B. Mutani and F. M. Grignolo},
  title     = {Sensitivity and specificity of posterior corneal elevation measured by {P}entacam in discriminating keratoconus/subclinical keratoconus},
  journal   = {Ophthalmology},
  year      = {2008},
  volume    = {115},
  pages     = {1534--1539},
  url       = {https://doi.org/10.1016/j.ophtha.2008.02.020},
}

@Article{Espinosa2013,
  author  = {J. Espinosa and D. Mas and J. Pérez and A. B. Roig},
  title   = {Open-Access Operating Algorithms for Commercial Videokeratographer and Improvement of Corneal Sampling},
  journal = {Applied Optics},
  year    = {2013},
  volume  = {52},
  number  = {7},
  pages   = {C24--C29},
  url     = {https://doi.org/10.1364/AO.52.000C24},
}

@Article{Fan2018,
  author  = {R. Fan and T. C. Chan and G. Prakash and V. Jhanji},
  title   = {Applications of Corneal Topography and Tomography: A Review},
  journal = {Clinical \& Experimental Ophthalmology},
  year    = {2018},
  volume  = {46},
  number  = {2},
  pages   = {133--146},
  url     = {https://doi.org/10.1111/ceo.13136},
}

@Article{Fung1990,
  author  = {R. Fung and K. C. Chang},
  title   = {Weighting and integrating evidence for stochastic simulation in {B}ayesian networks},
  journal = {Machine Intelligence and Pattern Recognition},
  year    = {1990},
  volume  = {10},
  pages   = {209--219},
  url     = {https://doi.org/10.1016/B978-0-444-88738-2.50023-3},
}

@Article{Issarti2020,
  author   = {I. Issarti and A. Consejo and M. Jiménez-García and E. O. Kreps and C. Koppen and J. J. Rozema},
  title    = {Logistic index for keratoconus detection and severity scoring ({L}ogik)},
  journal  = {Computers in Biology and Medicine},
  year     = {2020},
  volume   = {122},
  pages    = {103809},
  url      = {https://doi.org/10.1016/j.compbiomed.2020.103809},
}

@Article{Issarti2019,
  author    = {I. Issarti and A. Consejo and M. Jim{\'e}nez-Garc{\'\i}a and S. Hershko and C. Koppen and J. J. Rozema},
  title     = {Computer aided diagnosis for suspect keratoconus detection},
  journal   = {Computers in biology and medicine},
  year      = {2019},
  volume    = {109},
  pages     = {33--42},
  publisher = {Elsevier},
  url       = {https://doi.org/10.1016/j.compbiomed.2019.04.024},
}

@Article{Llorente2004,
  author    = {L. Llorente and S. Barbero and J. Merayo and S. Marcos},
  title     = {Total and corneal optical aberrations induced by laser in situ keratomileusis for hyperopia},
  journal   = {Journal of Refractive Surgery},
  year      = {2004},
  volume    = {20},
  pages     = {203--216},
  url       = {https://doi.org/10.3928/1081-597X-20040501-03},
}

@Article{Maeda1994,
  author    = {N. Maeda and S. D. Klyce and M. K. Smolek and H. W. Thompson},
  title     = {Automated keratoconus screening with corneal topography analysis},
  journal   = {Investigative Ophthalmology and Visual Science},
  year      = {1994},
  volume    = {35},
  pages     = {2749--2757},
}

@Article{Maguire1989,
  author    = {L. J. Maguire and W. M. Bourne},
  title     = {Corneal topography of early keratoconus},
  journal   = {American Journal of Ophthalmology},
  year      = {1989},
  volume    = {108},
  pages     = {107--112},
  url       = {https://doi.org/10.1016/0002-9394(89)90001-9},
}

@Article{MartinezAbad2017,
  author    = {A. Martínez-Abad and D. P. Piñero},
  title     = {New perspectives on the detection and progression of keratoconus},
  journal   = {Journal of Cataract \& Refractive Surgery},
  year      = {2017},
  volume    = {43},
  number    = {9},  
  pages     = {1213--1227},
  url       = {https://doi.org/10.1016/j.jcrs.2017.07.021},

}

@Article{Toquero2020,
  author  = {S. Ortiz-Toquero and I. Fernández and R. Martín},
  title   = {Classification of keratoconus based on anterior corneal high-order aberrations: a cross-validation study},
  journal = {Optometry and Vision Science},
  year    = {2020},
  volume  = {97},
  pages   = {169--177},
  url     = {https://doi.org/10.1097/OPX.0000000000001489},
}

@Article{Pinero2015,
  author    = {D. P. Piñero},
  title     = {Technologies for Anatomical and Geometric Characterization of the Corneal Structure and Anterior Segment: A Review},
  journal   = {Seminars in Ophthalmology},
  year      = {2015},
  volume    = {30},
  number    = {3},
  pages     = {161--170},
  url       = {https://doi.org/10.3109/08820538.2013.835844},
}

@Article{Prakash2012,
  author    = {G. Prakash and A. Agarwal and A. I. Mazhari and G. Kumar and P. Desai and D. A. Kumar and S. Jacob},
  title     = {A new, pachymetry-based approach for diagnostic cutoffs for normal, suspect and keratoconic cornea},
  journal   = {Eye (London)},
  year      = {2012},
  volume    = {26},
  pages     = {650--657},
  url       = {https://doi.org/10.1038/eye.2011.365},
}

@Article{Rabinowitz1998,
  author    = {Y. S. Rabinowitz},
  title     = {Keratoconus},
  journal   = {Survey of Ophthalmology},
  year      = {1998},
  volume    = {42},
  pages     = {297--319},
  url       = {https://doi.org/10.1016/s0039-6257(97)00119-7},
}

@Article{Rabinowitz1999,
  author    = {Y. S. Rabinowitz and K. Rasheed},
  title     = {{KISA \%} index: a quantitative videokeratography algorithm embodying minimal topographic criteria for diagnosing keratoconus},
  journal   = {Journal of Cataract and Refractive Surgery},
  year      = {1999},
  volume    = {25},
  pages     = {1327--1335},
  url       = {https://doi.org/10.1016/s0886-3350(99)00195-9},
}

@Manual{rPACI2020,
  title  = {{rPACI}: {P}lacido {A}nalysis of {C}orneal {I}rregularity},
  author = {D. Ramos-López and A. D. Maldonado},
  year   = {2021},
  note   = {R package version 0.2.1},
  url    = {https://CRAN.R-project.org/package=rPACI},
}

@Article{RamosLopez2013,
  author    = {D. Ramos-López and A. Martínez-Finkelshtein and G. M. Castro-Luna and N. Burguera-Gimenez and A. Vega-Estrada and D. P. Piñero and J. L. Alió},
  title     = {Screening subclinical keratoconus with {Placido}-based corneal indices},
  journal   = {Optometry and Vision Science},
  year      = {2013},
  volume    = {90},
  number    = {4},
  pages     = {335--343},
  url       = {https://doi.org/10.1097/OPX.0b013e3182279ff8},
}

@Article{RamosLopez2011,
  author    = {D. Ramos-López and A. Martínez-Finkelshtein and G. M. Castro-Luna and D. P. Piñero and J. L. Alió},
  title     = {{P}lacido-based indices of corneal irregularity},
  journal   = {Optometry and Vision Science},
  year      = {2011},
  volume    = {88},
  number    = {10},
  pages     = {1220--1231},
  url       = {https://doi.org/10.1097/OPX.0b013e3182279ff8},
}

@Article{RamosLopez2018,
  author   = {D. Ramos-López and A. R. Masegosa and A. Salmerón and R. Rumí and H. Langseth and T. D. Nielsen and A. L. Madsen},
  title    = {Scalable importance sampling estimation of {G}aussian mixture posteriors in {B}ayesian networks},
  journal  = {International Journal of Approximate Reasoning},
  year     = {2018},
  volume   = {100},
  pages    = {115--134},
  url      = {https://doi.org/10.1016/j.ijar.2018.06.004},
}

@Article{Rand1997,
  author    = {R. H. Rand and H. C. Howland and R. A. Applegate},
  title     = {Mathematical model of a {Placido} disk keratometer and its implications for recovery of corneal topography},
  journal   = {Optometry and Vision Science},
  year      = {1997},
  volume    = {74},
  pages     = {926--930},
  url       = {https://doi.org/10.1097/00006324-199711000-00026},
}

@Article{Randleman2003,
  author    = {J. B. Randleman and B. Russel and M. A. Ward and K. P. Thompson and R. D. Stulting},
  title     = {Risk factors and prognosis for corneal ectasia after {LASIK}},
  journal   = {Ophthalmology},
  year      = {2003},
  volume    = {110},
  pages     = {267--175},
  url       = {https://doi.org/10.1016/s0161-6420(02)01727-x},
}

@Article{Read2009,
  author    = {S. A. Read and M. J. Collins and D. R. Iskander and B. A. Davis},
  title     = {Corneal topography with {Scheimpflug} imaging and videokeratography: comparative study of normal eyes},
  journal   = {Journal of Cataract and Refractive Surgery},
  year      = {2009},
  volume    = {35},
  number    = {6},
  pages     = {1072--1081},
  url       = {https://doi.org/10.1016/j.jcrs.2009.01.020},
}

@Article{Rowsey1981,
  author  = {J. J. Rowsey and A. E. Reynolds and R. Brown},
  title   = {Corneal topography: corneascope},
  journal = {Archives of Ophthalmology},
  year    = {1981},
  volume  = {99},
  number  = {6},
  pages   = {1093--1100},
  url     = {https://doi.org/10.1001/archopht.1981.03930011093022},
}

@Article{Samapunphong1998,
  author  = {S. Samapunphong and D. Azar},
  title   = {Placido and Elevation-Based Corneal Topography. {A} Review},
  journal = {Ophthalmology Clinics of North America},
  year    = {1998},
  volume  = {11},
  number  = {3},
  pages   = {311--329},
  url     = {https://doi.org/10.1016/S0896-1549(05)70059-6},
}

@Article{Scutari2010,
  author  = {M. Scutari},
  title   = {Learning {B}ayesian networks with the {bnlearn} {R} package},
  journal = {Journal of Statistical Software},
  year    = {2010},
  volume  = {35},
  number  = {3},
  pages   = {1--22},
  url     = {https://doi.org/10.18637/jss.v035.i03},
}

@Article{Yousefi2018,
  author  = {S. Yousefi and E. Yousefi and H. Takahashi and T. Hayashi and H. Tampo and S. Inoda and Y. Arai and P. Asbell},
  title   = {Keratoconus severity identification using unsupervised machine learning},
  journal = {{PLOS ONE}},
  year    = {2018},
  volume  = {13},
  number  = {11},
  pages   = {1--11},
  url     = {https://doi.org/10.1371/journal.pone.0205998},
}

@Manual{Scutari2019,
  title  = {bnlearn: {B}ayesian network structure learning, parameter learning and inference},
  author = {Marco Scutari and Robert Ness},
  year   = {2019},
  note   = {R package version 4.5},
  url    = {https://CRAN.R-project.org/package=bnlearn},
}

@Comment{jabref-meta: databaseType:bibtex;}
