@Article{ben,
  title = {Partitioning Procedures for Solving Mixed-Variables Programming Problems},
  author = {J. F. Benders},
  journal = {Numerische Mathematik},
  year = {1962},
  pages = {238--252},
  volume = {4},
  url = {https://doi.org/10.1007/BF01386316},
}

@Article{KHV,
  title = {Integrated Chance Constraints: Reduced Forms and an Algorithm},
  author = {W. K. {Klein Haneveld} and M. H. {Van der Vlerk}},
  journal = {Computational Management Science},
  year = {2006},
  pages = {245--269},
  volume = {3},
  url = {https://doi.org/10.1007/s10287-005-0007-3},
}

@Article{konno,
  title = {Piecewise Linear Risk Function and Portfolio Optimization},
  author = {H. Konno},
  journal = {Journal of the Operations Research Society of Japan},
  year = {1990},
  pages = {139--156},
  volume = {33},
  url = {https://doi.org/10.15807/jorsj.33.139},
}

@Article{KY,
  title = {Mean-Absolute Deviation Portfolio Optimization Model and Its Application to {T}okyo Stock Market},
  author = {H. Konno and H. Yamazaki},
  journal = {Management Science},
  year = {1991},
  pages = {519--531},
  volume = {37},
  url = {https://doi.org/10.1287/mnsc.37.5.519},
}

@Article{KWY,
  title = {Portfolio Optimization under Lower Partial Risk Measures},
  author = {H. Konno and H. Waki and A. Yuuki},
  journal = {Asia-Pacific Financial Markets},
  year = {2002},
  pages = {127--140},
  volume = {9},
  url = {https://doi.org/10.1023/A:1022238119491},
}

@Article{KM,
  title = {Computational Aspects of Minimizing Conditional Value at Risk},
  author = {A. Künzi-Bay and J. Mayer},
  journal = {Computational Management Science},
  year = {2006},
  pages = {3--27},
  volume = {3},
  url = {https://doi.org/10.1007/s10287-005-0042-0},
}

@Article{MOS,
  title = {Twenty Years of Linear Programming Based Portfolio Optimization},
  author = {R. Mansini and W. Ogryczak and M. G. Speranza},
  journal = {European Journal of Operational Research},
  year = {2014},
  pages = {518--535},
  volume = {234},
  url = {https://doi.org/10.1016/j.ejor.2013.08.035},
}

@Article{rockafellar2000,
  title = {Optimization of Conditional Value-at-Risk},
  author = {R Tyrrell Rockafellar and Stanislav Uryasev},
  journal = {Journal of Risk},
  year = {2000},
  pages = {21--42},
  volume = {2},
  url = {https://doi.org/10.21314/JOR.2000.038},
}

@Article{rockafellar2006b,
  title = {Master Funds in Portfolio Analysis with General Deviation Measures},
  author = {R. Tyrrell Rockafellar and Stan Uryasev and Michael Zabarankin},
  journal = {Journal of Banking and Finance},
  year = {2006},
  pages = {743--778},
  volume = {30},
  url = {https://doi.org/10.1016/j.jbankfin.2005.04.004},
}

@Article{zhaoli,
  title = {Locating the Least 2-Norm Solution of Linear Programs via a Path-Following Method},
  author = {Yun-Bin Zhao and Duan Li},
  journal = {SIAM Journal on Optimization},
  year = {2002},
  number = {4},
  pages = {893--912},
  volume = {12},
  url = {https://doi.org/10.1137/S1052623401386368},
  publisher = {Taylor \& Francis},
}

@Manual{Theussl,
  title = {CRAN Task View: Optimization and Mathematical Programming},
  author = {Stefan Theussl and Hans W. Borchers},
  organization = {CRAN},
  year = {2016},
  url = {http://cran.r-project.org/web/views/Optimization.html},
}

@Article{konmiz,
  title = {Convex Optimization in {R}},
  author = {Roger Koenker and Ivan Mizera},
  journal = {Journal of Statistical Software},
  year = {2014},
  number = {5},
  pages = {1--23},
  volume = {60},
  url = {https://doi.org/10.18637/jss.v060.i05},
}

@Book{pfaff,
  title = {Financial Risk Modelling and Portfolio Optimization with R, 2nd Ed.},
  author = {Bernhard Pfaff},
  publisher = {John Wiley \& Sons},
  year = {2016},
  note = {{ISBN} 978-1-119-11966-1},
}

@Book{wurtz,
  title = {Portfolio Optimization with R/Rmetrics},
  author = {Diethelm Würtz and Yohan Chalabi and William Chen and Andrew Ellis Pfaff},
  publisher = {Rmetrics Association \& Finance Online},
  year = {2009},
}

@Manual{Ghalanos_2014,
  author = {Alexios Ghalanos},
  title = {{parma}: Portfolio Allocation and Risk Management Applications},
  year = {2016},
  note = {R package version 1.5-3.},
  url = {https://cran.r-project.org/web/packages/parma/parma.pdf},
}

@Manual{Peterson_2015,
  author = {Brian G. Peterson and Peter Carl},
  title = {Portfolio Analysis, Including Numerical Methods for Optimization of Portfolios},
  year = {2015},
  note = {R package version 1.0.3636},
  url = {https://cran.r-project.org/web/packages/PortfolioAnalytics/PortfolioAnalytics.pdf},
}
