@book{cooper_engineering_2011,
  title =	 {Engineering a Compiler},
  isbn =	 9780080916613,
  publisher =	 {Elsevier},
  author =	 {Cooper, Keith and Torczon, Linda},
  month =	 jan,
  year =	 2011,
},

@misc{the_open_grid_scheduler_development_team_open_2013,
  title =	 {Open {G}rid {S}cheduler: The Official Open Source Grid
                  Engine},
  url =		 {http://gridscheduler.sourceforge.net/},
  urldate =	 {2013-11-12},
  author =	 {{Open Grid Scheduler Development Team}},
  year =	 2013,
},

@article{ihaka_r:_1996,
  title =	 {R: A language for Data Analysis and Graphics},
  volume =	 5,
  url =
                  {http://www.tandfonline.com/doi/abs/10.1080/10618600.1996.10474713},
  number =	 3,
  journal =	 {Journal of Computational and Graphical Statistics},
  author =	 {Ihaka, Ross and Gentleman, Robert},
  year =	 1996,
  pages =	 {299--314},
},

@inproceedings{ernst_static_2003,
  title =	 {Static and Dynamic Analysis: Synergy and Duality},
  url =
                  {http://citeseerx.ist.psu.edu/viewdoc/download?doi=10.1.1.182.5350&rep=rep1&type=pdf\#page=25},
  urldate =	 {2013-02-22},
  booktitle =	 {{WODA} 2003: {ICSE} Workshop on Dynamic Analysis},
  author =	 {Ernst, Michael D.},
  year =	 2003,
  pages =	 {24--27},
}

@Manual{foreach,
  title =	 {foreach: Foreach Looping Construct for R},
  author =	 {{Revolution Analytics} and Steve Weston},
  year =	 2013,
  note =	 {R package version 1.4.1},
  url =		 {http://CRAN.R-project.org/package=foreach},
}

@article{foreach2,
  author =	 {Kane Michael and John W. Emerson and Stephen Weston},
  title =	 {Scalable Strategies for Computing with Massive Data},
  journal =	 {Journal of Statistical Software},
  volume =	 55,
  number =	 14,
  pages =	 {1--19},
  year =	 2013,
  URL =		 {http://www.jstatsoft.org/v55/i14},
}

@Manual{Rsge,
  title =	 {Rsge: Interface to the SGE Queuing System},
  author =	 {Dan Bode},
  year =	 {2012},
  note =	 {R package version 0.6.3},
  url =		 {http://CRAN.R-project.org/package=Rsge},
}

@Manual{boot,
  title =	 {boot: Bootstrap R (S-Plus) Functions},
  author =	 {Angelo Canty and B. D. Ripley},
  year =	 {2013},
  note =	 {R package version 1.3-9},
}

@Book{boot2,
  title =	 {Bootstrap Methods and Their Applications},
  author =	 {A. C. Davison and D. V. Hinkley},
  publisher =	 {Cambridge University Press},
  address =	 {Cambridge},
  year =	 {1997},
  note =	 {ISBN 0-521-57391-2},
  url =		 {http://statwww.epfl.ch/davison/BMA/},
}

@Manual{snow,
  title =	 {snow: Simple Network of Workstations},
  author =	 {Luke Tierney and A. J. Rossini and Na Li and
                  H. Sevcikova},
  year =	 {2013},
  note =	 {R package version 0.3-13},
  url =		 {http://CRAN.R-project.org/package=snow},
}


