@Book{Extending,
  author = 	 {John M. Chambers},
  title = 	 {Extending R},
  publisher = 	 {Chapman \& Hall/CRC},
  year = 	 2016}

@Article{RArticle,
  author = 	 {Ross Ihaka and Robert Gentleman},
  title = 	 {R: A language for data analysis and graphics},
  journal = 	 {Journal of Computational and Graphical Statistics},
  year = 	 1996,
  volume = 	 5,
  pages = 	 {299-314}}

@Book{SMS,
  editor = 	 {John M. Chambers and Trevor Hastie},
  title = 	 {Statistical Models in S},
  publisher = 	 {Chapman \& Hall, Boca Raton, FL},
  year = 	 1992
}


@Book{SBook84,
  author = 	 {Richard A. Becker and John M. Chambers},
  title = 	 {S: An Interactive Environment for Data Analysis and Graphics},
  publisher = 	 "Wadsworth, Belmont CA",
  year = 	 1984}

@Book{SBook85,
  author = 	 {Richard A. Becker and John M. Chambers},
  title = 	 {Extending the S System},
  publisher = 	 {Wadsworth, Belmont CA},
  year = 	 1985}


@Book{SBook88,
  author = 	 {Richard A. Becker and John M. Chambers and Allan R. Wilks},
  title = 	 "The New S Language",
  publisher = 	 "Chapman \& Hall, Boca Raton, FL",
  year = 	 1988
}

@Book{SBook98,
  author = 	 {John M. Chambers},
  title = 	 {Programming with Data: A Guide to the S Language},
  publisher = 	 {Springer, New York},
  year = 	 1998
}


@Book{CompMethods,
  author = 	 {John M. Chambers},
  title = 	 {Computational Methods for Data Analysis},
  publisher = 	 {John Wiley and Sons, New York},
  year = 	 1977}

@InProceedings{GRZ,
  author = 	 {Richard A. Becker and John M. Chambers},
  title = 	 {{GR-Z}: A System of Graphical Subroutines for Data Analysis},
  booktitle = {Proc. 9th Interface Symp. Computer Science and Statistics},
  year = 	 1976}


@Manual{RHistory,
  title = 	 {R : Past and Future History},
  author = 	 {Ross Ihaka},
  year = 	 1998,
  note = 	 {(draft for Interface Symp. Computer Science and Statistics): \url{https://cran.r-project.org/doc/html/interface98-paper/paper.html}}
}

@Book{EDA,
  author = 	 {John W. Tukey},
  title = 	 {Exploratory Data Analysis},
  publisher = 	 {Addison-Wesley, Reading, Massachusetts},
  year = 	 1977}


@article{future,
  title={The future of data analysis},
  author={Tukey, John W.},
  journal={The Annals of Mathematical Statistics},
  volume={33},
  number={1},
  pages={1--67},
  year={1962},
  publisher={JSTOR}
}
@book{idea,
  title={The Idea Factory: Bell Labs and the Great Age of American Innovation},
  author={ Jon Gertner},
  year={2013},
  publisher={Penguin}
}

@book{ABC,
  title={Applications, basics, and computing of exploratory data analysis},
  author={Paul F. Velleman and David C. Hoaglin},
  year={1981},
  publisher={Duxbury Press}
}

@article{wilk1968,
  title={Probability plotting methods for the analysis of data},
  author={Wilk, Martin B. and Gnanadesikan, Ram},
  journal={Biometrika},
  volume={55},
  number={1},
  pages={1--17},
  year={1968},
  publisher={Oxford University Press}
}

@book{tierney2009lisp,
  title={Lisp-stat: an object-oriented environment for statistical computing and dynamic graphics},
  author={Tierney, Luke},
  volume={353},
  year={2009},
  publisher={John Wiley \& Sons}
}

@Article{cleveland01,
  author = 	 {William S. Cleveland},
  title = 	 {Data Science: an action plan for expanding the technical areas of the field
of statistics},
  journal = 	 {International Statistical Review},
  year = 	 2001,
  volume = 	 69,
  number = 	 1,
  pages = 	 {21â€“-26}}

@Article{coons17,
  author = 	 {Christopher Coons},
  title = 	 {Editorial: Scientists can't be silent},
  journal = 	 {Science},
  year = 	 2017,
  volume = 	 357,
  number = 	 6350,
  pages = 	 431}

@book{xie2015,
  title={Dynamic Documents with R and knitr},
  author={Xie, Yihui},
  volume={29},
  year={2015},
  publisher={CRC Press}
}

@Book{XMLBook,
  author = 	 {Deborah Nolan and  Duncan {Temple Lang}},
  title = 	 {XML and Web Technologies for Data Sciences with R},
  publisher = 	 {Springer, New York},
  year = 	 2014}

@Manual{ooms,
    title = {V8: Embedded JavaScript Engine for R},
    author = {Jeroen Ooms},
    year = {2017},
    note = {R package version 1.5},
    url = {https://CRAN.R-project.org/package=V8},
  }


@article{50years,
author = {David Donoho},
title = {50 Years of Data Science},
journal = {Journal of Computational and Graphical Statistics},
volume = {26},
number = {4},
pages = {745-766},
year  = {2017},
publisher = {Taylor & Francis},
doi = {10.1080/10618600.2017.1384734},
eprint = { 
        https://doi.org/10.1080/10618600.2017.1384734
    
}

}


@Misc{ACM98,
  author = {ACM},
  title = 	 {{ACM Software System Award}},
  year = 	 1998,
  note = {\url{https://awards.acm.org/award_winners/chambers_6640862}}
}

@Book{Graphical,
  author = 	 {John M. Chambers and William S. Cleveland and Beat Kleiner and Paul A. Tukey},
  title = 	 {Graphical Methods for Data Analysis},
  publisher = 	 {Wadsworth \& Brooks Cole},
  year = 	 1983}

@book{Multics1972,
 author = {Organick, Elliott I.},
 title = {The Multics System: An Examination of Its Structure},
 year = {1972},
 isbn = {0-262-15012-3},
 publisher = {MIT Press},
 address = {Cambridge, MA, USA}
}


@Book{tannenbaum09,
  author = 	 {A. S. Tannenbaum},
  title = 	 {Modern Operating Systems},
  publisher = 	 {Prentice Hall},
  year = 	 2009,
  edition = 	 {Third}}

@inproceedings{Multics1965,
 author = {Corbat\'{o}, F. J. and Vyssotsky, V. A.},
 title = {Introduction and overview of the Multics system},
 booktitle = {Proceedings of the November 30--December 1, 1965, Fall Joint Computer Conference, Part I},
 series = {AFIPS '65 (Fall, part I)},
 year = {1965},
 location = {Las Vegas, Nevada},
 pages = {185--196},
 numpages = {12},
 doi = {10.1145/1463891.1463912},
 acmid = {1463912},
 publisher = {ACM},
 address = {New York, NY, USA},
}
@Comment url = {http://doi.acm.org/10.1145/1463891.1463912},

@Book{tidy,
  author = 	 {Hadley Wickham and Garrett Grolemund},
  title = 	 {R for Data Science: Import, Tidy, Transform, Visualize, and Model Data},
  publisher = 	 {O'Reilly},
  year = 	 2016}

@book{abelson,
  title={Structure and Interpretation of Computer Programs},
  author={Abelson, H. and Sussman, G. J.},
  year={1983},
  publisher={MIT Press, Cambridge, MA}
}

@PhdThesis{DTLThesis,
  author = 	 {Duncan {Temple Lang}},
  title = 	 {A Multi Threaded Extension to a High Level Interactive Statistical Computing Environment},
  school = 	 {University of California, Berkeley},
  year = 	 1997}

@Article{RGen,
  author = 	 {Nick Thieme},
  title = 	 {R {Generation}},
  journal = 	 {Significance},
  year = 	 2018,
  volume = 	 15,
  number = 	 4,
  pages = 	 {14-19},
  month = 	 {August}}

@Article{Hand2018hand18:_statis,
  author = 	 {D. J. Hand},
  title = 	 {Statistical challenges of administrative and transaction data (with discussion)},
  journal = 	 {Journal of the Royal Statistical Society, Series A},
  year = 	 2018,
  volume = 	 181,
  pages = 	 {555-605}}

@Article{Unix,
  author = 	 {D. M. Ritchie},
  title = 	 {The evolution of the {UNIX} time-sharing system},
  journal = 	 {AT\&T Bell Laboratories Technical Journal},
  year = 	 1984,
  volume = 	 63,
  number = 	 8,
  pages = 	 {1577-1593}}

@Article{UnixPort,
  author = 	 {S.C. Johnson and D. M. Ritchie},
  title = 	 {{UNIX} time-sharing system: portability of {C} programs and the {UNIX} system},
  journal = 	 {Bell System Technical Journal},
  year = 	 1978,
  volume = 	 57,
  number = 	 6,
  pages = 	 {2021-2048}}

@InCollection{cbData,
  author = 	 {Daniel Kaplan and Deborah Nolan},
  title = 	 {Modeling Runners' Times in the Cherry Blossom Race},
  booktitle = 	 {Data Science in R},
  publisher = {Chapman and Hall/CRC},
  year = 	 2015,
  editor = 	 {Deborah Nolan and Duncan {Temple Lang}},
  chapter = 	 2,
  pages = 	 {45-103}}

@Article{Rcpp,
    title = {{Rcpp}: seamless {R} and {C++} integration},
    author = {Dirk Eddelbuettel and Romain Fran\c{c}ois},
    journal = {Journal of Statistical Software},
    year = {2011},
    volume = {40},
    number = {8},
    pages = {1--18},
    url = {http://www.jstatsoft.org/v40/i08/},
    doi = {10.18637/jss.v040.i08},
  }


@InCollection{gabbe74,
  author = 	 {Louis Jaeckel and John Gabbe},
  title = 	 {Crawford Hill rainfall data},
  booktitle = 	 {Exploring Data Analysis: The Computer Revolution in Statistics},
  publisher = {University of California Press},
  year = 	 1974,
  chapter = 	 3}

@Article{freeny69,
  author = 	 {A. E. Freeny and J. D.  Gabbe},
  title = 	 {A statistical description of intense rainfall},
  journal = 	 {Bell System Technical Journal},
  year = 	 1969,
  volume = 	 48,
  pages = 	 {1789-1851}}

