
 %% BiBTeX database

@String{JASA    = {{Journal of the American Statistical Association}}}
@String{JCGS    = {{Journal of Computational and Graphical Statistics}}}
@String{JRSSA   = {{Journal of the Royal Statistical Society -- Series A}}}
@String{JRSSB   = {{Journal of the Royal Statistical Society -- Series B}}}
@String{JRSSC   = {{Journal of the Royal Statistical Society -- Series C (Applied Statistics)}}}
%@String{JRSSC   = {{Journal of the Royal Statistical Society -- Series C}}}
@String{JBES    = {{Journal of Business \& Economic Statistics}}}
@String{JEP     = {{Journal of Economic Perspectives}}}
@String{QJE     = {{The Quarterly Journal of Economics}}}
@String{IJMMNO  = {{International Journal of Mathematical Modelling and Numerical Optimisation}}}
@String{IJCEE   = {{International Journal of Computational Economics and Econometrics}}}
@String{CSDA    = {{Computational Statistics and Data Analysis}}}
\newcommand{\noop}[1]{}


%% ----------------   A   ---------------------

@article{Alhamzawi-2016,
 author     = {Rahim Alhamzawi},
 title      = {Bayesian Model Selection in Ordinal Quantile Regression},
 journal    = CSDA,
 volume     = {103},
 number     = {},
 pages      = {68-78},
 month      = {},
 year       = {2016},
 url        = {https://doi.org/10.1016/j.csda.2016.04.014}
}

@article{Alhamzawi-Ali-Longitudinal2018,
 author     = {Rahim Alhamzawi and Haithem Taha Mohammad Ali},
 title      = {Bayesian Quantile Regression for Ordinal Longitudinal Data},
 journal    = {Journal of Applied Statistics},
 volume     = {45},
 number     = {5},
 pages      = {815-828},
 month      = {},
 year       = {2018},
 url        = {https://doi.org/10.1080/02664763.2017.1315059}
}

@article{Albert-Chib-1993,
  author    = {James Albert and Siddhartha Chib},
  title     = {Bayesian Analysis of Binary and Polychotomous Response Data},
  journal   = JASA,
  year      = {1993},
  volume    = {88},
  number    = {422},
  pages     = {669-679},
  keywords  = {},
  abstract  = {},
  url       = {https://doi.org/10.1080/01621459.1993.10476321}
}

@article{Albert-Chib-2001,
  author   = {James Albert and Siddhartha Chib},
  title    = {Sequential Ordinal Modeling with Applications to Survival Data},
  journal  = {Biometrics},
  year     = {2001},
  volume   = {57},
  number   = {},
  pages    = {829-836},
  keywords = {},
  abstract = {},
  url      = {https://www.jstor.org/stable/3068422}
}
%% ----------------   B   ---------------------

@article{Benoit-Poel-Rpackage-2017,
title    = {bayes{QR}: A {B}ayesian Approach to Quantile Regression},
author   = {Dries F. Benoit and Dirk {Van den Poel}},
journal  = {Journal of Statistical Software},
volume   = {76},
number   = {7},
year     = {2017},
note     = {R package version 2.3},
url      = {https://cran.r-project.org/web/packages/bayesQR/index.html},
}

@article{Benoit-Poel-2010,
 author     = {Dries F. Benoit and Dirk {Van den Poel}},
 title      = {Binary Quantile Regression: A {B}ayesian Approach based on the
               Asymmetric {L}aplace Distribution},
 journal    = {Journal of Applied Econometrics},
 volume     = {27},
 number     = {7},
 pages      = {1174-1188},
 month      = {},
 year       = {2010},
 url        = {https://doi.org/10.1002/jae.1216}
}


@article{Bresson-etal-2021,
 author     = {Goerges Bresson and Guy Lacroix and Mohammad Arshad Rahman},
 title      = {Bayesian Panel Quantile Regression for Binary Outcomes with
               Correlated Random Effects: An Application on Crime Recidivism in
               {Canada}},
 journal    = {Empirical Economics},
 volume     = {60},
 number     = {1},
 pages      = {227-259},
 month      = {},
 year       = {2021},
 url        = {https://doi.org/10.1007/s00181-020-01893-5}
}
%% ----------------   C   ---------------------

@incollection{ChibHandbook-2012,
    author     = {Siddhartha Chib},
    title      = {Introduction to Simulation and {MCMC} Methods},
    booktitle  = {The {O}xford Handbook of {B}ayesian Econometrics},
    editor     = {John Geweke and Gary Koop and Herman Van Dijk},
    year       = {2012},
    volume     = {},
    number     = {},
    pages      = {183-218},
    month      = {},
    keywords   = {},
    abstract   = {},
    publisher  = {Oxford University Press, Oxford},
    url        = {https://doi.org/10.1093/oxfordhb/9780199559084.013.0006}
}


@article{Chib-Jeliazkov-2006,
    author    = {Siddhartha Chib and Ivan Jeliazkov},
    title     = {Inference in Semiparametric Dynamic Models for Binary
    Longitudinal Data},
    journal   = JASA,
    year      = {2006},
    volume    = {101},
    number    = {474},
    pages     = {685-700},
    keywords  = {},
    abstract  = {},
    url       = {https://doi.org/10.1198/016214505000000871}
}

@article{Chib-1995,
  author  = {Siddhartha Chib},
  title   = {Marginal Likelihood from the {Gibbs} Output},
  journal = JASA,
  year    = {1995},
  volume  = {90},
  number  = {432},
  pages   = {1313-1321},
  keywords= {},
  abstract= {},
  url     = {https://doi.org/10.1080/01621459.1995.10476635}

}

@article{Chib-Jeliazkov-2001,
  author   = {Siddhartha Chib and Ivan Jeliazkov},
  title    = {Marginal Likelihood from the {Metropolis-Hastings} Output},
  journal  = JASA,
  year     = {2001},
  volume   = {96},
  number   = {453},
  pages    = {270-281},
  keywords = {},
  abstract = {},
  url      = {https://doi.org/10.1198/016214501750332848}
}



@article{Chib-Greenberg-1995,
  author   = {S. Chib and E. Greenberg},
  title    = {Understanding the {Metropolis-Hastings} Algorithm},
  journal  = {The American Statistician},
  year     = {1995},
  volume   = {49},
  number   = {},
  pages    = {327-335},
  keywords = {},
  abstract = {},
  url      = {https://doi.org/10.1080/00031305.1995.10476177}
}

@article{Casella-George-1992,
  author    = {George Casella and Edward I George},
  title     = {Explaining the {Gibbs} Sampler},
  journal   = {The American Statistician},
  year      = {1992},
  volume    = {46},
  number    = {3},
  pages     = {167-174},
  keywords  = {},
  abstract  = {},
  url       = {https://doi.org/10.1080/00031305.1992.10475878}
}

%% ----------------   D   ---------------------
@article{Devroye-2014,
 author     = {Luc Devroye},
 title      = {Random Variate Generation for the Generalized Inverse {Gaussian}
               Distribution},
 journal    = {Statistics and Computing},
 volume     = {24},
 number     = {2},
 pages      = {239-246},
 month      = {},
 year       = {2014},
 url        = {https://doi.org/10.1007/s11222-012-9367-z}
}

@Book{Davino-etal-2014,
  author   = {Cristino Davino and Marileno Furno and Domenico Vistocco},
  title    = {Quantile Regression: Theory and Applications},
  year     = {2014},
  volume   = {},
  number   = {},
  pages    = {276},
  month    = {},
  keywords = {},
  abstract = {},
  publisher= {John Wiley \& Sons, Chichester},
  url      = {https://doi.org/10.1002/9781118752685}
}



@Book{Dagpunar-2007,
  author    = {John Dagpunar},
  title     = {Simulations and {M}onte {C}arlo: With Applications in Finance 
  and {MCMC}},
  year      = {2007},
  volume    = {},
  number    = {},
  pages     = {},
  month     = {},
  keywords  = {},
  abstract  = {},
  publisher = {John Wiley \& Sons Ltd., UK},
  url       = {},
  url = {https://onlinelibrary.wiley.com/doi/book/10.1002/9780470061336}
}


%% ----------------   E   ---------------------

%% ----------------   F   ---------------------
@Book{Furno-Vistocco-2018,
  author    = {Marilena Furno and Domenico Vistocco},
  title     = {Quantile Regression: Estimation and Simulation},
  year      = {2018},
  volume    = {},
  number    = {},
  pages     = {312},
  month     = {},
  keywords  = {},
  abstract  = {},
  publisher = {John Wiley \& Sons, New Jersey},
  url       = {},
  url       = {https://doi.org/10.1002/9781118863718}
}
%% ----------------   G   ---------------------

@Book{Gelman-etal-2013,
    author  = {Andrew Gelman and John B. Carlin and Hal S. Stern and David B.
    Dunson and Aki Vehtari and Donald B. Rubin},
    title   = {Bayesian Data Analysis},
    journal = {},
    year    = {2013},
    volume  = {},
    number  = {},
    pages   = {675},
    month   = {},
    keywords  = {},
    abstract  = {},
    publisher = {Chapman \& Hall, New York},
    url     = {https://doi.org/10.1201/b16018}
}


@Book{Greenberg-2012,
  author   = {Edward Greenberg},
  title    = {Introduction to {Bayesian} Econometrics},
  journal  = {},
  year     = {2012},
  volume   = {},
  number   = {},
  pages    = {272},
  month    = {},
  keywords = {},
  abstract = {},
  publisher= {2nd Edition, Cambridge University Press, New York},
  url      = {https://doi.org/10.1017/CBO9780511808920}
}



@article{Ghasemzadeh-etal-2018-METRON,
  author   = {Siamak Ghasemzadeh and Mojtaba Ganjali and Taban Baghfalaki},
  title    = {Bayesian Quantile Regression for Analyzing Ordinal Longitudinal
              Responses in the Presence of Non-ignorable Missingness},
  journal  = {METRON},
  year     = {2018},
  volume   = {76},
  number   = {3},
  pages    = {321-348},
  month    = {},
  keywords = {},
  abstract = {},
  url      = {https://doi.org/10.1007/s40300-018-0136-4}
}

@article{Ghasemzadeh-etal-2020-Comm,
  author   = {Siamak Ghasemzadeh and Mojtaba Ganjali and Taban Baghfalaki},
  title    = {Bayesian Quantile Regression for Joint Modeling of Longitudinal
              Mixed Ordinal Continuous Data},
  journal  = {Communications in Statistics $-$ Simulation and Computation},
  year     = {2020},
  volume   = {49},
  number   = {2},
  pages    = {1375-1395},
  month    = {},
  keywords = {},
  abstract = {},
  url      = {https://doi.org/10.1080/03610918.2018.1484482}
}

@Book{Greene-Hensher-2010,
  author   = {William H. Greene and David A. Hensher},
  title    = {Modeling Ordered Choices: A Primer},
  journal  = {},
  year     = {2010},
  pages    = {},
  month    = {},
  keywords = {},
  abstract = {},
  publisher={Cambridge University Press, Cambridge},
  url      = {https://doi.org/10.1017/CBO9780511845062}
}

%% ----------------   H   ---------------------


%% ----------------   I   ---------------------
%% ----------------   J   ---------------------

@article{Jeliazkov-etal-2008,
  author    = {Ivan Jeliazkov and Jennifer Graves and Mark Kutzbach},
  title     = {Fitting and Comparison of Models for Multivariate Ordinal Outcomes},
  journal   = {Advances in Econometrics: {Bayesian} Econometrics},
  year      = {2008},
  volume    = {23},
  number    = {},
  pages     = {115-156},
  keywords  = {},
  abstract  = {},
  url       = {https://doi.org/10.1016/S0731-9053(08)23004-5}
}

@Book{Johnson-Albert-2000,
  author    = {Valen E. Johnson and James H. Albert},
  title     = {Ordinal Data Modeling},
  year      = {2000},
  volume    = {},
  number    = {},
  pages     = {258},
  month     = {},
  keywords  = {},
  abstract  = {},
  publisher = {Springer, New York},
  url       = {https://doi.org/10.1007/b98832}
}

@incollection{Jeliazkov-Rahman-2012,
  author     = {Ivan Jeliazkov and Mohammad Arshad Rahman},
  title      = {Binary and Ordinal Data Analysis in Economics:
                Modeling and Estimation},
  booktitle  = {Mathematical Modeling with Multidisciplinary Applications},
  editor     = {Xin She Yang},
  year       = {2012},
  volume     = {},
  number     = {},
  pages      = {123-150},
  month      = {},
  keywords   = {},
  abstract   = {},
  publisher  = {John Wiley \& Sons Inc., New Jersey},
  url        = {https://doi.org/10.1002/9781118462706.ch6}
}


%% ----------------   K   ---------------------



@Manual{Koenker-Rpackage-2021,
title  = {quantreg: Quantile Regression},
author = {Roger Koenker},
year   = {2021},
note   = {R package version 5.85},
url    = {https://cran.r-project.org/web/packages/quantreg/index.html},
}

@article{Kordas-2006,
  author   = {Gregory Kordas},
  title    = {Smoothed Binary Regression Quantiles},
  journal  = {Journal of Applied Econometrics},
  volume   = {21},
  number   = {3},
  pages    = {387-407},
  month    = {},
  year     = {2006},
  url      = {https://doi.org/10.1002/jae.843}
}


@Book{KoenkerBook-2005,
  author  = {Koenker, Roger},
  title   = {Quantile Regression},
  year    = {2005},
  volume  = {},
  number  = {},
  pages   = {},
  month   = {},
  keywords= {},
  abstract= {},
  publisher={Cambridge University Press, Cambridge},
  url      = {https://doi.org/10.1257/jep.15.4.143}
}

@article{Koenker-Basset-1978,
   author   = {Roger Koenker and G.W. Bassett},
   title    = {Regression Quantiles},
   journal  = {Econometrica},
   volume   = {46},
   number   = {1},
   pages    = {33-50},
   abstract = {},
   language = {},
   year     = {1978},
   publisher = {},
   url      = {https://doi.org/10.2307/1913643},
}





@article{Kozumi-Kobayashi-2011,
  author   = {Hideo Kozumi and Genya Kobayashi},
  title    = {Gibbs Sampling Methods for {Bayesian} Quantile Regression},
  journal  = {Journal of Statistical Computation and Simulation},
  year     = {2011},
  volume   = {81},
  number   = {11},
  pages    = {1565-1578},
  month    = {},
  keywords = {},
  abstract = { },
  url      = {https://doi.org/10.1080/00949655.2010.496117}
}

%% ----------------   L   ---------------------
%% ----------------   M   ---------------------



@Manual{Maheshwari-Rahman-2023,
title  = {bqror: Bayesian Quantile Regression for Ordinal Models},
author = {Prajual Maheshwari and Mohammad Arshad Rahman},
year   = {2023},
note   = {R package version 1.6.0},
url   = {https://cran.r-project.org/web/packages/bqror/index.html},
}



@article{Mukherjee-Rahman-2016,
    author    = {Deep Mukherjee and Mohammad Arshad Rahman},
    title     = {To Drill or Not to Drill? An Econometric Analysis of {US}
    Public Opinion},
    journal   = {Energy Policy},
    year      = {2016},
    volume    = {91},
    number    = {},
    pages     = {341-351},
    keywords  = {},
    abstract  = {},
    url       = {https://doi.org/10.1016/j.enpol.2015.11.023}
}
%% ----------------   N   ---------------------
%% ----------------   O   ---------------------
%% ----------------   P   ---------------------


@Book{PoirierBook-1995,
  author    = {Dale J. Poirier},
  title     = {Intermediate Statistics and Econometrics},
  year      = {1995},
  volume    = {},
  number    = {},
  pages     = {},
  month     = {},
  keywords  = {},
  abstract  = {},
  publisher = {The MIT Press, Cambridge},
  url       = 
  {https://mitpress.mit.edu/9780262660945/intermediate-statistics-and-econometrics/}
}

%% ----------------   Q   ---------------------
%% ----------------   R   ---------------------



@article{Rahman-2016,
  author   = {Mohammad Arshad Rahman},
  title    = {Bayesian Quantile Regression for Ordinal Models},
  journal  = {Bayesian Analysis},
  year     = {2016},
  volume   = {11},
  number   = {1},
  pages    = {1-24},
  keywords = {},
  abstract = {},
  url      = {https://doi.org/10.1214/15-BA939}
}

@article{Rahman-Karnawat-2019,
  author   = {Mohammad Arshad Rahman and Shubham Karnawat},
  title    = {Flexible {Bayesian} Quantile Regression in Ordinal Models},
  journal  = {Advances in Econometrics},
  year     = {2019},
  volume   = {40B},
  number   = {},
  pages    = {211-251},
  keywords = {},
  abstract = {},
  url      = {https://doi.org/10.1108/S0731-90532019000040B011}
}

@article{Rahman-Vossmeyer-2019,
  author   = {Mohammad Arshad Rahman and Angela Vossmeyer},
  title    = {Estimation and Applications of Quantile Regression for Binary
              Longitudinal Data},
  journal  = {Advances in Econometrics},
  year     = {2019},
  volume   = {40B},
  number   = {},
  pages    = {157-191},
  keywords = {},
  abstract = {},
  url      = {https://doi.org/10.1108/S0731-90532019000040B009}
}


%% ----------------   S   ---------------------



@article{Spiegelhalter-etal-2002,
 author     = {David J. Spiegelhalter and Nicola G. Best and Bradley P.
 Carlin and Angelika {Van Der Linde}},
 title      = {Bayesian Measures of Model Complexity and Fit},
 journal    = JRSSB,
 volume     = {64},
 number     = {4},
 pages      = {583-639},
 month      = {},
 year       = {2002},
 url        = {https://doi.org/10.1111/1467-9868.00353}
}

%% ----------------   T   ---------------------

@article{Tian-etal-2021,
 author     = {Yu-Zhu Tian and Man-Lai Tang and Wai-Sum Chan and Mao-Zai
               Tian},
 title      = {Bayesian Bridge-Randomized Penalized Quantile Regression for
               for Ordinal Longitudinal Data, with Application to Firm's
               Bond Ratings},
 journal    = {Computational Statistics},
 volume     = {36},
 number     = {},
 pages      = {1289-1319},
 month      = {},
 year       = {2021},
 url        = {https://doi.org/10.1007/s00180-020-01037-4}
}



%% ----------------   U   ---------------------
%% ----------------   V   ---------------------
%% ----------------   W   ---------------------
%% ----------------   X   ---------------------
%% ----------------   Y   ---------------------

@article{Yu-Zu-Rpackage-2021,
title    = {{SIQR}: An {R} Package for Single-index Quantile Regression},
author   = {Tianhai Zu and Yan Yu},
journal  = {{The R Journal}},
volume   = {},
number   = {},
year     = {2021},
note     = {R package version 2.3},
url      = {https://journal.r-project.org/archive/2021/RJ-2021-092/index.html},
doi = {10.32614/RJ-2021-092}
}

@article{Yu-Moyeed-2001,
  author   = {Keming Yu and Rana A. Moyeed},
  title    = {Bayesian Quantile Regression},
  journal  = {Statistics and Probability Letters},
  year     = {2001},
  volume   = {54},
  number   = {4},
  pages    = {437-447},
  keywords = {},
  abstract = {},
  url      = {https://doi.org/10.1016/S0167-7152(01)00124-9}
}
@article{Yu-Zhang-2005,
  author   = {K. Yu and J. Zhang},
  title    = {A Three Parameter Asymmetric {Laplace} Distribution and its Extensions},
  journal  = {Communications in Statistics -- Theory and Methods},
  year     = {2005},
  volume   = {34},
  number   = {9-10},
  pages    = {1867-1879},
  keywords = {},
  abstract = {},
  doi = {10.1080/03610920500199018}
}

%% ----------------   Z   ---------------------


