@Unpublished{PickupEvans2015,
  author = {Mark Pickup and Geoffrey Evans},
  note = {2015 European Political Science Association meeting},
  title = {Estimating Dynamic Panel Models with Unobserved Heterogeneity},
  year = {2015},
}

@Article{BlundellBond1998,
  author = {Richard Blundell and Stephen Bond},
  journal = {Journal of Econometrics},
  pages = {115-143},
  title = {Initial Conditions and Moment Restrictions in Dynamic Panel Data Models},
  volume = {87},
  year = {1998},
}

@Article{CroissantMillo2008,
  title = {Panel Data Econometrics in {R}: The {plm} Package},
  author = {Yves Croissant and Giovanni Millo},
  journal = {Journal of Statistical Software},
  year = {2008},
  volume = {27},
  number = {2},
  url = {http://www.jstatsoft.org/v27/i02/},
}

@Article{CoxReid1987,
  author = {D. R. Cox and N. Reid},
  journal = {Journal of the Royal Statistical Society B},
  number = {1},
  pages = {1-39},
  title = {Parameter Orthogonality and Approximate Conditional Inference},
  volume = {49},
  year = {1987},
}

@Article{HonoreKyriazidou2000,
  author = {Bo E. Honor \'e and Ekaterini Kyriazidou},
  journal = {Econometrica},
  number = {4},
  pages = {839-874},
  title = {Panel Data Discrete Choice Models with Lagged Dependent Variables},
  volume = {68},
  year = {2000},
}

@Article{AndersonHsiao1981,
  author = {T. W. Anderson and Cheng Hsiao},
  journal = {Journal of the American Statistical Association},
  number = {375},
  pages = {598-606},
  title = {Estimation of Dynamic Models with Error Components},
  volume = {76},
  year = {1981},
}

@Article{BalestraNerlove1966,
  author = {P. Balestra and M. Nerlove},
  journal = {Econometrica},
  pages = {585-612},
  title = {Pooling Cross-Section and Time Series Data in the Estimation of a Dynamic Model: The Demand for Natural Gas},
  volume = {34},
  year = {1966},
}

@Book{Wooldridge2013,
  address = {Mason, Ohio},
  author = {Jeffrey M. Wooldridge},
  publisher = {South-Western, Cengage Learning},
  series = {Fifth},
  title = {Introductory Econometrics: a Modern Approach},
  year = {2013},
}

@Book{Greene2012,
  address = {Upper Saddle River, NJ},
  author = {William H. Greene},
  publisher = {Prentice Hall},
  series = {Seventh},
  title = {Econometric Analysis},
  year = {2012},
}

@Book{Pickup2014,
  address = {Thousand Oaks, California},
  author = {Mark Pickup},
  publisher = {Sage publications, Inc.},
  series = {Quantitative Applications in the Social Sciences},
  title = {Introduction to Time Series Analysis},
  year = {2014},
}

@Article{Nickell1981,
  author = {Stephen Nickell},
  journal = {Econometrica},
  pages = {1417-1426},
  title = {Biases in Dynamic Models with Fixed Effects},
  volume = {49},
  year = {1981},
}

@Article{NeymanScott1948,
  author = {J. Neyman and E. L. Scott},
  journal = {Econometrica},
  pages = {1-32},
  title = {Consistent Estimation from Partially Consistent Observations},
  volume = {16},
  year = {1948},
}

@Article{Lancaster2000,
  author = {Tony Lancaster},
  journal = {Journal of Econometrics},
  pages = {391-413},
  title = {The Incidental Parameter Problem since 1948},
  volume = {95},
  year = {2000},
}

@Article{Lancaster2002,
  author = {Tony Lancaster},
  journal = {Review of Economic Studies},
  pages = {647-666},
  title = {Orthogonal Parameters and Panel Data},
  volume = {69},
  year = {2002},
}

@InCollection{Blundelletal2000,
  address = {New York},
  author = {R. Blundell and S. Bond and F. Windmeijer},
  booktitle = {Nonstationary Panels, Cointegrating Panels and Dynamic Panels},
  editor = {B. H. Baltagi},
  pages = {53-92},
  publisher = {Elsevier},
  title = {Estimation in Dynamic Panel Data Models: Improving on the Performance of the Standard GMM Estimator},
  year = {2000},
}

@Unpublished{Behr2003,
  author = {Andreas Behr},
  note = {Discussion paper 05/03. Economic Research Center of the Deutsche Bundesbank.},
  title = {A Comparison of Dynamic Panel Data Estimators: Monte Carlo Evidence and an Application to the Investment Function},
  year = {2003},
}

@Book{Arellano2003,
  address = {Oxford, England},
  author = {Manuel Arellano},
  publisher = {Oxford University Press},
  series = {Advanced Texts in Econometrics},
  title = {Panel Data Econometrics},
  year = {2003},
}

@Book{Baltagi2005,
  address = {Chichester, England},
  author = {Badi H. Baltagi},
  edition = {3rd},
  publisher = {John Wiley \& Sons},
  title = {Econometric Analysis of Panel Data},
  year = {2005},
}

@Book{Baltagi2013,
  address = {Chichester, England},
  author = {Badi H. Baltagi},
  edition = {5th},
  publisher = {John Wiley \& Sons},
  title = {Econometric Analysis of Panel Data},
  year = {2013},
}

@Article{ArellanoBover1995,
  author = {Manuel Arellano and O. Bover},
  journal = {Journal of Econometrics},
  pages = {29-51},
  title = {Another Look at the Instrumental Variable Estimation of Error-Components Models},
  volume = {68},
  year = {1995},
}

@Article{ArellanoBond1991,
  author = {Manuel Arellano and Stephen Bond},
  journal = {Review of Economic Studies},
  pages = {277-297},
  title = {Some Tests of Specification for Panel Data: Monte Carlo Evidence and an Application to Employment Equations},
  volume = {58},
  year = {1991},
}

@Article{ArellanoBonhomme2009,
  author = {Manuel Arellano and St{\'e}phane Bonhomme},
  journal = {Econometrica},
  number = {2},
  pages = {489-536},
  title = {Robust Priors in Nonlinear Panel Data Models},
  volume = {77},
  year = {2009},
}

@InCollection{Finkel2008,
  address = {New York},
  author = {Steven E. Finkel},
  booktitle = {Handbook of Longitudinal Research},
  editor = {Scott Menard},
  pages = {53-92},
  publisher = {Elsevier},
  title = {Linear Panel Analysis},
  year = {2008},
}

@Book{Hsiao2014,
  address = {New York, NY},
  author = {Cheng Hsiao},
  edition = {3rd},
  publisher = {Cambridge University Press},
  title = {Analysis of Panel Data},
  year = {2014},
}

@Article{HsiaoPesaranTahmiscioglu2002,
  author = {C. Hsiao and M. H. Pesaran and A. K. Tahmiscioglu},
  journal = {Journal of Econometrics},
  pages = {107-150},
  title = {Maximum Likelihood Estimation of Fixed Effects Dynamic Panel Data Models Covering Short Time Periods},
  volume = {109},
  year = {2002},
}

@Article{Nerlove1967,
  author = {M. Nerlove},
  journal = {Economic Studies Quarterly},
  pages = {42-74},
  title = {Experimental Evidence on the Estimation of Dynamic Economic Relations from a Time Series of Cross-Sections},
  volume = {18},
  year = {1967},
}

@Article{Nerlove1971,
  author = {M. Nerlove},
  journal = {Econometrica},
  pages = {359-382},
  title = {Further Evidence on the Estimation of Dynamic Economic Relations from a Time Series of Cross-Sections},
  volume = {39},
  year = {1971},
}

@Book{Pesaran2015,
  address = {Oxford, England},
  author = {M. Hashem Pesaran},
  publisher = {Oxford University Press},
  title = {Time Series and Panel Data Econometrics},
  year = {2015},
}
