@book{bartky79,
author = {R.I.~{Bartky and E.~Harrison}},
title = {{Standard and Daylight Saving Time}},
publisher = {Scientific American 240:},
pages = {46--53},
year = {1979}
}
@book{bateman00,
author = {R.~{Bateman}},
title = {{Time Functionality in the Standard C Library,}},
publisher = {Novell AppNotes September Issue},
pages = {73--85},
year = {2000}
}
@book{dershowitz90,
author = {N.~{Dershowitz and E.M.~Reingold}},
title = {{Calendrical Calculations}},
publisher = {Software - Practice and Experience 20:},
pages = {899--928},
year = {1990}
}
@book{dershowitz97,
author = {N.~{Dershowitz and E.M.~Reingold}},
title = {{Calendrical Calculations}},
publisher = {Cambridge University Press},
year = {1997}
}
@book{grothendieck04,
author = {G.~{Grothendieck and T.~Petzoldt}},
title = {{Date and Time Classes in R}},
publisher = {R News 4(1):29-32},
year = {2004}
}
@book{iso88,
author = {IS{O-8601}},
title = {{Data Elements and Interchange Formats -- Information Interchange, Representation of Dates and Time}},
publisher = {International Organization for Standardization,Reference Number ISO 8601},
year = {1988}
}
@book{montes96,
author = {M.J.~{Montes}},
title = {{Butcher's Algorithm for Calculating the Date of Easter in}},
publisher = {the Gregorian Calendar},
year = {1996}
}
@book{ripley01,
author = {B.D.~{Ripley and K.~Hornik}},
title = {{Date-Time Classes}},
publisher = {R-News 1(2):},
pages = {8--12},
year = {2001}
}
@book{seidelmann92,
author = {P.K.~{Seidelmann~(Editor)}},
title = {{Explanatory Supplement to the Astronomical Almanac}},
publisher = {University Science Books Herndon},
year = {1992}
}
@book{tondering08,
author = {C.~{T{\o}ndering}},
title = {{Frequently Asked Questions about Calendars, }},
year = {2008},
url = {http://www.tondering.dk/claus/calendar.html}
}
@book{timeDate,
author = {D.~{W\"urtz and Y.~Chalabi with contribution from M.~Maechler, J.W.~Byers, and others}},
title = {{timeDate: Rmetrics - Chronological and Calendarical Objects, }},
year = {2011},
url = {http://cran.r-project.org/web/packages/timeDate/}
}
@book{wuertz10,
author = {D.~{W\"urtz, Y.~Chalabi and A.~Ellis}},
title = {{Chronological Objects with Rmetrics, }},
year = {2010},
url = {http://www.rmetrics.org/ebooks}
}





