@article{AllenOtero2023,
  title={Standardised Indices to Monitor Energy Droughts},
  author={Allen, Sam and Otero, Noelia},
  year={2023},
  journal={Renewable Energy},
  volume={217},
  pages={119206},
  doi={10.1016/j.renene.2023.119206},
  publisher={Elsevier}
}

@article{BaranLerch2015,
  title={Log-normal Distribution based Ensemble Model Output Statistics Models for Probabilistic Wind-Speed Forecasting},
  author={Baran, S{\'a}ndor and Lerch, Sebastian},
  year={2015},
  journal={Quarterly Journal of the Royal Meteorological Society},
  volume={141},
  pages={2289--2299},
  doi={10.1002/qj.2521},
  publisher={Wiley Online Library}
}

@article{BegueriaEtAl2014,
  title={Standardized Precipitation Evapotranspiration Index {(SPEI)} Revisited: Parameter Fitting, Evapotranspiration Models, Tools, Datasets and Drought Monitoring},
  author={Begueria, Santiago and Vicente-Serrano, Sergio M and Reig, Fergus and Latorre, Borja},
  year={2014},
  journal={International Journal of Climatology},
  volume={34},
  pages={3001--3023},
  doi={10.1002/joc.3887},
  publisher={Wiley Online Library}
}

@article{BloomfieldMarchant2013,
  title={Analysis of Groundwater Drought Building on the Standardised Precipitation Index Approach},
  author={Bloomfield, JP and Marchant, BP},
  year={2013},
  journal={Hydrology and Earth System Sciences},
  volume={17},
  pages={4769--4787},
  doi={10.5194/hess-17-4769-2013},
  publisher={Copernicus Publications Goettingen, Germany}
}

@article{BloomfieldEtAl2020,
  title={{ERA5} Derived Time Series of European Country-Aggregate Electricity Demand, Wind Power Generation and Solar Power Generation: Hourly Data From 1979-2019},
  author={Bloomfield, Hannah and Brayshaw, David and Charlton-Perez, Andrew},
  year={2020},
  doi={10.17864/1947.272},
  publisher={University of Reading}
}

@article{ErhardtCzado2018,
  title={Standardized Drought Indices: A Novel Univariate and Multivariate Approach},
  author={Erhardt, Tobias M and Czado, Claudia},
  year={2018},
  journal={Journal of the Royal Statistical Society Series C},
  volume={67},
  pages={643--664},
  doi={10.1111/rssc.12242},
  publisher={Oxford University Press}
}

@article{Guttman1999,
  title={Accepting the Standardized Precipitation Index: A Calculation Algorithm},
  author={Guttman, Nathaniel B},
  year={1999},
  journal={Journal of the American Water Resources Association},
  volume={35},
  pages={311--322},
  doi={10.1111/j.1752-1688.1999.tb03592.x},
  publisher={Wiley Online Library}
}

@article{HaoEtAl2019,
  title={Statistical Prediction of the Severity of Compound Dry-hot Events Based On {El Nino-Southern Oscillation}},
  author={Hao, Zengchao and Hao, Fanghua and Singh, Vijay P and Zhang, Xuan},
  year={2019},
  journal={Journal of Hydrology},
  volume={572},
  pages={243--250},
  doi={10.1016/j.jhydrol.2019.03.001},
  publisher={Elsevier}
}

@article{HaoEtAl2019b,
  title={A Monitoring and Prediction System for Compound Dry and Hot Events},
  author={Hao, Zengchao and Hao, Fanghua and Xia, Youlong and Singh, Vijay P and Zhang, Xuan},
  year={2019},
  journal={Environmental Research Letters},
  volume={14},
  pages={114034},
  doi={10.1088/1748-9326/ab4df5},
  publisher={IOP Publishing}
}

@article{HenziEtAl2021,
  title={Isotonic Distributional Regression},
  author={Henzi, Alexander and Ziegel, Johanna F and Gneiting, Tilmann},
  year={2021},
  journal={Journal of the Royal Statistical Society Series B: Statistical Methodology},
  volume={83},
  pages={963--993},
  doi={10.1111/rssb.12450},
  publisher={Oxford University Press}
}

@misc{HersbachEtAl2023,
  title = {ERA5 Hourly Data on Single Levels From 1940 to Present. Copernicus Climate Change Service (C3S) Climate Data Store (CDS)},
  author={Hersbach, H and Bell, B and Berrisford, PP and Biavati, G and Horanyi, A and Munoz Sabater, J and Nicolas, J and Peubey, C and Radu, Rand Rozum, I and Schepers, D and Simmons, A and Soci, C and Dee, D and Thepaut, J-N},
  year={2023},
  howpublished = {\url{https://cds.climate.copernicus.eu/cdsapp\#!/dataset/reanalysis-era5-single-levels?tab=overview}},
  note = {Accessed: 01-09-2022}
}

@article{KneibEtAl2023,
  title={Rage Against the Mean--A Review of Distributional Regression Approaches},
  author={Kneib, Thomas and Silbersdorff, Alexander and S{\"a}fken, Benjamin},
  year={2023},
  journal={Econometrics and Statistics},
  volume={26},
  pages={99--123},
  doi={10.1016/j.ecosta.2021.07.006},
  publisher={Elsevier}
}

@article{KolluEtAl2012,
  title={Mixture Probability Distribution Functions to Model Wind Speed Distributions},
  author={Kollu, Ravindra and Rayapudi, Srinivasa Rao and Narasimham, SVL and Pakkurthi, Krishna Mohan},
  year={2012},
  journal={International Journal of Energy and Environmental Engineering},
  volume={3},
  pages={1--10},
  doi={10.1186/2251-6832-3-27},
  publisher={Springer}
}


@article{LiEtAl2015,
  title={A Nonstationary Standardized Precipitation Index Incorporating Climate Indices as Covariates},
  author={Li, JZ and Wang, YX and Li, SF and Hu, R},
  year={2015},
  journal={Journal of Geophysical Research: Atmospheres},
  volume={120},
  pages={12--082},
  doi={10.1002/2015JD023920},
  publisher={Wiley Online Library}
}

@article{LiEtAl2020,
  title={Toward Monitoring Short-term Droughts Using a Novel Daily Scale, Standardized Antecedent Precipitation Evapotranspiration Index},
  author={Li, Jun and Wang, Zhaoli and Wu, Xushu and Xu, Chong-Yu and Guo, Shenglian and Chen, Xiaohong},
  year={2020},
  journal={Journal of Hydrometeorology},
  volume={21},
  pages={891--908},
  doi={10.1175/JHM-D-19-0298.1}
}

@article{LiEtAl2021,
  title={A Standardized Index for Assessing Sub-Monthly Compound Dry and Hot Conditions With Application in {China}},
  author={Li, Jun and Wang, Zhaoli and Wu, Xushu and Zscheischler, Jakob and Guo, Shenglian and Chen, Xiaohong},
  year={2021},
  journal={Hydrology and Earth System Sciences},
  volume={25},
  pages={1587--1601},
  doi={10.5194/hess-25-1587-2021},
  publisher={Copernicus GmbH}
}

@article{Massey1951,
  title={The {Kolmogorov-Smirnov} Test for Goodness of Fit},
  author={Massey Jr, Frank J},
  year={1951},
  journal={Journal of the American Statistical Association},
  volume={46},
  pages={68--78},
  doi={10.1080/01621459.1951.10500769},
  publisher={Taylor \& Francis}
}

@inproceedings{MckeeEtAl1993,
  title={The Relationship of Drought Frequency and Duration to Time Scales},
  author={McKee, Thomas B and Doesken, Nolan J and Kleist, John},
  booktitle={Proceedings of the 8th Conference on Applied Climatology},
  year={1993},
  volume={17},
  pages={179--183},
  organization={Boston, MA, USA}
}

@article{OteroEtAl2022,
  title={A Copula-Based Assessment of Renewable Energy Droughts Across Europe},
  author={Otero, Noelia and Martius, Olivia and Allen, Sam and Bloomfield, Hannah and Schaefli, Bettina},
  year={2022},
  journal={Renewable Energy},
  volume={201},
  pages={667--677},
  doi={10.1016/j.renene.2022.10.091},
  publisher={Elsevier}
}

@article{OteroEtAl2022b,
  title={Characterizing Renewable Energy Compound Events Across Europe Using a Logistic Regression-based Approach},
  author={Otero, Noelia and Martius, Olivia and Allen, Sam and Bloomfield, Hannah and Schaefli, Bettina},
  year={2022},
  journal={Meteorological Applications},
  volume={29},
  pages={e2089},
  doi={10.1002/met.2089},
  publisher={Wiley Online Library}
}

@article{RashidBeecham2019,
  title={Development of a Non-Stationary Standardized Precipitation Index and its Application to a South Australian Climate},
  author={Rashid, Md Mamunur and Beecham, Simon},
  year={2019},
  journal={Science of the Total Environment},
  volume={657},
  pages={882--892},
  doi={10.1016/j.scitotenv.2018.12.052},
  publisher={Elsevier}
}

@article{RigbyEtAl2005,
  title={Generalized Additive Models for Location, Scale and Shape},
  author={Rigby, Robert A and Stasinopoulos, D Mikis},
  year={2005},
  journal={Journal of the Royal Statistical Society Series C: Applied Statistics},
  volume={54},
  pages={507--554},
  doi={10.1111/j.1467-9876.2005.00510.x},
  publisher={Oxford University Press}
}

@article{RussoEtAl2013,
  title={Projection of Occurrence of Extreme Dry-wet Years and Seasons in Europe with Stationary and Nonstationary Standardized Precipitation Indices},
  author={Russo, Simone and Dosio, Alessandro and Sterl, Andreas and Barbosa, P and Vogt, Juergen},
  year={2013},
  journal={Journal of Geophysical Research: Atmospheres},
  volume={118},
  pages={7628--7639},
  doi={10.1002/jgrd.50571},
  publisher={Wiley Online Library}
}

@article{ShaoEtAl2022,
  title={Nonstationary Analysis of Hydrological Drought Index in a Coupled Human-Water System: Application of the GAMLSS with Meteorological and Anthropogenic Covariates in the Wuding River Basin, China},
  author={Shao, Shuting and Zhang, Hongbo and Singh, Vijay P and Ding, Hao and Zhang, Jingru and Wu, Yanrui},
  year={2022},
  journal={Journal of Hydrology},
  volume={608},
  pages={127692},
  doi={10.1016/j.jhydrol.2022.127692},
  publisher={Elsevier}
}

@article{ShuklaWood2008,
  title={Use of a Standardized Runoff Index for Characterizing Hydrologic Drought},
  author={Shukla, Shraddhanand and Wood, Andrew W},
  year={2008},
  journal={Geophysical Research Letters},
  volume={35},
  pages={L02405},
  doi={10.1029/2007GL032487},
  publisher={Wiley Online Library}
}

@book{Silverman2018,
  title={Density Estimation for Statistics and Data Analysis},
  author={Silverman, Bernard W},
  year={2018},
  doi={10.1201/9781315140919},
  publisher={Routledge, New York}
}

@article{StaggeEtAl2015,
  title={Candidate Distributions for Climatological Drought Indices {(SPI and SPEI)}},
  author={Stagge, James H and Tallaksen, Lena M and Gudmundsson, Lukas and Van Loon, Anne F and Stahl, Kerstin},
  year={2015},
  journal={International Journal of Climatology},
  volume={35},
  pages={4027--4040},
  doi={10.1002/joc.4267},
  publisher={Wiley Online Library}
}

@article{StasinopoulosEtAl2008,
  title={Generalized Additive Models for Location Scale and Shape (GAMLSS) in R},
  author={Stasinopoulos, D Mikis and Rigby, Robert A},
  year={2008},
  journal={Journal of Statistical Software},
  volume={23},
  pages={1--46},
  doi={10.18637/jss.v023.i07}
}

@book{StasinopoulosEtAl2017,
  title={Flexible Regression and Smoothing: Using GAMLSS in R},
  author={Stasinopoulos, Mikis D and Rigby, Robert A and Heller, Gillian Z and Voudouris, Vlasios and De Bastiani, Fernanda},
  year={2017},
  doi={10.1201/b21973},
  publisher={CRC Press},
}

@article{VicenteEtAl2010,
  title={A Multiscalar Drought Index Sensitive to Global Warming: The Standardized Precipitation Evapotranspiration Index},
  author={Vicente-Serrano, Sergio M and Begueria, Santiago and Lopez-Moreno, Juan I},
  year={2010},
  journal={Journal of Climate},
  volume={23},
  pages={1696--1718},
  doi={10.1175/2009JCLI2909.1}
}

@article{VicenteEtAl2012,
  title={Accurate Computation of a Streamflow Drought Index},
  author={Vicente-Serrano, Sergio M and Lopez-Moreno, Juan I and Begueria, Santiago and Lorenzo-Lacruz, Jorge and Azorin-Molina, Cesar and Moran-Tejeda, Enrique},
  year={2012},
  journal={Journal of Hydrologic Engineering},
  volume={17},
  pages={318--332},
  doi={10.1061/(ASCE)HE.1943-5584.0000433},
  publisher={American Society of Civil Engineers}
}

@article{WangEtAl2015,
  title={A Time-Dependent Drought Index for Non-Stationary Precipitation Series},
  author={Wang, Yixuan and Li, Jianzhu and Feng, Ping and Hu, Rong},
  year={2015},
  journal={Water Resources Management},
  volume={29},
  pages={5631--5647},
  doi={10.1007/s11269-015-1138-0},
  publisher={Springer}
}

@article{ZargarEtAl2011,
  title={A Review of Drought Indices},
  author={Zargar, Amin and Sadiq, Rehan and Naser, Bahman and Khan, Faisal I},
  year={2011},
  journal={Environmental Reviews},
  volume={19},
  pages={333--349},
  doi={10.1139/a11-013},
  publisher={NRC Research Press}
}

@article{ZscheischlerEtAl2014,
  title={Impact of Large-Scale Climate Extremes on Biospheric Carbon Fluxes: An Intercomparison Based on {MsTMIP} Data},
  author={Zscheischler, Jakob and Michalak, Anna M and Schwalm, Christopher and Mahecha, Miguel D and Huntzinger, Deborah N and Reichstein, Markus and Berthier, Gwenaelle and Ciais, Philippe and Cook, Robert B and El-Masri, Bassil and others},
  year={2014},
  journal={Global Biogeochemical Cycles},
  volume={28},
  pages={585--600},
  doi={10.1002/2014GB004826},
  publisher={Wiley Online Library}
}


@Manual{SCI,
  title={\pkg{SCI}: Standardized Climate Indices such as SPI, SRI or SPEI},
  author={Lukas Gudmundsson and James H. Stagge},
  year={2016},
  note={R package version~1.0-2},
  url={https://CRAN.R-project.org/package=SCI},
}

@Manual{SPEI-R,
  title={\pkg{SPEI}: Calculation of the Standardized Precipitation-Evapotranspiration Index},
  author={Santiago Beguería and Sergio M. Vicente-Serrano},
  year={2023},
  note={R package version~1.8.1},
  url={https://CRAN.R-project.org/package=SPEI},
}

@Manual{SPIGA,
  title={\pkg{SPIGA}: Compute SPI Index Using the Methods Genetic Algorithm and Maximum Likelihood},
  author={Ivan Ayala-Bizarro and Jessica Zuniga-Mendoza},
  year={2016},
  note={R package version~1.0.0},
  url={https://CRAN.R-project.org/package=SPIGA},
}


@Manual{standaRdized,
  title={\pkg{standaRdized}},
  author={Willem Maetens},
  year={2019},
  note={GitHub repository release~v.1.0},
  url={https://github.com/WillemMaetens/standaRdized},
}

 at \url{https://github.com/WillemMaetens/standaRdized}

@Manual{Python,
	author={Python},
	title={Python Software, Version~3.6.4},
	year={2017},
	address={Beaverton, OR},
	url={https://www.python.org/}
}

@Manual{climate_indices,
    title={\pkg{climate_indices}: An Open Source Python Library Providing Reference Implementations of Commonly Used Climate Indices},
    author={James Adams},
    year={2017},
    note={Python package version~2.0.0},
    url={https://pypi.org/project/climate-indices/},
}

@Manual{spei-python,
    title={\pkg{spei}: A Simple Python Package to Calculate Drought Indices for Time Series such as the SPI, SPEI and SGI},
    author={Martin Vonk},
    year={2017},
    note={Python package version~2.0.0},
    url={https://pypi.org/project/spei/},
}

@Manual{standard-precip,
    title={\pkg{standard-precip}: Functions to Calculate SPI and SPEI},
    author={Eric Nussbaumer},
    year={2021},
    note={Python package version~1.0},
    url={https://pypi.org/project/standard-precip/},
}






