@Article{armbruster1979bayesian,
  author = {Walter Armbruster and Werner Boge},
  journal = {Game theory and related topics},
  pages = {28},
  title = {Bayesian Game Theory},
  volume = {17},
  year = {1979},
}


@Manual{Baser1,
  title = {EpistemicGameTheory: Constructing an Epistemic Model for the Games with Two Players.},
  author = {Bilge Baser},
  year = {2017},
  note = {R Package version 0.1.2.},
  url = {https://CRAN.R-project.org/package=EpistemicGameTheory},
}

@Manual{Baser2,
title = {Epistemik Oyun Teorisi Algoritmalari:{"}EpistemicGameTheory{"} R Package. Dissertation},
  author = {Bilge Baser},
  organization = {Mimar Sinan Fine Arts University},
  year = {2017},
}

@Article{Basu,
  author = {K. Basu},
  journal = {The American Economic Review},
  title = {The Travelers Dilemma: Paradoxes of Rationality in Game Theory},
  volume = {84},
  number = {2},
  pages = {391-395},
  year = {1994},
}



@Manual{Berkelaar,
  title = {lpSolve},
  author = {M. Berkelaar and {et al}},
  year = {2015},
  note = {R Package version 5.6.13.},
  url = {https://CRAN.R-project.org/package=lpSolve},
}


@Article{brandenburger2010origins,
  author = {Adam Brandenburger},
  journal = {Epistemic Logic},
  pages = {59--69},
  title = {Origins of Epistemic Game Theory},
  volume = {5},
  year = {2010},
}


@Article{BrandenburgerDekel,
  author = {Adam Brandenburger and Eddie Dekel},
  journal = {Econometrica},
  title = {Rationalizability and Correlated Equilibria},
  volume = {55},
  number = {6},
  pages = {1391-1402},
  year = {1987},
url = {http://dx.doi.org/10.2307/1913562},
}


@Article{Boge,
  author = {W. Boge and T. H. Eisele},
  journal = {International Journal of Game Theory},
  number = {4},
  pages = {193--215},
  title = {On Solutions of Bayesian Games},
  volume = {8},
  year = {1979},
url = {http://dx.doi.org/10.1007/BF01766706},
}


@Article{Harsanyi1967,
  author = {J. C. Harsanyi},
  journal = {Management Science},
  number = {28},
  pages = {115--138},
  title = {Games with incomplete information played by  {"}bayesian{"} players Part I. Papers in Game Theory, Theory and decision library{ I-III}},
  volume = {14},
  year = {1982},
url = {https://doi.org/10.1007/978-94-017-2527-9_6},
}

@Article{Morgenstern,
  author = {O. Morgenstern},
  journal = {Selected Economic Writings of Oskar Morgenstern},
  pages = {169--183},
  title = {Perfect Foresight and Economic Equilibrium},
  year = {1935},
}

@Article{Pearce,
  author = {D Pearce},
  journal = {Econometrica},
  number = {52},
  pages = {1029--1050},
  title = {Rationalizable Strategic Behavior and the Problem of Perfection},
  year = {1984},
url = {http://dx.doi.org/10.2307/1911197},
}

@Article{Perea2007,
  author = {A. Perea},
  journal = {Synthese},
  number = {X},
  pages = {251--271},
  title = {A One-Person Doxastic Characterization of Nash Strategies},
  volume = {158},
  year = {2007},
url = {https://doi.org/10.1017/CBO9780511844072},
}

@Article{Perea2014,
  author = {A. Perea},
  journal = {EPICENTER Research Center for Epistemic Game Theory},
  title = {When Do Types Induce the Same Belief Hierarchy? The Case of Finitely Many Types, Maastricht},
  year = {2014},
}

@Article{Tan,
  author = {T. Tan and S. Werlang},
  journal = {Journal of Economic Theory},
  number = {45},
  pages = {370--391},
  title = {The Bayesian Foundations of Solution Concepts of Games},
  year = {1988},
url = {http://dx.doi.org/10.1016/0022-0531(88)90276-1},
}

@Manual{Zamir,
	title = {Bayesian Games: Games with Incomplete Information. In: Meyers R. (eds) Encyclopedia of Complexity and Systems Science},
	author = {S. Zamir},
	organization = {Springer},
	address = {New York},
	year = {2013},
	url = {https://doi.org/10.1007/978-3-642-27737-5_29-3},
}


@Manual{Perea2012,
  title = {Epistemic Game Theory: Reasoning and Choice},
  author = {A. Perea},
  organization = {Cambridge University Press},
  address = {Cambridge},
  year = {2012},
  url = {https://doi.org/10.1017/CBO9780511844072},
}



@Manual{Wickham,
  title = {Roxygen2},
  author = {H. Wickham and {et al}},
  year = {2015},
  note = {R Package version 6.0.1.},
  url = {https://CRAN.R-project.org/package=roxygen2},
}

