@book{andrews:2008:latticist,
author = {F.~{Andrews}},
title = {{latticist: A graphical user interface for exploratory visualisation, }},
publisher = {R package version 0.9-42},
year = {2008},
url = {http://latticist.googlecode.com/}
}

@book{bivand.etal:2008:spatial,
author = {R.~S. {Bivand, E.~J. Pebesma, and V.~G{\'o}mez-Rubio}},
title = {{Applied Spatial Data Analysis with R}},
publisher = {Use R! Springer New York},
year = {2008},
isbn = {978-0-387-78170-9}
}

@book{breiman:2001:random_forests,
author = {L.~{Breiman}},
title = {{Random forests}},
publisher = {Machine Learning 45 (1):},
pages = {5--32},
year = {2001}
}

@book{mice,
author = {~{Buuren and K.~Groothuis-Oudshoorn}},
title = {{MICE: Multivariate Imputation by Chained Equations in R}},
publisher = {Journal of Statistical Software forthcoming},
year = {2009},
url = {http://CRAN.R-project.org/package=mice}
}

@book{chen.williams.xu:2007:pakdd07_open_source,
author = {X.~{Chen, G.~Williams, and X.~Xu}},
title = {{Open source data mining systems}},
publisher = {In Z.~Huang and Y.~Ye editors Proceedings of the IndustryStream 11th Pacific Asia Conference on Knowledge Discovery and Data Mining(PAKDD07)},
year = {2007}
}

@book{cleveland:1993:visual_data,
author = {W.~S. {Cleveland}},
title = {{Visualizing Data}},
publisher = {Hobart Press Summit New Jersey},
year = {1993},
isbn = {0-9634884-0-6}
}

@book{cook.swayne:2007:rggobi,
author = {D.~{Cook and D.~F. Swayne}},
title = {{Interactive and Dynamic Graphics for Data Analysis}},
publisher = {Springer},
year = {2007}
}

@book{dmg:2008:pmml,
author = {{{Data Mining Group}}},
title = {{PMML version 3.2}},
publisher = {WWW},
year = {2008},
url = {http://www.dmg.org/pmml-v3-2.html}
}

@book{feinerer:2008:text_mining_r,
author = {I.~{Feinerer}},
title = {{An introduction to text mining in R}},
publisher = {R News 8 (2):  Oct},
pages = {19--22},
year = {2008}
}

@book{guazzelli_etal:2009:pmml,
author = {A.~{Guazzelli, M.~Zeller, W.-C. Lin, and G.~Williams}},
title = {{Pmml: An open standard for sharing models}},
publisher = {The R Journal 1 (1):  May},
pages = {60--65},
year = {2009},
url = {http://journal.r-project.org/2009-1/RJournal_2009-1_Guazzelli+et+al.pdf%}
}

@book{hahsler.gruen.hronik:2005:arules,
author = {M.~{Hahsler, B.~Gruen and K.~Hornik}},
title = {{arules -- A computational environment for mining association rules and frequent item sets}},
publisher = {Journal of Statistical Software 14/15},
year = {2005}
}

@book{harrell:2009:hmisc,
author = {F.~E.~{Harrell~Jr and with contributions from many other users}},
title = {{Hmisc: Harrell Miscellaneous, }},
publisher = {R package version 3.7-0},
year = {2009},
url = {http://CRAN.R-project.org/package=Hmisc}
}

@book{amelia,
author = {J.~{Honaker, G.~King, and M.~Blackwell}},
title = {{Amelia: Amelia II: A Program for Missing Data, }},
publisher = {R package version 1.2-13},
year = {2009},
url = {http://CRAN.R-project.org/package=Amelia}
}

@book{hornik.buchta.zeileis:2009:rweka,
author = {K.~{Hornik, C.~Buchta, and A.~Zeileis}},
title = {{Open-Source machine learning: R meets Weka}},
publisher = {Computational Statistics 24 (2):},
pages = {225--232},
year = {2009}
}

@book{party,
author = {T.~{Hothorn, K.~Hornik and A.~Zeileis}},
title = {{Unbiased recursive partitioning: A conditional inference framework}},
publisher = {Journal of Computational and Graphical Statistics 15 (3):},
pages = {651--674},
year = {2006}
}

@book{lawrence.lang:2006:rgtk2,
author = {M.~{Lawrence and D.~T. Lang}},
title = {{Rgtk2---a GUI toolkit for R}},
publisher = {Statistical Computing and Graphics 17 (1)},
year = {2006}
}

@book{leisch:2002:sweave,
author = {F.~{Leisch}},
title = {{Sweave: Dynamic generation of statistical reports using literate data analysis}},
publisher = {In W.~H"ardle and B.~R"onz editors Compstat  ---Proceedings in Computational Statistics pages  Physica Verlag,Heidelberg   ~leisch/Sweave},
pages = {575--580},
year = {2002},
url = {http://www.stat.uni-muenchen.de/},
isbn = {3-7908-1517-9}
}

@book{rf,
author = {A.~{Liaw and M.~Wiener}},
title = {{Classification and regression by randomForest}},
publisher = {R News 2 (3)},
year = {2002}
}

@book{quinlan:1986:mlj_decision_trees,
author = {J.~R. {Quinlan}},
title = {{Induction of decision trees}},
publisher = {Machine Learning 1 (1):},
pages = {81--106},
year = {1986}
}

@book{lattice,
author = {D.~{Sarkar}},
title = {{Lattice: Multivariate Data Visualization with R}},
publisher = {Use R! Springer New York},
year = {2008},
isbn = {978-0-387-75968-5}
}

@book{rocr,
author = {T.~{Sing, O.~Sander, N.~Beerenwinkel and T.~Lengauer}},
title = {{ROCR: Visualizing the performance of scoring classifiers, }},
publisher = {R package version 1.0-3},
year = {2009},
url = {http://CRAN.R-project.org/package=ROCR}
}

@book{rpart,
author = {T.~M.~{Therneau and B.~Atkinson. R port by B.~Ripley}},
title = {{rpart: Recursive Partitioning, }},
publisher = {R package version 3.1-45},
year = {2009},
url = {http://CRAN.R-project.org/package=rpart}
}

@book{reshape,
author = {H.~{Wickham}},
title = {{Reshaping data with the reshape package}},
publisher = {Journal of Statistical Software 21 (12)},
year = {2007}
}

@book{ggplot2,
author = {H.~{Wickham}},
title = {{ggplot2 Elegant Graphics for Data Analysis}},
publisher = {Use R! Springer New York},
year = {2008},
isbn = {978-0-387-75968-5}
}

@book{wickham.etal:2008:intro_rggobi,
author = {H.~{Wickham, M.~Lawrence, D.~T. Lang, and D.~F. Swayne}},
title = {{An introduction to rggobi}},
publisher = {R News 8 (2):  Oct},
pages = {3--7},
year = {2008}
}

@book{williams:2009:data_mining_survival,
author = {G.~J. {Williams}},
title = {{The Data Mining Desktop Survival Guide}},
publisher = {Togaware natexlaba},
year = {2009},
url = {http://datamining.togaware.com/survival}
}

@book{williams:2009:rattle,
author = {G.~J. {Williams}},
title = {{rattle: A graphical user interface for data mining in R, natexlabb}},
publisher = {R package version 2.4.55},
year = {2009},
url = {http://cran.r-project.org/package=rattle}
}

@book{williams:aida.1988,
author = {G.~J. {Williams}},
title = {{Combining decision trees: Initial results from the MIL algorithm}},
publisher = {In J.~S Gero and R.~B Stanton editors ArtificialIntelligence Developments and Applications pages  Elsevier SciencePublishers B.V (North-Holland)},
pages = {273--289},
year = {1988}
}

@book{witten.frank:2005:weka,
author = {I.~H. {Witten and E.~Frank}},
title = {{Data Mining: Practical Machine Learning Tools and Techniques}},
publisher = {Morgan Kaufmann San Francisco 2nd edition   ~ml/weka/book.html},
year = {2005},
url = {http://www.cs.waikato.ac.nz/}
}

@book{fbasics,
author = {D.~{Wuertz and many others}},
title = {{fBasics: Rmetrics - Markets and Basic Statistics, }},
publisher = {R package version 2100.78},
year = {2009},
url = {http://CRAN.R-project.org/package=fBasics}
}

