@book{ali04,
author = {R.~A. {Ali and T.~Richardson}},
title = {{Searching across Markov equivalence classes of maximal ancestral graphs}},
publisher = {In Proceedings of the Joint Statistical Meeting of theAmerican Statistical Association Toronto Canada},
year = {2004}
}
@book{cox96,
author = {D.~R. {Cox and N.~Wermuth}},
title = {{Multivariate Dependencies : models, analysis and interpretation}},
publisher = {Chapman & Hall London United Kingdom},
year = {1996}
}
@book{csa09,
author = {G.~{Csardi and T.~Nepusz}},
title = {{The "igraph" software package for complex network research}},
publisher = {InterJournal Complex Systems: 1695},
year = {2006},
url = {http://igraph.sf.net}
}
@book{DetHo05,
author = {C.~{Dethlefsen and S.~H{\o}jsgaard}},
title = {{A common platform for graphical models in R: The gRbase package}},
publisher = {Journal of Statistical Software 14 (17): 12  ISSN 1548-7660},
pages = {1--12},
year = {2005},
url = {http://www.jstatsoft.org/v14/i17}
}
@book{graph,
author = {R.~{Gentleman, E.~Whalen, W.~Huber, and S.~Falcon}},
title = {{graph: A package to handle graph data structures, }},
publisher = {R package version 1.36.0},
year = {2012}
}
@book{gRain,
author = {S.~{H{\o}jsgaard}},
title = {{Graphical independence networks with the gRain package for R}},
publisher = {Journal of Statistical Software 46 (10):},
pages = {1--26},
year = {2012},
url = {http://www.jstatsoft.org/v46/i10/}
}
@book{hoi12,
author = {S.~{H{\o}jsgaard, D.~Edwards, and S.~Lauritzen}},
title = {{Graphical Models with R}},
publisher = {Springer-Verlag Berlin-Heidelberg-New York},
year = {2012}
}
@book{kos02,
author = {J.~T.~A. {Koster}},
title = {{Marginalizing and conditioning in graphical models}},
publisher = {Bernoulli 8 (6):},
pages = {817--840},
year = {2002}
}
@book{mar06,
author = {G.~M. {Marchetti}},
title = {{Independencies induced from a graphical Markov model after marginalization and conditioning: the R package ggm}},
publisher = {Journal of Statistical Software 15 (6)},
year = {2006}
}
@book{ggm,
author = {G.~M. {Marchetti, M.~Drton, and K.~Sadeghi}},
title = {{ggm: A package for Graphical Markov Models, }},
publisher = {R package version 1.995-3},
year = {2012},
url = {http://CRAN.R-project.org/package=ggm}
}
@book{pea88,
author = {J.~{Pearl}},
title = {{Probabilistic Reasoning in Intelligent Systems: networks of plausible inference}},
publisher = {Morgan Kaufmann Publishers San Mateo CA USA},
year = {1988}
}
@book{ric02,
author = {T.~S. {Richardson and P.~Spirtes}},
title = {{Ancestral graph Markov models}},
publisher = {Annals of Statistics 30 (4):},
pages = {962--1030},
year = {2002}
}
@book{sad112,
author = {K.~{Sadeghi}},
title = {{Stable mixed graphs}},
publisher = {Bernoulli to appear natexlaba},
year = {2012},
url = {http://arxiv.org/abs/1110.4168}
}
@book{sad113,
author = {K.~{Sadeghi}},
title = {{Markov equivalences for subclasses of mixed graphs}},
publisher = {Submitted natexlabb},
year = {2012},
url = {http://arxiv.org/abs/1110.4539}
}
@book{sad11,
author = {K.~{Sadeghi and S.~L. Lauritzen}},
title = {{Markov properties for mixed graphs}},
publisher = {Bernoulli to appear},
year = {2012},
url = {http://arxiv.org/abs/1109.5909}
}
@book{wer11,
author = {N.~{Wermuth}},
title = {{Probability distributions with summary graph structure}},
publisher = {Bernoulli 17 (3):},
pages = {845--879},
year = {2011}
}
@book{werc08,
author = {N.~{Wermuth and D.~R. Cox}},
title = {{Distortion of effects caused by indirect confounding}},
publisher = {Biometrika 95:},
pages = {17--33},
year = {2008}
}
@book{wers11,
author = {N.~{Wermuth and K.~Sadeghi}},
title = {{Sequences of regressions and their independences}},
publisher = {TEST 21 (2):  and 274--279},
pages = {215--252},
year = {2012}
}



