@Manual{m2,
  title =     {discreteRV: Create and Manipulate Discrete Random Variables},
  author =   {Buja, Andreas and Hare, Eric and Hofmann, Heike},
  note =	 {R package version 1.2.1},
  url =		 {http://CRAN.R-project.org/package=discreteRV},
  year =	 {2015}
}

@Manual{m3,
  title =	 {rv2: Discrete Random Variables},
  author =	 {Andreas Buja and Hadley Wickham},
  note =	 {R package version 0.1},
  url =		 {https://github.com/hadley/rv2},
  year =	 {2014}
}

@Manual{m4,
  title =     {Basic Probability in R},
  author =	 {Andreas Buja},
  url =		 {http://stat.wharton.upenn.edu/~buja/STAT-101/src-probability.R},
}

@Manual{m5,
  title =     {devtools: Tools to Make Developing R Packages Easier},
  author =     {Hadley Wickham and Winston Chang},
  note =	 {R package version 1.7.0},
  url =		 {http://CRAN.R-project.org/package=devtools},
  year =	 {2015}
}

@book{cb:2001,
  author =	 "George Casella and Roger L. Berger",
  title =	 "Statistical Inference",
  publisher =	 "Cengage Learning",
  year =	 "2001",
  volume =	 "2"
}

@book{ws:1999,
  author =	 "Chris Wild and George Seber",
  title =	 "Chance Encounters: A First Course in Data Analysis
                  and Inference",
  publisher =	 "John Wiley \& Sons",
  year =	 "1999"
}



