@book{playwith:Andrews:2010,
author = {F.~{Andrews}},
title = {{playwith: A GUI for interactive plots using GTK+}},
publisher = {R package version 0.9-53},
url = {http://code.google.com/p/playwith/}
}
@book{Tcltk:Dalgaard:2001,
author = {P.~{Dalgaard}},
title = {{A Primer on the R-Tcl/Tk Package}},
publisher = {R News 1 (3):},
pages = {27--31},
year = {2001},
url = {http://journal.r-project.org/}
}
@book{Tcltk:Dalgaard:2002,
author = {P.~{Dalgaard}},
title = {{Changes to the R-Tcl/Tk Package}},
publisher = {R News 2 (3):},
pages = {25--71},
year = {2002},
url = {http://journal.r-project.org/}
}
@book{Rcmdr:Fox:2005,
author = {J.~{Fox}},
title = {{The R Commander: A Basic-Statistics Graphical User Interface to R}},
publisher = {Journal of Statistical Software 14 (9)},
year = {2005},
url = {http://www.jstatsoft.org/}
}
@book{Monthy:Gilliam+Jones:1975,
author = {T.~{Gilliam and T.~Jones}},
title = {{Monty Python Holy Grail}},
publisher = {EMI Films UK}
}
@book{SciViews:Grosjean:2010,
author = {P.~{Grosjean}},
title = {{Sci-Views-R: A GUI API for R}},
publisher = {UMONS Mons Belgium},
year = {2010},
url = {http://www.sciviews.org/SciViews-R/}
}
@book{JGR:Helbig+Theus+Urbanek:2005,
author = {M.~{Helbig, M.~Theus, and S.~Urbanek}},
title = {{JGR: Java GUI for R}},
publisher = {Statistical Computing and Graphics Newsletter 16(2):},
pages = {9--12},
year = {2005},
url = {http://stat-computing.org/newsletter/}
}
@book{GrapheR:Herve:2011,
author = {M.~{Herv\'e}},
title = {{GrapheR: A multiplatform GUI for drawing customizable graphs in R}},
publisher = {R package version 1.9-66},
url = {http://cran.r-project.org/package=GrapheR}
}
@book{R:Ihaka+Gentleman:1996,
author = {R.~{Ihaka and R.~Gentleman}},
title = {{R: A Language for Data Analysis and Graphics}},
publisher = {Journal of Computational and Graphical Statistics 5(3):},
pages = {299--314},
year = {1996},
url = {http://www.amstat.org/publications/jcgs/}
}
@book{Rattle:Williams:2009,
author = {G.~J. {Williams}},
title = {{Rattle: A Data Mining GUI for R}},
publisher = {The R Journal 1 (2):},
pages = {45--55},
year = {2009},
url = {http://journal.r-project.org/}
}

