@BOOK{Anselin88,
  author =	 {L Anselin},
  year =	 1988,
  title =	 {Spatial Econometrics. Methods and Models},
  publisher =	 {Kluwer},
  address =	 {Boston},
}

@ARTICLE{AroraLahiri97,
  author =	 {V Arora and P Lahiri},
  year =	 1997,
  title =	 {On the Superiority of the Bayesian Method over the
                  {BLUP} in Small Area Estimation Problems},
  journal =	 {Statistica Sinica},
  volume =	 {7},
  number=        {4},
  pages =	 {1053--1063}
}

@ARTICLE{BatteseHarterFuller88,
  author =	 {G E Battese and R M Harter and W A Fuller},
  year =	 1988,
  title =	 {An Error-Components Model for Prediction of County
                  Crop Areas Using Survey and Satellite Data},
  journal =	 {Journal of the American Statistical Association},
  volume =	 {83},
  number =	 {401},
  pages =	 {28--36}
}

@BOOK{Cressie93,
  author =	 {N Cressie},
  year =	 1993,
  title =	 {Statistics for Spatial Data},
  publisher =	 {John Wiley \& Sons},
}

@MANUAL{BIAS05,
  author =	 {BIAS},
  year =	 2005,
  title =	 {Bayesian Methods for Combining Multiple Individual
                  and Aggregate Data Sources in Observational Studies},
  url =		 {http://www.bias-project.org.uk}
}

@MANUAL{Boonstra12,
  author =	 {H J Boonstra},
  year =	 2012,
  title =	 {hbsae: Hierarchical Bayesian Small Area Estimation},
  note =	 {{R}~package version~1.0},
  url =		 {http://CRAN.R-project.org/package=hbsae}
}

@MANUAL{Breidenbach11,
  author =	 {J Breidenbach},
  year =	 2011,
  title =	 {JoSAE: Functions for Unit-Level Small Area
                  Estimators and their Variances},
  note =	 {{R}~package version~0.2},
  url =		 {http://CRAN.R-project.org/package=JoSAE}
}

@ARTICLE{DattaLahiri00,
  author =	 {G S Datta and P Lahiri},
  year =	 2000,
  title =	 {A Unified Measure of Uncertainty of Estimated Best
                  Linear Unbiased Predictors in Small Area Estimation
                  Problems},
  journal =	 {Statistica Sinica},
  volume =	 {10},
  number = {2},
  pages =	 {613--627}
}

@ARTICLE{DattaRaoSmith05,
  author =	 {G S Datta and J N K Rao and D D Smith},
  title =	 {On Measuring the Variability of Small Area
                  Estimators under a Basic Area Level Model},
  year =	 2005,
  journal =	 {Biometrika},
  volume={92},
  number={1},
  pages =	 {183--196}
}

@ARTICLE{DrewSinghChoudhry82,
  author =	 {D Drew and M P Singh and G H Choudhry},
  year =	 1982,
  title =	 {Evaluation of Small Area Estimation Techniques for
                  the Canadian Labour Force Survey},
  journal =	 {Survey Methodology},
  volume={8},
  number={1},
  pages =	 {17--47}
}

@MANUAL{EstebanMoralesPerez14,
  author =	 {M D Esteban and D Morales and A Perez},
  year =	 2014,
  title =	 {saery: Small Area Estimation for Rao and Yu Model},
  note =	 {{R}~package version~1.0},
  url =		 {http://CRAN.R-project.org/package=saery}
}

@MANUAL{EURAREA01,
  author =	 {EURAREA},
  year =	 2001,
  title =	 {Enhancing Small Area Estimation Techniques to Meet
                  European Needs},
  url =
                  {http://www.ons.gov.uk/ons/guide-method/method-quality/
                  general-methodology/spatial-analysis-and-modelling/eurarea/index.html}
}

@ARTICLE{FayHerriot79,
  author =	 {R E Fay and R A Herriot},
  year =	 1979,
  title =	 {Estimation of Income from Small Places: An
                  Application of {James-Stein} Procedures to Census
                  Data},
  journal =	 {Journal of the American Statistical Association},
  volume={74},
  number={366},
  pages =	 {269--277}
}

@MANUAL{FayMamadou15,
  author =	 {R E Fay and M Diallo},
  year =	 2015,
  title =	 {sae2: Small Area Estimation: Time-Series Models},
  note =	 {{R}~package version~0.1-1},
  url =		 {http://CRAN.R-project.org/package=sae2}
}

@ARTICLE{GonzalezLombardiaMolinaMoralesSantamaria08,
  author =	 {W Gonz\'alez-Manteiga and M J Lombard\'ia and I
                  Molina and D Morales and L Santamar\'ia},
  year =	 2008,
  title =	 {Bootstrap Mean Squared Error of a Small-Area
                  {EBLUP}},
  journal =	 {Journal of Statistical Computation and Simulation},
  volume={78},
  number={5},
  pages =	 {443--462}
}

@ARTICLE{Henderson75,
  author =	 {C R Henderson},
  year =	 1975,
  title =	 {Best Linear Unbiased Estimation and Prediction under
                  a Selection Model},
  journal =	 {Biometrics},
  volume =	 {31},
  number = {2},
  pages =	 {423--447}
}

@ARTICLE{KackarHarville84,
  author =	 {R N Kackar and D A Harville},
  year =	 1984,
  title =	 {Approximations for Standard Errors of Estimators of
                  Fixes and Random Effects in Mixed Linear Models},
  journal =	 {Journal of the American Statistical Association},
  volume={79},
  number={388},
  pages =	 {853--862}
}

@MANUAL{LopezVizcainoLombardiaMorales14,
  author =	 {E Lopez-Vizcaino and M J Lombardia and D Morales},
  year =	 2014,
  title =	 {mme: Multinomial Mixed Effects Models},
  note =	 {{R}~package version~0.1-5},
  url =		 {http://CRAN.R-project.org/package=mme}
}

@MANUAL{Lumley12,
  author =	 {Thomas Lumley},
  year =	 2012,
  title =	 {survey: Analysis of Complex Survey Samples},
  note =	 {{R}~package version~3.28-2},
  url =		 {http://CRAN.R-project.org/package=survey}
}

@Article{Lumley04,
  year =	 2004,
  author =	 {Thomas Lumley},
  title =	 {Analysis of Complex Survey Samples},
  journal =	 {Journal of Statistical Software},
  volume =	 9,
  number =	 1,
  pages =	 {1--19},
  note =	 {{R}~package version~2.2},
}

@ARTICLE{LunnThomasBestSpiegelhalter00,
  author =	 {David J Lunn and Andrew Thomas and Nicky Best and
                  David Spiegelhalter},
  year =	 2000,
  title =	 {{WinBUGS} -- A {B}ayesian Modelling Framework:
                  Concepts, Structure, and Extensibility},
  journal =	 {Statistics and Computing},
  volume={10},
  number={4},
  pages =	 {325--337}
}

@ARTICLE{MarhuendaMolinaMorales13,
  author =	 {Y Marhuenda and I Molina and D Morales},
  year =	 2013,
  title =	 {Small Area Estimation with Spatio-Temporal
                  {Fay-Herriot} Models},
  journal =	 {Computational Statistics and Data Analysis},
  volume =	 58,
  pages =	 {308--325}
}

@ARTICLE{MolinaRao10,
  author =	 {I Molina and J N K Rao},
  year =	 2010,
  title =	 {Small Area Estimation of Poverty Indicators},
  journal =	 {The Canadian Journal of Statistics},
  volume={38},
  number={3},
  pages =	 {369--385}
}

@ARTICLE{MolinaSalvatiPratesi09,
  author =	 {I Molina and N Salvati and M Pratesi},
  year =	 2009,
  title =	 {Bootstrap for Estimating the Mean Squared Error of
                  the Spatial {EBLUP}},
  journal =	 {Computational Statistics},
  volume =	 24,
  pages =	 {441--458}
}

@INPROCEEDINGS{MukhopadhyayMcDowell11,
  author =	 {P Mukhopadhyay and A McDowell},
  year =	 2011,
  title =	 {Small Area Estimation for Survey Data Analysis Using
                  {SAS} Software},
  booktitle =	 {{SAS} Global Forum 2011},
  url =
                  {http://support. sas.com/resources/papers/proceedings11/336-2011.pdf}
}

@ARTICLE{PetrucciSalvati06,
  author =	 {A Petrucci and N Salvati},
  year =	 2006,
  title =	 {Small Area Estimation for Spatial Correlation in
                  Watershed Erosion Assessment},
  journal =	 {Journal of Agricultural, Biological and
                  Environmental Statistics},
  volume={11},
  number={2},
  pages =	 {169--182}
}

@MANUAL{PinheiroBatesDebRoySarkarRCore13,
  title =	 {nlme: Linear and Nonlinear Mixed Effects Models},
  author =	 {Jose Pinheiro and Douglas Bates and Saikat DebRoy
                  and Deepayan Sarkar and {{R} Core Team}},
  year =	 2013,
  note =	 {{R}~package version~3.1-111},
  http =	 {http://CRAN.R-project.org/package=nlme}
}

@ARTICLE{PrasadRao90,
  author =	 {N G N Prasad and J N K Rao},
  year =	 1990,
  title =	 {The Estimation of the Mean Squared Error of
                  Small-Area Estimators},
  journal =	 {Journal of the American Statistical Association},
  volume={85},
  number={409},
  pages =	 {163--171}
}

@MANUAL{RCore13,
  author =	 {{R} Core Team},
  year =	 2013,
  title =	 {{R}: A Language and Environment for Statistical
                  Computing},
  organization = {{R} Foundation for Statistical Computing, Vienna,
                  Austria},
  url =		 {http://www.R-project.org/}
}

@BOOK{Rao03,
  author =	 {J N K Rao},
  year =	 2003,
  title =	 {Small Area Estimation},
  publisher =	 {John Wiley \& Sons},
}

@ARTICLE{RaoYu94,
  author =	 {J N K Rao and M Yu},
  year =	 1994,
  title =	 {Small Area Estimation by Combining Time Series and
                  Cross-Sectional Data},
  journal =	 {Canadian Journal of Statistics},
  volume={22},
  number={4},
  pages =	 {511--528}
}

@ARTICLE{Royall70,
  author =	 {R M Royall},
  year =	 1970,
  title =	 {On Finite Population Sampling Theory under Certain
                  Linear Regression},
  journal =	 {Biometrika},
  volume={57},
  number={2},
  pages =	 {377--387}
}

@MANUAL{SAMPLE07,
  author =	 {SAMPLE},
  year =	 2007,
  title =	 {Small Area Methods for Poverty and Living Condition
                  Estimates},
  url =		 {http://www.sample-project.eu/}
}

@ARTICLE{Sarndal84,
  author =	 {C S\"arndal},
  year =	 1984,
  title =	 {Design-Consistent versus Model-Dependent Estimation
                  for Small Domains},
  journal =	 {Journal of the American Statistical Association},
  volume={79},
  number={387},
  pages =	 {624--631}
}

@MANUAL{Schoch11,
  author =	 {T Schoch},
  year =	 2011,
  title =	 {rsae: Robust Small Area Estimation},
  organization = {{R}~package version~0.1-4},
  url =		 {http://CRAN.R-project.org/package=rsae}
}

@ARTICLE{SinghShuklaKundu05,
  author =	 {B Singh and G Shukla and D Kundu},
  year =	 2005,
  title =	 {Spatio-Temporal Models in Small Area Estimation},
  journal =	 {Survey Methodology},
  volume={31},
  number={2},
  pages =	 {183--195}
}

@Misc{Templ:2014,
  author =	 {Matthias Templ},
  title =	 {{CRAN} Task View: Official Statistics \& Survey
                  Methodology},
  year =	 2014,
  note =	 {Version~2014-08-18},
  url =		 {http://CRAN.R-project.org/view=OfficialStatistics},
}

@MANUAL{TilleMatei12,
  author =	 {Yves Till\'e and Alina Matei},
  year =	 2012,
  title =	 {sampling: Survey Sampling},
  note =	 {{R}~package version~2.5},
  url =		 {http://CRAN.R-project.org/package=sampling}
}

@Book{VenablesRipley02,
  title =	 {Modern Applied Statistics with {S}},
  author =	 {W N Venables and B D Ripley},
  publisher =	 {Springer-Verlag},
  edition =	 {4th},
  address =	 {New York},
  year =	 2002,
  url =		 {http://www.stats.ox.ac.uk/pub/MASS4},
}

@ARTICLE{YouChapman06,
  author =	 {Y You and B Chapman},
  year =	 2006,
  title =	 {Small Area Estimation Using Area Level Models and
                  Estimated Sampling Variances},
  journal =	 {Survey Methodology},
  volume={32},
  number={1},
  pages =	 {97--103}
}



