@Manual{quantreg-package,
  title = {Quantreg: Quantile Regression},
  author = {Roger Koenker},
  year = {2016},
  note = {R package version 5.21},
  url = {https://CRAN.R-project.org/package=quantreg},
}

@Manual{survival-package,
  title = {A Package for Survival Analysis in S},
  author = {Terry M Therneau},
  year = {2015},
  note = {version 2.38},
  url = {http://CRAN.R-project.org/package=survival},
}

@Article{Blinder1973,
  author = {Alan Blinder},
  title = {Wage Discrimination: Reduced Form and Structural Estimates},
  journal = {Journal of Human resources},
  year = {1973},
  pages = {436--455},
  publisher = {JSTOR},
}

@Article{Chernozhukov2002,
  author = {Victor Chernozhukov and Han Hong},
  title = {Three-Step Censored Quantile Regression and Extramarital Affairs},
  journal = {Journal of the American Statistical Association},
  year = {2002},
  volume = {97},
  number = {459},
  pages = {872--882},
  publisher = {ASA},
}

@Article{Chernozhukov2005,
  author = {Victor Chernozhukov and Iv{\'a}n Fern{\'a}ndez-Val},
  title = {Subsampling Inference on Quantile Regression Processes},
  journal = {Sankhy{\=a}: The Indian Journal of Statistics},
  year = {2005},
  pages = {253--276},
  publisher = {JSTOR},
}

@Article{Chernozhukov2009a,
  author = {Victor Chernozhukov and Iv{\'a}n Fern{\'a}ndez-Val and Alfred Galichon},
  title = {Improving Point and Interval Estimators of Monotone Functions by Rearrangement},
  journal = {Biometrika},
  year = {2009},
  volume = {96},
  number = {3},
  pages = {559},
  publisher = {Biometrika Trust},
}

@Article{Chernozhukov2010,
  author = {Victor Chernozhukov and Iv{\'a}n Fern{\'a}ndez-Val and Alfred Galichon},
  title = {Quantile and Probability Curves without Crossing},
  journal = {Econometrica},
  year = {2010},
  volume = {78},
  number = {3},
  pages = {1093--1125},
}

@Article{ChernozhukovFernandez-ValMelly2013,
  author = {Victor Chernozhukov and Iv{\'a}n Fern{\'a}ndez-Val and Blaise Melly},
  title = {Inference on Counterfactual Distributions},
  journal = {Econometrica},
  year = {2013},
  volume = {81},
  number = {6},
  pages = {2205--2268},
  publisher = {John Wiley \& Sons},
}

@Article{Cox1972,
  author = {D. R. Cox},
  title = {Regression Models and Life-Tables},
  journal = {Journal of the Royal Statistical Society B},
  year = {1972},
  volume = {34},
  number = {2},
  pages = {187-220},
}

@Article{ForesiPeracchi1995,
  author = {Silverio Foresi and Franco Peracchi},
  title = {The Conditional Distribution of Excess Returns: An Empirical Analysis},
  journal = {Journal of the American Statistical Association},
  year = {1995},
  volume = {90},
  number = {430},
  pages = {451--466},
  publisher = {Taylor \& Francis},
}

@Article{HanHausman1990,
  author = {Aaron Han and Jerry Hausman},
  title = {Flexible Parametric Estimation of Duration and Competing Risk Models},
  journal = {Journal of applied Econometrics},
  year = {1990},
  volume = {5},
  number = {1},
  pages = {1--28},
  publisher = {John Wiley \& Sons},
}

@Article{JuhnMurphyPierce1993,
  author = {Chinhui Juhn and Kevin Murphy and Brooks Pierce},
  title = {Wage Inequality and the Rise in Returns to Skill},
  journal = {Journal of political Economy},
  year = {1993},
  pages = {410--442},
  publisher = {JSTOR},
}

@Article{Koenker1978,
  author = {Roger Koenker and Gilbert Bassett},
  title = {Regression Quantiles},
  journal = {Econometrica},
  year = {1978},
  volume = {46},
  number = {1},
  pages = {33--50},
}

@Book{Koenker2005,
  title = {Quantile Regression},
  publisher = {Cambridge university press},
  year = {2005},
  author = {Roger Koenker},
  number = {38},
}

@Article{Koenker2007,
  author = {Roger Koenker},
  title = {Quantreg: Quantile Regression},
  journal = {http://www.r-project.org},
  year = {2007},
  url = {http://www.r-project.org},
}

@Article{KoenkerBassettJr1978,
  author = {Roger Koenker and Gilbert Bassett},
  title = {Regression Quantiles},
  journal = {Econometrica: journal of the Econometric Society},
  year = {1978},
  pages = {33--50},
  publisher = {JSTOR},
}

@Article{KoenkerYoon2009,
  author = {Roger Koenker and Jungmo Yoon},
  title = {Parametric Links for Binary Choice Models: A Fisherian--Bayesian Colloquy},
  journal = {Journal of Econometrics},
  year = {2009},
  volume = {152},
  number = {2},
  pages = {120--130},
  publisher = {Elsevier},
}

@Article{Oaxaca1973,
  author = {Ronald Oaxaca},
  title = {Male-Female Wage Differentials in Urban Labor Markets},
  journal = {International economic review},
  year = {1973},
  pages = {693--709},
  publisher = {JSTOR},
}

@Article{RosenbaumRubin1983,
  author = {Paul Rosenbaum and Donald Rubin},
  title = {The Central Role of the Propensity Score in Observational Studies for Causal Effects},
  journal = {Biometrika},
  year = {1983},
  volume = {70},
  number = {1},
  pages = {41--55},
  publisher = {Biometrika Trust},
}

@Article{Stock1989,
  author = {James Stock},
  title = {Nonparametric Policy Analysis},
  journal = {Journal of the American Statistical Association},
  year = {1989},
  volume = {84},
  number = {406},
  pages = {567--575},
  publisher = {Taylor \& Francis},
}

@Article{Stock1991,
  author = {James Stock},
  title = {Nonparametric Policy Analysis: An Application to Estimating Hazardous Waste Cleanup Benefits},
  journal = {Nonparametric and Semiparametric Methods in Econometrics and Statistics},
  year = {1991},
  pages = {77--98},
  publisher = {Cambridge University Press},
}
