% Encoding: UTF-8

@Article{broyden1970,
  author    = {Broyden, Charles G},
  title     = {The convergence of a class of double-rank minimization algorithms},
  journal   = {IMA Journal of Applied Mathematics},
  year      = {1970},
  volume    = {6},
  number    = {3},
  pages     = {222--231},
  publisher = {Oxford University Press},
  url       = {https://doi.org/10.1093/imamat/6.3.222},
}

@Article{fletcher1970,
  author    = {Fletcher, Roger},
  title     = {A new approach to variable metric algorithms},
  journal   = {The Computer Journal},
  year      = {1970},
  volume    = {13},
  number    = {3},
  pages     = {317--322},
  publisher = {Oxford University Press},
  url       = {https://doi.org/10.1093/comjnl/13.3.317},
}

@Article{goldfarb1970,
  author  = {Goldfarb, Donald},
  title   = {A family of variable-metric methods derived by variational means},
  journal = {Mathematics of Computation},
  year    = {1970},
  volume  = {24},
  number  = {109},
  pages   = {23--26},
  url     = {https://doi.org/10.1090/S0025-5718-1970-0258249-6},
}

@Article{huang2014joint,
  author    = {Huang, Alan},
  title     = {{Joint estimation of the mean and error distribution in generalized linear models}},
  journal   = {Journal of the American Statistical Association},
  year      = {2014},
  volume    = {109},
  number    = {505},
  pages     = {186--196},
  publisher = {Taylor {\&} Francis},
  url       = {https://doi.org/10.1080/01621459.2013.824892},
}

@Article{huang2012proportional,
  author    = {Huang, Alan and Rathouz, Paul J},
  title     = {Proportional likelihood ratio models for mean regression},
  journal   = {Biometrika},
  year      = {2012},
  volume    = {99},
  number    = {1},
  pages     = {223--229},
  publisher = {Oxford University Press},
  url       = {https://doi.org/10.1093/biomet/asr075},
}

@Book{Lovric2011,
  title     = {International Encyclopedia of Statistical Science.},
  publisher = {Springer},
  year      = {2011},
  author    = {Lovric, Miodrag},
  isbn      = {3642048986},
}

@Book{owen2001empirical,
  title     = {{Empirical Likelihood}},
  publisher = {CRC Press},
  year      = {2001},
  author    = {Owen, Art B and Crc, Hall and Raton, Boca and New, London and Washington, York and B, Art Art and Owen, Art},
  isbn      = {1584880716},
}

@Article{pinheiro1995approximations,
  author    = {Pinheiro, Jos{\'{e}} C and Bates, Douglas M},
  title     = {{Approximations to the log-likelihood function in the nonlinear mixed-effects model}},
  journal   = {Journal of Computational and Graphical Statistics},
  year      = {1995},
  volume    = {4},
  number    = {1},
  pages     = {12--35},
  publisher = {Taylor {\&} Francis},
  url       = {https://doi.org/10.1080/10618600.1995.10474663},
}

@Article{Pinheiro2006,
  author    = {Pinheiro, Jos{\'e} C and Chao, Edward C},
  title     = {Efficient Laplacian and adaptive Gaussian quadrature algorithms for multilevel generalized linear mixed models},
  journal   = {Journal of Computational and Graphical Statistics},
  year      = {2006},
  volume    = {15},
  number    = {1},
  pages     = {58--81},
  publisher = {Taylor \& Francis},
  url       = {https://doi.org/10.1198/106186006X96962},
}

@Article{rathouz2009generalized,
  author    = {Rathouz, Paul J and Gao, Liping},
  title     = {{Generalized linear models with unspecified reference distribution}},
  journal   = {Biostatistics},
  year      = {2009},
  volume    = {10},
  number    = {2},
  pages     = {205--218},
  publisher = {Biometrika Trust},
  url       = {https://doi.org/10.1093/biostatistics/kxn030},
}

@Article{shanno1970,
  author  = {Shanno, David F},
  title   = {Conditioning of quasi-Newton methods for function minimization},
  journal = {Mathematics of Computation},
  year    = {1970},
  volume  = {24},
  number  = {111},
  pages   = {647--656},
  url     = {https://doi.org/10.1090/S0025-5718-1970-0274029-X},
}

@Manual{wurmgldrm,
  title  = {gldrm: Generalized Linear Density Ratio Models},
  author = {Michael Wurm and Paul Rathouz},
  year   = {2018},
  note   = {R package version 1.5},
  url    = {https://CRAN.R-project.org/package=gldrm},
}

@Article{smith1985,
  author    = {Smith, JQ},
  title     = {Diagnostic checks of non-standard time series models},
  journal   = {Journal of Forecasting},
  year      = {1985},
  volume    = {4},
  number    = {3},
  pages     = {283--291},
  publisher = {Wiley Online Library},
  url       = {https://doi.org/10.1002/for.3980040305},
}

@Comment{jabref-meta: databaseType:bibtex;}
