

@inproceedings{Atkinsonetal1989,
        author = {Atkinson, M. and F. Bancilhon and D. DeWitt and
        K. Dittrich, D. Maier and S. Zdonik},
        title = {The Object-Oriented Database System Manifesto},
        pages = {223--240},
        crossref = {DOOD1989}
}


@inproceedings{BitinckaGanapathiandZhang2012,
        author = {Bitincka, L. and A. Ganapathi and S. Zhang},
        title = {Experiences with Workload Management in Splunk},
        pages = {25--30},
        crossref = {WMBDS2012}
}


@inproceedings{LiuandGawlick2015,
        author = {Liu, Z. H. and D. Gawlick},
        title = {Management of Flexible Schema Data in RDBMSs -
        Opportunities and Limitations for NoSQL},
        crossref = {COIDS2015}
}


@inproceedings{Markl2014,
        author = {Markl, V.},
        title = {Breaking the Chains: On Declarative Data Analysis and Data
        Independence in the Big Data Era},
        pages = {1730--1733},
        crossref = {VLDB2014}
}


@inproceedings{YehNiekraszandFreitag2013,
        author = {Yeh, E. and J. Niekrasz and D. Freitag},
        title = {Unsupervised Discovery and Extraction of
        Semi-structured Regions in Text via Self-Information},
        pages = {103--107},
        crossref = {WAKBC2013}
}
@article{Abadietal2014,
        author = {Abadi, D. and R. Agrawal and A. Ailamaki and M. Balazinska
        and P. A. Bernstein and M. J. Carey and S. Chaudhuri and
        J. Dean and A. Doan and M. J. Franklin and J. Gehrke and L. M. Haas
        and A. Y. Halevy and J. M. Hellerstein and Y. E. Ioannidis and
        H. V. Jagadish and D. Kossmann and S. Madden and S. Mehrotra and
        T. Milo and J. F. Naughton and R. Ramakrishnan and V. Markl and
        C. Olston and B. Chin Ooi and C. R\'{ }e D. Suciu and
        M. Stonebraker and T. Walter and J. Widom},
	journal = {SIGMOD Record},
	number = {3},
	pages = {61--70},
	title = {The Beckman Report on Database Research},
	volume = {43},
	year = {2014}
}


@misc{Bengtsson2015,
        author = {H. Bengtsson},
        title = {{CRAN utils Package Version 2.1.0}},
        howpublished = {\url{https://cran.r-project.org/package=R.utils}},
        year = {2015}
}


@Misc{CentersforDiseaseControl2015,
  author =       {{Centers for Disease Control}},
  title =        {Epi Info 7~{H}ome Page},
  howpublished = {\url{http://wwwn.cdc.gov/epiinfo/}},
  year =         {2015}
}

@misc{ChanEtAl2015,
        author = {Chan, C. H. and G. C. H. Chan and T. J. Leeper and C. Gandrud},
        title = {{CRAN rio Package, Version 0.2}},
        howpublished = {\url{https://cran.r-project.org/web/packages/rio/index.html}},
        year = {2015}
}


@techreport{Codd1969,
        author = {Codd, E. F.},
        title = {Derivability, Redundancy, and Consistency of Relations
        Stored in Large Data Banks {(RJ 599)}},
        number = {12343},
        institution = {IBM Thomas J. Watson Research Center},
        address = {Yorktown Heights, New York, USA},
        year = {1969}
}


@book{Codd1990,
        author = {Codd, E. F.},
        title = {The Relational Model for Database Management},
        edition = {First},
        publisher = {Addison-Wesley},
        year = {1990},
        address = {Reading, Massachusetts, USA}
}


@Proceedings{COIDS2015,
  title =     {7\textsuperscript{th} Biennial Conference on Innovative Data Systems Research},
  year =      {2015},
  booktitle = {7\textsuperscript{th} Biennial Conference on Innovative Data Systems Research}
}

@misc{CompuServe1987,
        author = {{CompuServe}},
        title = {Graphics Interchange Format: A Standard Defining
        a Mechanism for the Storage and Transmission of Raster-based
        Graphics Information},
        howpublished = {\url{http://www.w3.org/Graphics/GIF/spec-gif87.txt}},
        year = {1987}
}


@misc{Deutsch2013,
        author = {Deutsch, T.},
        title = {Why is Schema on Read So Useful?},
        howpublished = {\url{http://www.ibmbigdatahub.com/blog/why-schema-read-so-useful}},
        year = {2013}
}

@proceedings{DOOD1989,
        title = {Proceedings of the First International Conference on
        Deductive and Object-Oriented Databases},
        booktitle = {Proceedings of the First International Conference on
        Deductive and Object-Oriented Databases},
        publisher = {North-Holland/Elsevier Science Publishers},
        year = {1989}
}


@Misc{GarbuszusandJeworutzki2015,
  author =       {Garbuszus, J. M. and S. Jeworutzki},
  title =        {{CRAN readstata13~{Pa}ckage, Version 0.7.1}},
  howpublished = {\url{https://cran.r-project.org/web/packages/readstata13/index.html}},
  year =         {2015}
}

@misc{HadoopTeam2015,
        author = {{Hadoop Team}},
        title = {Apache Hadoop},
        howpublished = {\url{http://hadoop.apache.org}},
        year = {2015}
}


@misc{JacobsohnandDelurey2014,
        author = {Jacobsohn, M. and M. Delurey},
        title = {How the Data Lake Works},
        howpublished = {\url{https://www.boozallen.com/content/dam/boozallen/documents/Data\_Lake.pdf}},
        year = {2014}
}


@misc{Jefferis2014,
        author = {Jefferis, G},
        title = {{CRAN readbitmap Package, Version 0.1-4}},
        howpublished = {\url{https://cran.r-project.org/web/packages/readbitmap/index.html}},
        year = {2014}
}


@misc{Jefferis2015,
        author = {Jefferis, G.},
        title = {{CRAN readbitmap Package, Version 0.1-4}},
        howpublished = {\url{https://cran.r-project.org/web/packages/readbitmap/index.html}},
        year = {2015}
}


@misc{JointPhotographicExpertsGroup2015,
        author = {{Joint Photographic Experts Group}},
        title = {Home Page},
        howpublished = {\url{http://www.jpeg.org}},
        year = {2015}
}


@book{KorthandSilberschatz1991,
        author = {Korth, H. F., and A. Silberschatz},
        title = {Database System Concepts},
        edition = {First},
        publisher = {McGraw-Hill},
        year = {1991},
        address = {New York, New York, USA}
}


@misc{Mendelevitch2013,
        author = {Mendelevitch, O.},
        title = {Apache Hadoop and Data Agility},
        howpublished = {\url{http://hortonworks.com/blog/hadoop-data-agility/}},
        year = {2013}
}


@misc{MiraiSolutionsGmbHandMStuder2015,
        author = {{Mirai Solutions GmbH and M. Studer}},
        title = {XLConnect, Version 0.2-11},
        howpublished = {\url{https://cran.r-project.org/web/packages/XLConnect/index.html}},
        year = {2015}
}


@Article{Oliver2014,
  author =  {Oliver, A. C.},
  title =   {The 10~{W}orst Big data Practices},
  journal = {InfoWorld},
  year =    {2014}
}

@misc{Open2015,
        author = {{ISO/IEC JTC 1/SC 34}},
        title = {Open Document Formatr Home Page},
        howpublished = {\url{http://www.opendocumentformat.org}},
        year = {2015}
}


@misc{Pierce2015,
        author = {Pierce, D.},
        title = {{CRAN ncdf Package, Version 1.6.8}},
        howpublished = {\url{https://cran.r-project.org/web/packages/ncdf/index.html}},
        year = {2015}
}


@misc{RCoreTeam2015,
        author = {{R Core Team}},
        title = {{CRAN foreign Package, Version 0.8-66}},
        howpublished = {\url{https://cran.r-project.org/web/packages/foreign/index.html}},
        year = {2015}
}


@misc{RCoreTeamEtAl2015,
        author = {{R Core Team} and R. Bivand and V. J. Carey and S. DebRoy and
        S. Eglen and R. Guha and N. Lewin-Koh and M. Myatt and B. Pfaff and
        B. Quistorff and F. Warmerdam and S. Weigand and
        {Free Software Foundation, Inc.}},
        title = {{CRAN foreign Package, Version 0.8-66}},
        howpublished = {\url{https://cran.r-project.org/web/packages/foreign/index.html}},
        year = {2015}
}

@misc{RStudio2015,
        author = {{RStudio}},
        title = {{RStudio}},
        howpublished = {\url{https://www.rstudio.com}},
        year = {2015}
}


@misc{Schau2015,
        author = {Schau, A.},
        title = {Schema-on-read in Action},
        howpublished = {\url{http://blog.cask.co/2015/03/schema-on-read-in-action/}},
        year = {2015}
}


@misc{Schutten2014,
        author = {Schutten, G.-J.},
        title = {{CRAN readODS Package, Version 1.4}},
        howpublished = {\url{https://cran.r-project.org/
        web/packages/readODS/index.html}},
        year = {2014}
}


@misc{Shafranovich2005,
        author = {Shafranovich, Y.},
        title = {Common Format and MIME Type for Comma-Separated Values
        (CSV) Files, The Internet Society Memo},
        howpublished = {\url{https://www.ietf.org/rfc/rfc4180.txt}},
        year = {2005}
}


@misc{SparkTeam2015,
        author = {{Spark Team}},
        title = {Apache Spark},
        howpublished = {\url{http://spark.apache.org}},
        year = {2015}
}


@misc{Teich2015,
        author = {Teich, D. A.},
        title = {Database Schemas Still Needed, Despite Hadoop and NoSQL Pretensions},
        howpublished = {\url{http://searchdatamanagement.techtarget.com/feature/Database-schemas-still-needed-despite-Hadoop-and-NoSQL-pretensions}},
        year = {2015}
}


@techreport{TIFF1992,
        author = {{Adobe Developers Association}},
        title = {TIFF Revision 6.0}}


@misc{Tuszynski2014,
        author = {Tuszynski, J.},
        title = {{CRAN caTools Package, Version 1.17.1}},
        howpublished = {\url{https://cran.r-project.org/
        web/packages/caTools/index.html}},
        year = {2014}
}


@misc{Unidata2015,
        author = {{Unidata}},
        title = {Network Common Data Form (NetCDF)},
        howpublished = {\url{http://www.unidata.ucar.edu/software/netcdf/}},
        year = {2015}
}


@misc{Urbanek2013,
        author = {Urbanek, S.},
        title = {{CRAN tiff Package, Version 0.1-5}},
        howpublished = {\url{https://cran.r-project.org/
        web/packages/tiff/index.html}},
        year = {2013}
}

@proceedings{VLDB2014,
        title = {Proceedings of the VLDB Endowment},
        booktitle = {Proceedings of the VLDB Endowment},
        volume = {7},
        number = {13},
        year = {2014}
}


@Misc{W3C2003,
  author =       {W3C},
  title =        {Portable Network Graphics ({PN}G) Specification},
  howpublished = {\url{http://www.w3.org/TR/PNG/\#11IDAT}},
  year =         {2003},
  edition =      {Second}
}

@Proceedings{WAKBC2013,
  title =     {Proceedings of the 2013~{W}orkshop on Automated Knowledge Base Construction},
  year =      {2013},
  booktitle = {Proceedings of the 2013 Workshop on Automated Knowledge Base Construction}
}

@misc{Weka2015,
        author = {{Weka Team}},
        title = {Weka},
        howpublished = {\url{http://www.cs.waikato.ac.nz/ml/weka/}},
        year = {2015}
}


@article{Wickham2011,
        author = {Wickham, H.},
	journal = {The J Journal},
	pages = {5--10},
        title = {testthat: Get Started with Testing},
	volume = {3/1},
	year = {2011}
}


@misc{Wickham2015,
        author = {Wickham, H.},
        title = {{CRAN testthat Package, Version 0.10.0}},
        howpublished = {\url{https://cran.r-project.org/web/packages/testthat/index.html}},
        year = {2015}
}



@misc{Wikipedia2015,
        author = {{Wikipedia}},
        title = {{Magic number (programming)}},
        howpublished = {\url{http://en.wikipedia.org/wiki/Magic_number_(programming)}},
        year = {2015}
}

@proceedings{WMBDS2012,
        title = {Workshop on Management of Big Data Systems},
        booktitle = {Workshop on Management of Big Data Systems},
        year = {2012}
}

