@book{bretz_multiple_2011,
author = {Bretz, Frank and Hothorn, Torsten and Westfall, Peter},
title = {Multiple Comparisons Using {R}},
publisher = {Taylor and Francis Group, LLC},
year = {2011},
address = {Boca Raton, FL}
}

@manual{bendix_epi_2013,
author = {Carstensen, Bendix and Plummer, Martyn and Laara, Esa and Hills, Michael},
title = {Epi: A Package for Statistical Analysis in Epidemiology},
year = {2013},
note = {R package version 1.1.44},
url = {http://CRAN.R-project.org/package=Epi}
}

@article{benjamini_controlling_1995,
author = {Benjamini, Yoav and Hochberg, Yosef},
title = {Controlling the False Discovery Rate: A Practical and Powerful Approach to Multiple Testing},
journal = {Journal of the Royal Statistical Society Series B},
year = {1995},
volume = {57},
number = {1},
pages = {289--300}}

@article{browne_visual_1979,
author = {Browne, Richard H},
title = {Visual Assessment of the Significance of a Mean Difference},
journal = {Biometrics},
year = {1979},
volume = {35},
number = {3},
pages = {657--665}
}

@book{chambers_graphical_1983,
author = {Chambers, John M and Cleveland, William S and Kleiner, Beat and Tukey, Paul A},
title = {Graphical Methods for Data Analysis},
publisher = {Wadsworth \& Brooks/Cole Publishing Company},
year = {1983},
address = {Pacific Grove, CA}
}

@book{cleveland_elements_1985,
author = {Cleveland, William},
title = {Elements of Graphing Data},
publisher = {Wadsworth, Inc.},
year = {1985},
address = {Monterey, CA}
}

%% Created using Papers on Mon, 19 Aug 2013.
%% http://papersapp.com/papers/

@article{firth_overcoming_2003,
author = {Firth, David},
title = {Overcoming the Reference Category Problem in the Presentation of Statistical Models},
journal = {Sociological Methodology},
year = {2003},
volume = {33},
pages = {1--18}
}

@article{firth_quasi-variances_2004,
author = {Firth, David and De Menezes, Renee X},
title = {Quasi-Variances},
journal = {Biometrika},
year = {2004},
volume = {91},
number = {1},
pages = {65--80}
}

@manual{firth_qvcalc_2010,
title = {qvcalc: Quasi variances for factor effects in statistical models},
author = {Firth, David},
year = {2010},
annote = {R package version 0.8-7},
url = {http://CRAN.R-project.org/package=qvcalc},
}

@phdthesis{menezes_more_1999,
author = {De Menezes, Renee X},
title = {More Useful Standard Errors for Group and Factor Effects in Generalized Linear Models},
school = {Department of Statistics, University of Oxford},
year = {1999},
publisher = {Department of Statistics, University of Oxford}
}

@article{ornstein_boards_1976,
author = {Ornstein, M},
title = {The Boards and Executives of the Largest Canadian Corporations},
journal = {Canadian Journal of Sociology},
year = {1976},
volume = {1},
pages = {411--437}
}

@article{smith_visual_1997,
author = {Smith, Robert W},
title = {Visual Hypothesis Testing with Confidence Intervals},
journal = {Proceedings of the 22$^nd$ SAS User's Group},
year = {1997},
pages = {1252--1257}
}

@article{easton_floating_1991,
author = {Douglas F. Easton and Peto, J and Babiker, AGAG},
title = {Floating absolute risk: An alternative to relative risk in survival and case-control analysis avoiding an arbitrary reference group},
journal = {Statistics in Medicine},
year = {1991}, 
volume = {10}, 
pages = {1025--1035}
}

@article{easton_presenting_2000,
author = {Easton, Douglas F and Peto, Julian},
title = {Presenting statistical uncertainty in trends and dose-response relationships (letter)},
journal = {American Journal of Epidemiology},
year = {2000},
volume = {152},
number = {393}
}

@article{gramm_algorithms_2007,
    author = {Jens Gramm and Jiong Guo and Falk H\"{u}ffner and Rolf Niedermeier and Hans-Peter Piepho and Ramona Schmid},
    title = {Algorithms for compact letter displays: Comparison and evaluation}, 
	journal = {Computational Statistics \& Data Analysis},
    year = {2006}, 
	volume = {52}, 
	number = {12}, 
	pages= {725--736}
}

@Manual{graves_multcompView_2012,
  title = {multcompView: Visualizations of Paired Comparisons},
  author = {Spencer Graves and Hans-Peter Piepho and Luciano Selzer and Sundar Dorai-Raj},
  year = {2012},
  note = {R package version 0.1-5},
  url = {http://CRAN.R-project.org/package=multcompView},
}

@article{greenland_presenting_1999,
	author = {Greenland, S and Michels, K B and Robins, J M},
	title = {Presenting statistical uncertainty in trends and dose-response relations},
	journal = {American Journal of Epidemiology},
	year = {1999}, 
	volume = {149}, 
	number = {12}, 
	pages = {1077-1086}
}

@article{greenland_presenting_2000,
	author = {S. Greenland and K.B. Michels and C. Poole and W.C. Willett}, 
	title = {Four of the authors reply [Re: ``Presenting statistical uncertainty in trends and dose-response relationships''] (letter)}, 
	journal = {American Journal of Epidemiology}, 
	volume = {152}, 
	pages = {394},
	year ={2000}
}

@article{holm_simple_1979, 
	author = {S. Holm}, 
	title = {A Simple Sequentially Rejective Multiple Test Procedure}, 
	year = {1979}, 
	journal = {Scandinavian Journal of Statistics}, 
	volume = {6}, 
	pages = {65--70}
}

@article{hothorn_simultaneous_2008,
	author = {T. Hothorn and F. Bretz and P.~Westfall}, 
	title = {Simultaneous Inference in General Parametric Models}, 
	journal = {Biometrical Journal}, 
	volume = {50},
	pages = {346--363}, 
	year = {2008}
}
 
@book{hsu_multiple_1996,
	author = {J.C. Hsu.}, 
	title = {Multiple Comparisons}, 
	publisher = {Chapman \& Hall}, 
	address = {London}, 
	year = {1996}
}

@article{piepho_algorithm_2004, 
	author = {Hans-Peter Piepho}, 
	title = {An Algorithm for a Letter-based Representation of All Pairwise Comparisons}, 
	journal = {Journal of Computational and Graphical Statistics}, 
	volume = {13}, 
        year = {2004},
	pages ={456--466}
}

@article{plummer_improved_2004,
	author = {M. Plummer}, 
	title = {Improved estimates of floating absolute risk}, 
	journal = {Statistics in Medicine}, 
	volume = {23}, 
	pages = {93--104}, 
	year = {2004}
}

@article{plummer_heliobacter_2007,
	author = {M. Plummer and L. {van Doorn} and S. Franceschi and B. Kleter and F. Canzian and J. Vivas and G. Lopez and D. Colin and N. Mu$\tilde{\text{n}}$oz and I. Kato},
	title = {Helicobacter pylori cytotoxin-associated genotype and gastric precancerous lesions}, 
	journal = {Journal of the National Cancer Institute}, 
	volume = {99}, 
	pages = {1328--1334}, 
	year = {2007}
}

@article{shaffer_multiple_1995, 
	author = {J.P. Shaffer}, 
	title = {Multiple Hypothesis Testing},  
	journal = {Annual Review of Psychology}, 
	volume = {46}, 
	pages = {561--584}, 
	year = {1995}
}

@book{steel_principles_1980, 
	author = {R.G.D. Steel and J.H. Torrie}, 
	title = {Principles and Procedures of Statistics},
	publisher = {McGraw-Hill}, 
	address = {New York}, 
	year = {1980}
}

@Manual{stats_pkg,
   title = {R: A Language and Environment for Statistical Computing},
   author = {{R Core Team}},
   organization = {R Foundation for Statistical Computing},
   address = {Vienna, Austria},
   year = {2013},
   url = {http://www.R-project.org/},
 }

@Book{fox_r_2011,
  title = {An {R} Companion to Applied Regression},
  edition = {Second},
  author = {John Fox and Sanford Weisberg},
  year = {2011},
  publisher = {Sage},
  address = {Thousand Oaks {CA}}
}

