@Manual{R,
  title = {R: A Language and Environment for Statistical Computing},
  author = {{R Core Team}},
  organization = {R Foundation for Statistical Computing},
  address = {Vienna, Austria},
  year = {2016},
  url = {https://www.R-project.org/},
}

@book{mcculloch2003glmm,
  title={Generalized Linear Mixed Models},
  author={McCulloch, Charles E},
  booktitle={NSF-CBMS Regional Conference Series in Probability and Statistics},
  pages={i--84},
  year={2003},
  organization={JSTOR},
  url={https://www.jstor.org/stable/4153190}
}

@article{booth1999,
  title={Maximizing Generalized Linear Mixed Model Likelihoods with an Automated Monte Carlo EM Algorithm},
  author={Booth, James G and Hobert, James P},
  journal={Journal of the Royal Statistical Society: Series B (Statistical Methodology)},
  volume={61},
  number={1},
  pages={265--285},
  year={1999},
  publisher={Wiley Online Library},
  url={https://doi.org/10.1111/1467-9868.00176}
}

@book{fitzmaurice2012applied,
  title={Applied Longitudinal Analysis},
  author={Fitzmaurice, Garrett M and Laird, Nan M and Ware, James H},
  chapter={14},
  volume={998},
  year={2012},
  edition={2nd},
  publisher={John Wiley \& Sons},
  url={https://doi.org/10.1002/9781119513469}
}
@book{fitzmaurice2012applied8,
  title={Applied Longitudinal Analysis},
  author={Fitzmaurice, Garrett M and Laird, Nan M and Ware, James H},
  chapter={8},
  volume={998},
  year={2012},
  edition={2nd},
  publisher={John Wiley \& Sons},
  url={https://doi.org/10.1002/9781119513469}
}

@article{donohue2011conditional,
  title={Conditional Akaike Information Under Generalized Linear and Proportional Hazards Mixed Models},
  author={Donohue, MC and Overholser, R and Xu, R and Vaida, F},
  journal={Biometrika},
  volume={98},
  number={3},
  pages={685--700},
  year={2011},
  publisher={Oxford University Press},
  url={https://doi.org/10.1093/biomet/asr023}
}

@article{bondell2010joint,
  title={Joint Variable Selection for Fixed and Random Effects in Linear Mixed-Effects Models},
  author={Bondell, Howard D and Krishna, Arun and Ghosh, Sujit K},
  journal={Biometrics},
  volume={66},
  number={4},
  pages={1069--1077},
  year={2010},
  publisher={Wiley Online Library},
  url={https://doi.org/10.1111/j.1541-0420.2010.01391.x}
}

@article{thompson2017bias,
  title={Bias and Inference from Misspecified Mixed-Effect Models in Stepped Wedge Trial Analysis},
  author={Thompson, Jennifer A and Fielding, Katherine L and Davey, Calum and Aiken, Alexander M and Hargreaves, James R and Hayes, Richard J},
  journal={Statistics in Medicine},
  volume={36},
  number={23},
  pages={3670--3682},
  year={2017},
  publisher={Wiley Online Library},
  url={https://doi.org/10.1002/sim.7348}
}

@article{gurka2011avoiding,
  title={Avoiding Bias in Mixed Model Inference for Fixed Effects},
  author={Gurka, Matthew J and Edwards, Lloyd J and Muller, Keith E},
  journal={Statistics in Medicine},
  volume={30},
  number={22},
  pages={2696--2707},
  year={2011},
  publisher={Wiley Online Library},
  url={https://doi.org/10.1002/sim.4293}
}

@article{szyszkowicz2006use,
  title={Use of Generalized Linear Mixed Models to Examine the Association Between Air Pollution and Health Outcomes},
  author={Szyszkowicz, MIECZYS{\L}AW},
  journal={International Journal of Occupational Medicine and Environmental Health},
  volume={19},
  number={4},
  pages={224--227},
  year={2006},
  url={https://doi.org/10.2478/v10001-006-0032-7}
}

@article{kleinman2004generalized,
  title={A Generalized Linear Mixed Models Approach for Detecting Incident Clusters of Disease in Small Areas, with an Application to Biological Terrorism},
  author={Kleinman, Ken and Lazarus, Ross and Platt, Richard},
  journal={American Journal of Epidemiology},
  volume={159},
  number={3},
  pages={217--224},
  year={2004},
  publisher={Oxford University Press},
  url={https://doi.org/10.1093/aje/kwh029}
}

@article{tuerlinckx2006statistical,
  title={Statistical Inference in Generalized Linear Mixed Models: A Review},
  author={Tuerlinckx, Francis and Rijmen, Frank and Verbeke, Geert and De Boeck, Paul},
  journal={British Journal of Mathematical and Statistical Psychology},
  volume={59},
  number={2},
  pages={225--255},
  year={2006},
  publisher={Wiley Online Library},
  url={https://doi.org/10.1348/000711005X79857}
}

@article{schmidt2016random,
  title={The Random Effects in Multilevel Models: Getting Them Wrong and Getting Them Right},
  author={Schmidt-Catran, Alexander W and Fairbrother, Malcolm},
  journal={European Sociological Review},
  volume={32},
  number={1},
  pages={23--38},
  year={2016},
  publisher={Oxford University Press},
  url={https://doi.org/10.1093/esr/jcv090}
}

@article{riester2014,
  title={Risk Prediction for Late-Stage Ovarian Cancer by Meta-Analysis of 1525 Patient Samples},
  author={Riester, Markus and Wei, Wei and Waldron, Levi and Culhane, Aedin C and Trippa, Lorenzo and Oliva, Esther and Kim, Sung-hoon and Michor, Franziska and Huttenhower, Curtis and Parmigiani, Giovanni and others},
  journal={JNCI: Journal of the National Cancer Institute},
  volume={106},
  number={5},
  year={2014},
  publisher={Oxford University Press},
  url={https://doi.org/10.1093/jnci/dju048}
}

@article{ma2018continuity,
  title={Continuity of Transcriptomes Among Colorectal Cancer Subtypes Based on Meta-Analysis},
  author={Ma, Siyuan and Ogino, Shuji and Parsana, Princy and Nishihara, Reiko and Qian, Zhirong and Shen, Jeanne and Mima, Kosuke and Masugi, Yohei and Cao, Yin and Nowak, Jonathan A and others},
  journal={Genome Biology},
  volume={19},
  number={1},
  pages={142},
  year={2018},
  publisher={Springer},
  url={https://doi.org/10.1186/s13059-018-1511-4}
}

@article{patil2018,
  title={Training Replicable Predictors in Multiple Studies},
  author={Patil, Prasad and Parmigiani, Giovanni},
  journal={Proceedings of the National Academy of Sciences},
  volume={115},
  number={11},
  pages={2578--2583},
  year={2018},
  publisher={National Acad Sciences},
  url={https://doi.org/10.1073/pnas.1708283115}
}

@article{rashid2020,
  title={Modeling Between-Study Heterogeneity for Improved Replicability in Gene Signature Selection and Clinical Prediction},
  author={Rashid, Naim U and Li, Quefeng and Yeh, Jen Jen and Ibrahim, Joseph G},
  journal={Journal of the American Statistical Association},
  volume={115},
  number={531},
  pages={1125--1138},
  year={2020},
  publisher={Taylor \& Francis},
  url={https://doi.org/10.1080/01621459.2019.1671197}
}

@Article{lme42007,
    title = {Fitting Linear Mixed-Effects Models Using lme4},
    author = {Douglas Bates and Martin M{\"a}chler and Ben Bolker and Steve Walker},
    journal = {Journal of Statistical Software},
    year = {2015},
    volume = {67},
    number = {1},
    pages = {1--48},
    url={https://doi.org/10.18637/jss.v067.i01}
  }

@Article{ncvreg2011,
    author = {Patrick Breheny and Jian Huang},
    title = {Coordinate Descent Algorithms for Nonconvex Penalized Regression, with Applications to Biological Feature Selection},
    journal = {Annals of Applied Statistics},
    year = {2011},
    volume = {5},
    pages = {232--253},
    number = {1},
    url = {https://doi.org/10.1214/10-AOAS388}
  }

@article{stan2017,
  title={Stan: A Probabilistic Programming Language},
  author={Carpenter, Bob and Gelman, Andrew and Hoffman, Matthew D and Lee, Daniel and Goodrich, Ben and Betancourt, Michael and Brubaker, Marcus and Guo, Jiqiang and Li, Peter and Riddell, Allen},
  journal={Journal of Statistical Software},
  volume={76},
  number={1},
  year={2017},
  publisher={Columbia Univ., New York, NY (United States); Harvard Univ., Cambridge, MA~â€¦},
   url = {https://doi.org/10.18637/jss.v076.i01}
}

@Misc{stan2020,
    title = {\pkg{RStan}: The R Interface to Stan},
    author = {{Stan Development Team}},
    note = {R package version 2.21.2},
    year = {2020},
    url = {http://mc-stan.org/}
  }

  
@article{hoffman2014NUTS,
  title={The No-U-Turn sampler: Adaptively Setting Path Lengths in Hamiltonian Monte Carlo},
  author={Hoffman, Matthew D and Gelman, Andrew},
  journal={Journal of Machine Learning Research},
  volume={15},
  number={1},
  pages={1593--1623},
  year={2014},
  url={https://dl.acm.org/doi/abs/10.5555/2627435.2638586}
}
% journal={J. Mach. Learn. Res.}

@article{grpreg2015,
  title={Group Descent Algorithms for Nonconvex Penalized Linear and Logistic Regression Models with Grouped Predictors},
  author={Breheny, Patrick and Huang, Jian},
  journal={Statistics and Computing},
  volume={25},
  number={2},
  pages={173--187},
  year={2015},
  publisher={Springer},
  url={https://doi.org/10.1007/s11222-013-9424-2}
}

@article{glmnet2010,
  title={Regularization Paths for Generalized Linear Models via Coordinate Descent},
  author={Friedman, Jerome and Hastie, Trevor and Tibshirani, Rob},
  journal={Journal of Statistical Software},
  volume={33},
  number={1},
  pages={1--22},
  year={2010},
  publisher={NIH Public Access},
  url = {https://www.jstatsoft.org/v33/i01/}
}

@Manual{mcemglm2015,
    title = {\pkg{mcemGLM}: Maximum Likelihood Estimation for Generalized Linear Mixed
Models},
    author = {Felipe Acosta Archila},
    year = {2020},
    note = {R package version 1.1.1},
    url = {https://CRAN.R-project.org/package=mcemGLM},
  }

@Article{mcmcglmm2010,
    title = {MCMC Methods for Multi-Response Generalized Linear Mixed Models: The \pkg{MCMCglmm} R Package},
    author = {Jarrod D Hadfield},
    journal = {Journal of Statistical Software},
    year = {2010},
    volume = {33},
    number = {2},
    pages = {1--22},
    url = {https://www.jstatsoft.org/v33/i02/}
  }

  
@article{schelldorfer2014glmmlasso,
  title={\pkg{Glmmlasso}: An Algorithm for High-Dimensional Generalized Linear Mixed Models Using L1-Penalization},
  author={Schelldorfer, J{\"u}rg and Meier, Lukas and B{\"u}hlmann, Peter},
  journal={Journal of Computational and Graphical Statistics},
  volume={23},
  number={2},
  pages={460--477},
  year={2014},
  publisher={Taylor \& Francis},
  url={https://doi.org/10.1080/10618600.2013.773239}
}
@Manual{glmmLassoManual,
    title = {glmmLasso: Variable Selection for Generalized Linear Mixed Models by
L1-Penalized Estimation},
    author = {Andreas Groll},
    year = {2017},
    note = {R package version 1.5.1},
    url = {https://CRAN.R-project.org/package=glmmLasso},
  }


@article{pinheiro2017package,
  title={Package â€˜nlmeâ€™},
  author={Pinheiro, Jos{\'e} and Bates, Douglas and DebRoy, Saikat and Sarkar, Deepayan and Heisterkamp, Siem and Van Willigen, Bert},
  journal={Linear and Nonlinear Mixed Effects Models},
  volume={3},
  number={1},
  year={2017},
  url={https://cran.r-project.org/package=nlme}
}

@Manual{nlmeManual,
    title = {\pkg{nlme}: Linear and Nonlinear Mixed Effects Models},
    author = {Jose Pinheiro and Douglas Bates and Saikat DebRoy and Deepayan Sarkar and {R Core Team}},
    year = {2021},
    note = {R package version 3.1-152},
    url = {https://CRAN.R-project.org/package=nlme},
  }

% SAS (2008). SAS/STAT 9.2 Userâ€™s Guide, chapter 61, 4337â€“4435.
@Manual{SAS,
author = {{SAS Institute Inc.}},
title = {SAS/STAT Software, Version~9.2},
chapter={61},
pages={4337--4435},
year = {2008},
address = {Cary, NC},
url = {http://www.sas.com/}
} 

@Book{ggplot2book,
    author = {Hadley Wickham},
    title = {ggplot2: Elegant Graphics for Data Analysis},
    publisher = {Springer-Verlag New York},
    year = {2016},
    url = {https://ggplot2.tidyverse.org},
  }


@article{pajor2017,
  title={Estimating the Marginal Likelihood Using the Arithmetic Mean Identity},
  author={Pajor, Anna},
  journal={Bayesian Analysis},
  volume={12},
  number={1},
  pages={261--287},
  year={2017},
  publisher={International Society for Bayesian Analysis},
  url={https://doi.org/10.1214/16-BA1001}
}

@article{BICh2014,
  title={A Note on BIC in Mixed-Effects Models},
  author={Delattre, Maud and Lavielle, Marc and Poursat, Marie-Anne and others},
  journal={Electronic Journal of Statistics},
  volume={8},
  number={1},
  pages={456--475},
  year={2014},
  publisher={The Institute of Mathematical Statistics and the Bernoulli Society},
  url = {https://doi.org/10.1214/14-EJS890}
}

@article{lorah2019value,
  title={Value of Sample Size for Computation of the Bayesian Information Criterion (BIC) in Multilevel Modeling},
  author={Lorah, Julie and Womack, Andrew},
  journal={Behavior Research Methods},
  volume={51},
  number={1},
  pages={440--450},
  year={2019},
  publisher={Springer},
  url={https://doi.org/10.3758/s13428-018-1188-3}
}

@article{BICq2011,
  title={Fixed and Random Effects Selection in Mixed Effects Models},
  author={Ibrahim, Joseph G and Zhu, Hongtu and Garcia, Ramon I and Guo, Ruixin},
  journal={Biometrics},
  volume={67},
  number={2},
  pages={495--503},
  year={2011},
  publisher={Wiley Online Library},
  url={https://doi.org/10.1111/j.1541-0420.2010.01463.x}
}

@article{adaptMCMC2009,
  title={Examples of adaptive MCMC},
  author={Roberts, Gareth O and Rosenthal, Jeffrey S},
  journal={Journal of Computational and Graphical Statistics},
  volume={18},
  number={2},
  pages={349--367},
  year={2009},
  publisher={Taylor \& Francis},
  url={https://doi.org/10.1002/wics.1307}
}

@inbook{compstats2012,
  title={Computational Statistics},
  author={Givens, Geof H and Hoeting, Jennifer A},
  chapter={7},
  volume={703},
  year={2012},
  edition={2nd},
  publisher={John Wiley \& Sons},
  url={https://doi.org/10.1111/j.1467-985X.2006.00430_5.x}
}

@article{chen2003,
  title={Random Effects Selection in Linear Mixed Models},
  author={Chen, Zhen and Dunson, David B},
  journal={Biometrics},
  volume={59},
  number={4},
  pages={762--769},
  year={2003},
  publisher={Wiley Online Library},
  url={https://doi.org/10.1111/j.0006-341X.2003.00089.x}
}

@article{garcia2010,
  title={Variable Selection for Regression Models with Missing Data},
  author={Garcia, Ramon I and Ibrahim, Joseph G and Zhu, Hongtu},
  journal={Statistica Sinica},
  volume={20},
  number={1},
  pages={149},
  year={2010},
  publisher={NIH Public Access},
  url={https://pubmed.ncbi.nlm.nih.gov/20336190/}
}


@article{bigmemory2013,
    title = {Scalable Strategies for Computing with Massive Data},
    author = {Michael J. Kane and John Emerson and Stephen Weston},
    journal = {Journal of Statistical Software},
    year = {2013},
    volume = {55},
    number = {14},
    pages = {1--19},
    url = {http://www.jstatsoft.org/v55/i14/}
  }

@article{fanli2012,
  title={Variable Selection in Linear Mixed Effects Models},
  author={Fan, Yingying and Li, Runze},
  journal={Annals of Statistics},
  volume={40},
  number={4},
  pages={2043},
  year={2012},
  publisher={NIH Public Access},
  url = {https://doi.org/10.1214/12-AOS1028}
}

@Article{rcpp2011,
  title = {\pkg{Rcpp}: Seamless R and C++ Integration},
  author = {Dirk Eddelbuettel and Romain Fran\c{c}ois},
  journal = {Journal of Statistical Software},
  year = {2011},
  volume = {40},
  number = {8},
  pages = {1--18},
  url = {http://www.jstatsoft.org/v40/i08/}
}

@Article{rcpparmadillo2014,
  title = {\pkg{RcppArmadillo}: Accelerating R with High-Performance C++ Linear Algebra},
  author = {Dirk Eddelbuettel and Conrad Sanderson},
  journal = {Computational Statistics and Data Analysis},
  year = {2014},
  volume = {71},
  month = {March},
  pages = {1054--1063},
  url={https://doi.org/10.1016/j.csda.2013.02.005}
}


@article{moffitt2015,
  title={Virtual Microdissection Identifies Distinct Tumor- and Stroma-Specific Subtypes of Pancreatic Ductal Adenocarcinoma},
  author={Moffitt, Richard A and Marayati, Raoud and Flate, Elizabeth L and Volmar, Keith E and Loeza, S Gabriela Herrera and Hoadley, Katherine A and Rashid, Naim U and Williams, Lindsay A and Eaton, Samuel C and Chung, Alexander H and others},
  journal={Nature Genetics},
  volume={47},
  number={10},
  pages={1168},
  year={2015},
  publisher={Nature Publishing Group},
  url={https://doi.org/10.1038/ng.3398}
}

% weinstein2013cancer
@article{weinstein2013,
  title={The cancer genome atlas pan-cancer analysis project},
  author={Weinstein, John N and Collisson, Eric A and Mills, Gordon B and Shaw, Kenna R and Ozenberger, Brad A and Ellrott, Kyle and Shmulevich, Ilya and Sander, Chris and Stuart, Joshua M},
  journal={Nature genetics},
  volume={45},
  number={10},
  pages={1113--1120},
  year={2013},
  publisher={Nature Publishing Group},
  url={https://doi.org/10.1038/ng.2764}
}

@article{waldron2014,
  title={Comparative Meta-Analysis of Prognostic Gene Signatures for Late-Stage Ovarian Cancer},
  author={Waldron, Levi and Haibe-Kains, Benjamin and Culhane, Aed{\'\i}n C and Riester, Markus and Ding, Jie and Wang, Xin Victoria and Ahmadifar, Mahnaz and Tyekucheva, Svitlana and Bernau, Christoph and Risch, Thomas and others},
  journal={JNCI: Journal of the National Cancer Institute},
  volume={106},
  number={5},
  year={2014},
  publisher={Oxford University Press},
  url={https://doi.org/10.1093/jnci/dju049}
}

@article{sotiriou2007,
  title={Taking Gene-Expression Profiling to the Clinic: When Will Molecular Signatures Become Relevant to Patient Care?},
  author={Sotiriou, Christos and Piccart, Martine J},
  journal={Nature Reviews Cancer},
  volume={7},
  number={7},
  pages={545--553},
  year={2007},
  publisher={Nature Publishing Group},
  url={https://doi.org/10.1038/nrc2173}
}

@article{misztal2008reliable,
  title={Reliable Computing in Estimation of Variance Components},
  author={Misztal, IJJOaB},
  journal={Journal of Animal Breeding and Genetics},
  volume={125},
  number={6},
  pages={363--370},
  year={2008},
  publisher={Wiley Online Library},
  url={https://doi.org/10.1111/j.1439-0388.2008.00774.x}
}

@article{feaster2011modeling,
  title={Modeling site effects in the design and analysis of multi-site trials},
  author={Feaster, Daniel J and Mikulich-Gilbertson, Susan and Brincks, Ahnalee M},
  journal={The American journal of drug and alcohol abuse},
  volume={37},
  number={5},
  pages={383--391},
  year={2011},
  publisher={Taylor \& Francis},
  url={https://doi.org/10.3109/00952990.2011.600386}
}

@article{dean2007generalized,
  title={Generalized linear mixed models: a review and some extensions},
  author={Dean, CB and Nielsen, Jason D},
  journal={Lifetime data analysis},
  volume={13},
  pages={497--512},
  year={2007},
  publisher={Springer},
  url={https://doi.org/10.1007/s10985-007-9065-x}
}

@article{bolker2009generalized,
  title={Generalized linear mixed models: a practical guide for ecology and evolution},
  author={Bolker, Benjamin M and Brooks, Mollie E and Clark, Connie J and Geange, Shane W and Poulsen, John R and Stevens, M Henry H and White, Jada-Simone S},
  journal={Trends in ecology \& evolution},
  volume={24},
  number={3},
  pages={127--135},
  year={2009},
  publisher={Elsevier},
  url={https://doi.org/10.1016/j.tree.2008.10.008}
}

@article{langford1994using,
  title={Using a generalized linear mixed model to analyze dichotomous choice contingent valuation data},
  author={Langford, Ian H},
  journal={Land Economics},
  pages={507--514},
  year={1994},
  publisher={JSTOR},
  url={https://doi.org/10.2307/3146644}
}

@article{cai2006bayesian,
  title={Bayesian covariance selection in generalized linear mixed models},
  author={Cai, Bo and Dunson, David B},
  journal={Biometrics},
  volume={62},
  number={2},
  pages={446--457},
  year={2006},
  publisher={Wiley Online Library},
  url={https://doi.org/10.1111/j.1541-0420.2005.00499.x}
}

@article{chen2003random,
  title={Random effects selection in linear mixed models},
  author={Chen, Zhen and Dunson, David B},
  journal={Biometrics},
  volume={59},
  number={4},
  pages={762--769},
  year={2003},
  publisher={Wiley Online Library},
  url={https://doi.org/10.1111/j.0006-341X.2003.00089.x}
}

@article{daniels2003prenatal,
  title={Prenatal exposure to low-level polychlorinated biphenyls in relation to mental and motor development at 8 months},
  author={Daniels, Julie L and Longnecker, Matthew P and Klebanoff, Mark A and Gray, Kimberly A and Brock, John W and Zhou, Haibo and Chen, Zhen and Needham, Larry L},
  journal={American journal of epidemiology},
  volume={157},
  number={6},
  pages={485--492},
  year={2003},
  publisher={Oxford University Press},
  url={https://doi.org/10.1093/aje/kwg010}
}

@article{cheng2016forward,
  title={Forward variable selection for sparse ultra-high dimensional varying coefficient models},
  author={Cheng, Ming-Yen and Honda, Toshio and Zhang, Jin-Ting},
  journal={Journal of the American Statistical Association},
  volume={111},
  number={515},
  pages={1209--1221},
  year={2016},
  publisher={Taylor \& Francis},
  url={https://doi.org/10.1080/01621459.2015.1080708}
}

@article{liu2014feature,
  title={Feature selection for varying coefficient models with ultrahigh-dimensional covariates},
  author={Liu, Jingyuan and Li, Runze and Wu, Rongling},
  journal={Journal of the American Statistical Association},
  volume={109},
  number={505},
  pages={266--274},
  year={2014},
  publisher={Taylor \& Francis},
  url={https://doi.org/10.1080/01621459.2013.850086}
}