% Encoding: UTF-8
@Article{kupiec.1995,
  author = {Paul H Kupiec},
  title = {Techniques for Verifying the Accuracy of Risk Measurement Models},
  journal = {Journal of Derivatives},
  year = {1995},
  volume = {3},
  number = {2},
  pages = {73--84},
  url = {https://doi.org/10.3905/jod.1995.407942 },
}

@Article{christoffersen.1998,
  author = {Peter F Christoffersen},
  title = {Evaluating Interval Forecasts},
  journal = {International Economic Review},
  year = {1998},
  volume = {39},
  number = {4},
  pages = {841--862},
  publisher = {JSTOR},
  url = {http://www.jstor.org/stable/2527341 },
}

@Article{engle_manganelli.2004,
  author = {Robert F Engle and Simone Manganelli},
  title = {{CAViaR}: {C}onditional Autoregressive {V}alue at {R}isk by Regression Quantiles},
  journal = {Journal of Business \& Economic Statistics},
  year = {2004},
  volume = {22},
  number = {4},
  pages = {367--381},
  publisher = {Taylor \& Francis},
  url = {https://doi.org/10.1198/073500104000000370},
}

@Article{mcaleer_daveiga.2008,
  author = {Michael McAleer and Bernardo {Da Veiga}},
  title = {Single--Index and Portfolio Models for Forecasting {V}alue--at--{R}isk Thresholds},
  journal = {Journal of Forecasting},
  year = {2008},
  volume = {27},
  number = {3},
  pages = {217--235},
  publisher = {John Wiley \& Sons},
  url = {https://doi.org/10.1002/for.1054},
}

@Article{fernandez_steel.1998,
  author = {Carmen Fernández and Mark FJ Steel},
  title = {On {B}ayesian Modeling of Fat Tails and Skewness},
  journal = {Journal of the American Statistical Association},
  year = {1998},
  volume = {93},
  number = {441},
  pages = {359--371},
  publisher = {Taylor \& Francis Group},
  url = {https://doi.org/10.1080/01621459.1998.10474117},
}

@Book{jorion.1997,
  title = {Value at Risk},
  publisher = {McGraw--Hill},
  year = {1997},
  author = {Philippe Jorion},
  address = {New York},
  url = {https://doi.org/10.1036/0071464956},
}

@Book{mcneil.2015,
  title = {Quantitative Risk Management: Concepts, Techniques and Tools},
  publisher = {Princeton university press},
  year = {2015},
  author = {Alexander J McNeil and Rüdiger Frey and Paul Embrechts},
  address = {Princeton},
  url = {https://doi.org/10.1111/jtsa.12177},
}

@Article{creal_etal.2013,
  author = {Drew Creal and Siem Jan Koopman and André Lucas},
  title = {Generalized Autoregressive Score Models with Applications},
  journal = {Journal of Applied Econometrics},
  year = {2013},
  volume = {28},
  number = {5},
  pages = {777--795},
  url = {https://doi.org/10.1002/jae.1279
},
}

@Book{harvey.2013,
  title = {Dynamic Models for Volatility and Heavy Tails: {W}ith Applications to Financial and Economic Time Series},
  publisher = {Cambridge University Press},
  year = {2013},
  author = {Andrew C Harvey},
  url = {https://doi.org/10.1017/CBO9781139540933},
}

@Manual{GAS,
  title = {{GAS}: {G}eneralized Autoregressive Score Models},
  author = {Leopoldo Catania and Kris Boudt and David Ardia},
  year = {2016},
  note = {R~package version 0.2.7},
  url = {https://github.com/LeopoldoCatania/GAS},
}

@Article{ardia_etal.2019,
  author        = {D. Ardia and K. Boudt and L. Catania},
  title         = {Generalized Autoregressive Score Models in {R}: {T}he {GAS} Package},
  journal       = {Journal of Statistical Software},
  year          = {2019},
  volume        = {88},
  number        = {6},
  pages         = {1--28},
  adsnote       = {Provided by the SAO/NASA Astrophysics Data System},
  adsurl        = {http://adsabs.harvard.edu/abs/2016arXiv160902354A},
  archiveprefix = {arXiv},
  eprint        = {1609.02354},
  primaryclass  = {stat.CO},
  url           = {https://doi.org/10.18637/jss.v088.i06},
}

@Article{bauwens_laurent.2005,
  author = {Luc Bauwens and Sébastien Laurent},
  title = {A New Class of Multivariate Skew Densities, with Application to Generalized Autoregressive Conditional Heteroscedasticity Models},
  journal = {Journal of Business \& Economic Statistics},
  year = {2005},
  publisher = {Taylor \& Francis},
  url = {https://doi.org/10.1198/073500104000000523},
}

@TechReport{blasques_etal.2014b,
  author = {Francisco Blasques and Siem Jan Koopman and André Lucas},
  title = {Maximum Likelihood Estimation for Correctly Specified Generalized Autoregressive Score Models: {F}eedback Effects, Contraction Conditions and Asymptotic Properties},
  institution = {Tinbergen Institute},
  year = {2014},
  type = {Techreport},
  number = {TI 14-074/III},
  url = {http://www.tinbergen.nl/discussionpaper/?paper=2332},
}

@Article{blasques_etal.2016,
  author = {Francisco Blasques and Siem Jan Koopman and Katarzyna Łasak and André Lucas},
  title = {In--Sample Confidence Bands and Out--of--Sample Forecast Bands for Time--Varying Parameters in Observation--Driven Models},
  journal = {International Journal of Forecasting},
  year = {2016},
  volume = {32},
  number = {3},
  pages = {875--887},
  publisher = {Elsevier},
  url = {https://doi.org/10.1016/j.ijforecast.2015.11.018},
}

@Article{marcellino_etal.2006,
  author = {Massimiliano Marcellino and James H Stock and Mark W Watson},
  title = {A Comparison of Direct and Iterated Multistep {AR} Methods for Forecasting Macroeconomic Time Series},
  journal = {Journal of Econometrics},
  year = {2006},
  volume = {135},
  number = {1},
  pages = {499--526},
  publisher = {Elsevier},
  url = {https://doi.org/10.1016/j.jeconom.2005.07.020},
}

@Article{gonzalezriviera_etal.2004,
  author = {Gloria González-Rivera and Tae-Hwy Lee and Santosh Mishra},
  title = {Forecasting Volatility: {A} Reality Check Based on Option Pricing, Utility Function, {V}alue--at--{R}isk, and Predictive Likelihood},
  journal = {International Journal of Forecasting},
  year = {2004},
  volume = {20},
  number = {4},
  pages = {629--645},
  url = {https://doi.org/10.1016/j.ijforecast.2003.10.003},
}

@Article{koenker_bassett.1978,
  author = {Roger Koenker and Gilbert Bassett},
  title = {Regression Quantiles},
  journal = {Econometrica},
  year = {1978},
  volume = {46},
  number = {1},
  pages = {33-50},
  publisher = {John Wiley \& Sons},
  url = {https://doi.org/10.2307/1913643 },
}

@Article{Ziegel2016,
  author = {Johanna F Ziegel},
  title = {Coherence and Elicitability},
  journal = {Mathematical Finance},
  year = {2016},
  volume = {26},
  number = {4},
  pages = {901--918},
  publisher = {John Wiley \& Sons},
  url = {https://doi.org/10.1111/mafi.12080},
}

@Article{Bellini2015,
  author = {Fabio Bellini and Valeria Bignozzi},
  title = {On Elicitable Risk Measures},
  journal = {Quantitative Finance},
  year = {2015},
  volume = {15},
  number = {5},
  pages = {725--733},
  publisher = {Taylor \& Francis},
  url = {https://doi.org/10.1080/14697688.2014.946955},
}

@Article{FisslerZiegel2016,
  author = {Tobias Fissler and Johanna F. Ziegel},
  title = {Higher Order Elicitability and {O}sband's Principle},
  journal = {The Annals of Statistics},
  year = {2016},
  volume = {44},
  number = {4},
  pages = {1680-1707},
  url = {https://doi.org/10.1214/16-AOS1439},
}

@Misc{PattonEtAl2017,
  author = {Andrew J. Patton and Johanna F. Ziegel and Rui Chen},
  title = {Dynamic Semiparametric Models for Expected Shortfall},
  year = {2017},
  note = {Working paper},
  url = {https://doi.org/10.2139/ssrn.3000465 },
}

@Manual{cubature,
  title = {{cubature}: {A}daptive Multivariate Integration over Hypercubes},
  author = {Balasubramanian Narasimhan and Steven G. Johnson},
  year = {2017},
  note = {R package version 1.3-11},
  url = {https://CRAN.R-project.org/package=cubature},
}

@Article{ArdiaEtAl2018,
  author = {David Ardia and Keven Bluteau and Kris Boudt and Leopoldo Catania},
  title = {Forecasting Performance of {M}arkov--Switching {GARCH} Models: {A} Large--Scale Empirical Study},
  journal = {International Journal of Forecasting},
  year = {2018},
  volume = {34},
  number = {4},
  pages = {733--747},
  url = {https://doi.org/10.1016/j.ijforecast.2018.05.004},
}

@Article{bernardi_catania.2016,
  author = {Mauro Bernardi and Leopoldo Catania},
  title = {Comparison of {V}alue--at--{R}isk Models Using the {MCS} Approach},
  journal = {Computational Statistics},
  year = {2016},
  volume = {31},
  number = {2},
  pages = {579--608},
  day = {01},
  url = {https://doi.org/10.1007/s00180-016-0646-6},
}

@TechReport{BGFRS2012,
  author = {{Board of Governors of the Federal Reserve Systems}},
  title = {99th Annual Report},
  institution = {{Board of Governors of the Federal Reserve Systems}},
  year = {2012},
  url = {https://www.federalreserve.gov/publications/annual-report/files/2012-annual-report.pdf},
}

@Article{NietoRuiz2016,
  url = {https://doi.org/10.1016/j.ijforecast.2015.08.003},
  year = {2016},
  volume = {32},
  number = {2},
  pages = {475--501},
  author = {Maria Rosa Nieto and Esther Ruiz},
  title = {Frontiers in {VaR} Forecasting and Backtesting},
  journal = {International Journal of Forecasting},
}

@Article{GaoZhou2016,
  url = {https://doi.org/10.1016/j.econmod.2015.12.004},
  year = {2016},
  volume = {53},
  pages = {216--223},
  author = {Chun-Ting Gao and Xiao-Hua Zhou},
  title = {Forecasting {VaR} and {ES} Using Dynamic Conditional Score Models and Skew {S}tudent Distribution},
  journal = {Economic Modelling},
}

@Comment{jabref-meta: databaseType:bibtex;}
