
@Manual{BAL2017,
  title = {mudfold: Multiple UniDimensional unFOLDing},
  author = {Spyros Balafas and Wim Krijnen and Ernst Wit},
  year = {2019},
  note = {R package version 1.1.2},
  url = {https://CRAN.R-project.org/package=mudfold},
}

@book{van1984structure,
  title={Structure in Political Beliefs: A New Model for Stochastic Unfolding with Application to European Party Activities},
  author={Van Schuur, Wijbrandt H},
  year={1984},
  publisher={CT Press},
  isbn={978-9070758042}
}

@inproceedings{rasch1961,
address = {Berkeley, Calif.},
author = {Rasch, G.},
booktitle = {Proceedings of the Fourth Berkeley Symposium on Mathematical Statistics and Probability, Volume 4: Contributions to Biology and Problems of Medicine},
pages = {321--333},
publisher = {University of California Press},
title = {On General Laws and the Meaning of Measurement in Psychology},
url = {http://projecteuclid.org/euclid.bsmsp/1200512895},
year = {1961}
}

@article{sijtsma2006item,
  title={Item response theory: Past performance, present developments, and future expectations},
  author={Sijtsma, Klaas and Junker, Brian W},
  journal={Behaviormetrika},
  volume={33},
  number={1},
  pages={75--102},
  year={2006},
  publisher={The Behaviormetric Society of Japan},
  url={https://doi.org/10.2333/bhmk.33.75}
}

@article{thurstone1927law,
  title={A law of comparative judgment.},
  author={Thurstone, Louis L},
  journal={Psychological review},
  volume={34},
  number={4},
  pages={273},
  year={1927},
  publisher={Psychological Review Company},
  url ={https://doi.org/10.1037/h0070288}
}


@incollection{andrich2016hyperbolic,
author="Andrich, David",
editor="van der Linden, Wim J.
and Hambleton, Ronald K.",
title="A Hyperbolic Cosine IRT Model for Unfolding Direct Responses of Persons to Items",
bookTitle="Handbook of Modern Item Response Theory",
year="1997",
publisher="Springer New York",
address="New York, NY",
pages="399--414",
isbn="978-1-4757-2691-6",
url ="https://doi.org/10.1007/978-1-4757-2691-6\_23"
}

@incollection{09a4a9b,
title = "Nonparametric Item Response Theory Models",
editor = "Kimberly Kempf-Leonard",
booktitle = "Encyclopedia of Social Measurement",
publisher = "Elsevier",
address = "New York",
pages = "875 - 882",
year = "2005",
isbn = "978-0-12-369398-3",
url = "https://doi.org/10.1016/B0-12-369398-5/00459-X",
author = "Klaas Sijtsma"
}

@incollection{HOIJTINK2005373,
title = "Item Response Models for Nonmonotone Items",
editor = "Kimberly Kempf-Leonard",
booktitle = "Encyclopedia of Social Measurement",
publisher = "Elsevier",
address = "New York",
pages = "373 - 378",
year = "2005",
isbn = "978-0-12-369398-3",
url = "https://doi.org/10.1016/B0-12-369398-5/00464-3",
author = "Herbert Hoijtink"
}

@article{24165,
author = {Weekers, Anke M. and Meijer, Rob R.},
title = {Scaling Response Processes on Personality Items Using Unfolding and Dominance Models},
journal = {European Journal of Psychological Assessment},
volume = {24},
number = {1},
pages = {65-77},
year = {2008},
url = {https://doi.org/10.1027/1015-5759.24.1.65}
}


@article{3604,
title = "Examining assumptions about item responding in personality assessment: Should ideal point methods be considered for scale development and scoring?",
author = "Stephen Stark and Chernyshenko, {Oleksandr S.} and Fritz Drasgow and Williams, {Bruce A.}",
year = "2006",
url = "https://doi.org/10.1037/0021-9010.91.1.25",
volume = "91",
pages = "25--39",
journal = "Journal of Applied Psychology",
issn = "0021-9010",
publisher = "American Psychological Association Inc.",
number = "1",
}
@article{Chernyshenko2,
author = {Chernyshenko, Oleksandr and Stark, Stephen and Drasgow, Fritz and Roberts, Brent},
year = {2007},
month = {04},
pages = {88-106},
title = {Constructing Personality Scales Under the Assumptions of an Ideal Point Response Process: Toward Increasing the Flexibility of Personality Measures},
volume = {19},
journal = {Psychological assessment},
url ={https://doi.org/10.1037/1040-3590.19.1.88}
}


@book{coombs1964theory,
  title={A Theory Of Data},
  author={Coombs, Clyde H},
  year={1964},
  publisher={Wiley},
  isbn={978-0471171140}
}
@article{23321232,
 ISSN = {10471987, 14764989},
 url = {https://doi.org/10.1093/pan/4.1.41},
 author = {Wijbrandt H. van Schuur},
 journal = {Political Analysis},
 pages = {41--74},
 publisher = {[Oxford University Press, Society for Political Methodology]},
 title = {Nonparametric Unidimensional Unfolding for Multicategory Data},
 volume = {4},
 year = {1992}
}

@article{Ross1964,
author="Ross, John
and Cliff, Norman",
title="A generalization of the interpoint distance model",
journal="Psychometrika",
year="1964",
month="Jun",
day="01",
volume="29",
number="2",
pages="167--176",
issn="1860-0980",
url ="https://doi.org/10.1007/BF02289698"
}

@article{01466216010251006,
author = {Michael D. Maraun and Natasha T. Rossi},
title ={The Extra-Factor Phenomenon Revisited: Unidimensional Unfolding as Quadratic Factor Analysis},
journal = {Applied Psychological Measurement},
volume = {25},
number = {1},
pages = {77-87},
year = {2001},
url = {https://doi.org/10.1177/01466216010251006}
}

@article{014662169501900306,
author = {David Andrich},
title ={Hyperbolic Cosine Latent Trait Models for Unfolding Direct Responses and Pairwise Preferences},
journal = {Applied Psychological Measurement},
volume = {19},
number = {3},
pages = {269-290},
year = {1995},
url = {https://doi.org/10.1177/014662169501900306}
}

@article{andrich1988application,
  author={Andrich, David},
  title={The application of an unfolding model of the PIRT type to the measurement of attitude},
  journal={Applied psychological measurement},
  volume={12},
  number={1},
  pages={33--51},
  year={1988},
  publisher={Sage Publications},
  url ={https://doi.org/10.1177/014662168801200105}
}
 
@article{andrich1993hyperbolic,
  title={A hyperbolic cosine latent trait model for unfolding dichotomous single-stimulus responses},
  author={Andrich, David and Luo, Guanzhong},
  journal={Applied Psychological Measurement},
  volume={17},
  number={3},
  pages={253--276},
  year={1993},
  publisher={Sage Publications},
  url ={https://doi.org/10.1177/014662169301700307}
}

@article{LUO2001224,
title = "A Class of Probabilistic Unfolding Models for Polytomous Responses",
journal = "Journal of Mathematical Psychology",
volume = "45",
number = "2",
pages = "224 - 248",
year = "2001",
issn = "0022-2496",
author = "Guanzhong Luo",
url={https://doi.org/10.1006/jmps.2000.1310}
}
@article{hoijtink1990latent,
  title={A latent trait model for dichotomous choice data},
  author={Hoijtink, Herbert},
  journal={Psychometrika},
  volume={55},
  number={4},
  pages={641--656},
  year={1990},
  publisher={Springer},
  url ={https://doi.org/10.1007/BF02294613}
}

@article{hoijtink1991measurement,
  author={Hoijtink, Herbert},
  title={The measurement of latent traits by proximity items},
  journal={Applied psychological measurement},
  volume={15},
  number={2},
  pages={153--169},
  year={1991},
  publisher={Sage Publications},
  url ={https://doi.org/10.1177/014662169101500205}
}

@article{4104,
author = { Albert   Maydeu-Olivares  and  Adolfo   Hern√°ndez  and  Roderick P.   McDonald },
title = {A Multidimensional Ideal Point Item Response Theory Model for Binary Data},
journal = {Multivariate Behavioral Research},
volume = {41},
number = {4},
pages = {445-472},
year  = {2006},
publisher = {Routledge},
note ={PMID: 26794914},
url = {https://doi.org/10.1207/s15327906mbr4104\_2}
}
@article{roberts2000general,
  title={A general item response theory model for unfolding unidimensional polytomous responses},
  author={Roberts, James S and Donoghue, John R and Laughlin, James E},
  journal={Applied Psychological Measurement},
  volume={24},
  number={1},
  pages={3--32},
  year={2000},
  publisher={Sage Publications Sage CA: Thousand Oaks, CA},
  url ={https://doi.org/10.1177/01466216000241001}
}

@article{roberts1996graded,
author = {James S. Roberts and James E. Laughlin},
title ={A Unidimensional Item Response Model for Unfolding Responses From a Graded Disagree-Agree Response Scale},
journal = {Applied Psychological Measurement},
volume = {20},
number = {3},
pages = {231-255},
year = {1996},
url = {https://doi.org/10.1177/014662169602000305}
}



@article{Noel2014,
author="Noel, Yvonnick",
title="A Beta Unfolding Model for Continuous Bounded Responses",
journal="Psychometrika",
year="2014",
month="Oct",
day="01",
volume="79",
number="4",
pages="647--674",
issn="1860-0980",
url ="https://doi.org/10.1007/s11336-013-9361-1"
}
@article{00049539808258795,
author = {Luo, Guanzhong and Andrich, David and Styles, Irene},
title = {The JML Estimation of the Generalised Unfolding Model Incorporating the Latitude of Acceptance Parameter},
journal = {Australian Journal of Psychology},
volume = {50},
number = {3},
pages = {187-198},
url = {https://doi.org/10.1080/00049539808258795},
year = {1998}
}
@article{0146621610392565,
author = {James S. Roberts and Vanessa M. Thompson},
title ={Marginal Maximum A Posteriori Item Parameter Estimation for the Generalized Graded Unfolding Model},
journal = {Applied Psychological Measurement},
volume = {35},
number = {4},
pages = {259-279},
year = {2011},
url = {https://doi.org/10.1177/0146621610392565}
}

@inbook{Hanggli2020,
author="H{\"a}nggli, Regula",
title="Role of Dialogue in Public Opinion Formation",
bookTitle="The Origin of Dialogue in the News Media",
year="2020",
publisher="Springer International Publishing",
address="Cham",
pages="187--222",
isbn="978-3-030-26582-3",
url ="https://doi.org/10.1007/978-3-030-26582-3\_8"
}

@article{1586404,
author = {Youn-Jeng Choi and Abdullah Asilkalkan},
title = {R Packages for Item Response Theory Analysis: Descriptions and Features},
journal = {Measurement: Interdisciplinary Research and Perspectives},
volume = {17},
number = {3},
pages = {168-175},
year  = {2019},
publisher = {Routledge},
url = {https://doi.org/10.1080/15366367.2019.1586404}
}

@article{0146621618762743,
author = {Chen-Wei Liu and Wen-Chung Wang},
title ={A General Unfolding IRT Model for Multiple Response Styles},
journal = {Applied Psychological Measurement},
volume = {43},
number = {3},
pages = {195-210},
year = {2019},
url = {https://doi.org/10.1177/0146621618762743}
}
@article{0146621605282772,
author = {Jimmy de la Torre and Stephan Stark and Oleksandr S. Chernyshenko},
title ={Markov Chain Monte Carlo Estimation of Item Parameters for the Generalized Graded Unfolding Model},
journal = {Applied Psychological Measurement},
volume = {30},
number = {3},
pages = {216-232},
year = {2006},
url = { https://doi.org/10.1177/0146621605282772}
}

@article{johnson2003using,
  title={Using data augmentation and Markov chain Monte Carlo for the estimation of unfolding response models},
  author={Johnson, Matthew S and Junker, Brian W},
  journal={Journal of Educational and Behavioral Statistics},
  volume={28},
  number={3},
  pages={195--230},
  year={2003},
  publisher={SAGE Publications},
  url={https://doi.org/10.3102/10769986028003195}
}

@article{0146621618768294,
author = {Philseok Lee and Seang-Hwane Joo and Stephen Stark and Oleksandr S. Chernyshenko},
title ={GGUM-RANK Statement and Person Parameter Estimation With Multidimensional Forced Choice Triplets},
journal = {Applied Psychological Measurement},
volume = {43},
number = {3},
pages = {226-240},
year = {2019},
url = {https://doi.org/10.1177/0146621618768294}
}

@ARTICLE{00911,
AUTHOR={Finser√•s, Turi Reiten and Pallesen, St√•le and Mentzoni, Rune Aune and Krossbakken, Elfrid and King, Daniel L. and Molde, Helge},   
TITLE={Evaluating an Internet Gaming Disorder Scale Using Mokken Scaling Analysis},      
JOURNAL={Frontiers in Psychology},      
VOLUME={10},      
PAGES={911},     
YEAR={2019},      
url ={https://doi.org/10.3389/fpsyg.2019.00911},       
ISSN={1664-1078}
}

@article{26628,
author = {Rinkel, Willem D. and Aziz, M. Hosein and Van Neck, Johan W. and Cabezas, Manuel Castro and van der Ark, L. Andries and Coert, J. Henk},
title = {Development of grading scales of pedal sensory loss using Mokken scale analysis on the Rotterdam Diabetic Foot Study Test Battery data},
journal = {Muscle \& Nerve},
volume = {60},
number = {5},
pages = {520-527},
url = {https://doi.org/10.1002/mus.26628},
year = {2019}
}
@article{0093650214537520,
author = {Mark Boukes and Hajo G. Boomgaarden},
title ={Soft News With Hard Consequences? Introducing a Nuanced Measure of Soft Versus Hard News Exposure and Its Relationship With Political Cynicism},
journal = {Communication Research},
volume = {42},
number = {5},
pages = {701-731},
year = {2015},
url = {https://doi.org/10.1177/0093650214537520}
}

@book{mokken1971theory,
  title={A theory and procedure of scale analysis: With applications in political research},
  author={Mokken, Robert Jan},
  volume={1},
  year={1971},
  publisher={Walter de Gruyter},
  isbn={978-3-11-081320-3}
}

@article{van1992nonparametric,
  title={Nonparametric unidimensional unfolding for multicategory data},
  author={Van Schuur, Wijbrandt H},
  journal={Political Analysis},
  volume={4},
  pages={41--74},
  year={1992},
  publisher={Cambridge University Press},
  url ={https://doi.org/10.1093/pan/4.1.41}
  
}

@book{post1992nonparametric,
  title={Nonparametric Unfolding Models: A Latent Structure Approach},
  author={Post, W. J.},
  series={M \& T series},
  year={1992},
  publisher={DSWO Press},
  isbn={978-9066950641}
}


@incollection{van1988stochastic,
  title={Stochastic unfolding},
  author={Van Schuur, WH},
  booktitle={Sociometric research},
  pages={137--158},
  year={1988},
  publisher={Springer},
  url ={https://doi.org/10.1007/978-1-349-19051-5\_9}
}

@article{johnson2006nonparametric,
  title={Nonparametric estimation of item and respondent locations from unfolding-type items},
  author={Johnson, Matthew S},
  journal={Psychometrika},
  volume={71},
  number={2},
  pages={257--279},
  year={2006},
  publisher={Springer},
  url ={https://doi.org/10.1007/s11336-003-1098-9}
}

@Manual{GGUM,
  title = {GGUM: Generalized Graded Unfolding Model},
  author = {Jorge N. Tendeiro and Sebastian Castro-Alvarez},
  year = {2018},
  note = {R package version 0.3.3},
  url = {https://CRAN.R-project.org/package=GGUM},
}

@article{roberts2006ggum2004,
  title={GGUM2004: A Windows-Based Program to Estimate Parameters in the Generalized Graded Unfolding Model.},
  author={Roberts, James S and Fang, Haw-ren and Cui, Weiwei and Wang, Yingji},
  journal={Applied Psychological Measurement},
  year={2006},
  publisher={Sage Publications},
  url ={https://doi.org/10.1177/0146621605280141}
}

@Article{mirt,
    title = {{mirt}: A Multidimensional Item Response Theory Package for the {R} Environment},
    author = {R. Philip Chalmers},
    journal = {Journal of Statistical Software},
    year = {2012},
    volume = {48},
    number = {6},
    pages = {1--29},
    url = {https://doi.org/10.18637/jss.v048.i06},
}

@Article{mok1,
    title = {Mokken Scale Analysis in {R}},
    author = {L. Andries {Van der Ark}},
    journal = {Journal of Statistical Software},
    year = {2007},
    volume = {20},
    number = {11},
    pages = {1--19},
    url = {https://doi.org/10.18637/jss.v020.i11}
  }
  @Article{mok2,
    title = {New Developments in Mokken Scale Analysis in {R}},
    author = {L. Andries {Van der Ark}},
    journal = {Journal of Statistical Software},
    year = {2012},
    volume = {48},
    number = {5},
    pages = {1--27},
    url = {https://doi.org/10.18637/jss.v048.i05},
}

@article{loevinger1948technic,
  title={The technic of homogeneous tests compared with some aspects of "scale analysis" and factor analysis.},
  author={Loevinger, Jane},
  journal={Psychological bulletin},
  volume={45},
  number={6},
  pages={507},
  year={1948},
  publisher={American Psychological Association},
  url ={https://doi.org/10.1037/h0055827}
}
  
@article{post1993nonparametric,
  title={Nonparametric unfolding models for dichotomous data.},
  author={Post, Wendy J and Snijders, Tom AB},
  journal={Methodika},
  year={1993},
  publisher={Hogrefe and Huber Publishers}
}

@Manual{boot,
  title = {boot: Bootstrap R (S-Plus) Functions},
  author = {Angelo Canty and B. D. Ripley},
  year = {2017},
  note = {R package version 1.3-20},
}

@article{efron1979bootstrap,
  title={Bootstrap Methods: Another Look at the Jackknife},
  author={Efron, B and others},
  journal={The Annals of Statistics},
  volume={7},
  number={1},
  pages={1--26},
  year={1979},
  publisher={Institute of Mathematical Statistics},
  url ={https://doi.org/10.1214/aos/117634455}
}
@article{10629360600810434,
author = { S. Van Buuren  and  J. P.L. Brand  and  C. G.M. Groothuis-Oudshoorn  and  D. B. Rubin },
title = {Fully conditional specification in multivariate imputation},
journal = {Journal of Statistical Computation and Simulation},
volume = {76},
number = {12},
pages = {1049-1064},
year  = {2006},
publisher = {Taylor & Francis},
url = {https://doi.org/10.1080/10629360600810434}
}

@article{mice,
  title = {{mice}: Multivariate Imputation by Chained Equations in R},
  author = {Stef {van Buuren} and Karin Groothuis-Oudshoorn},
  journal = {Journal of Statistical Software},
  year = {2011},
  volume = {45},
  number = {3},
  pages = {1-67},
  url = {https://doi.org/10.18637/jss.v045.i03}
}

@incollection{Mokken1997,
author="Mokken, Robert J.",
editor="van der Linden, Wim J. and Hambleton, Ronald K.",
title="Nonparametric Models for Dichotomous Responses",
bookTitle="Handbook of Modern Item Response Theory",
year="1997",
publisher="Springer New York",
address="New York, NY",
pages="351--367",
isbn="978-1-4757-2691-6",
url ="https://doi.org/10.1007/978-1-4757-2691-6\_20"
}

@article{2086306,
 ISSN = {00031224},
 url = {https://doi.org/10.2307/2086306},
 author = {Louis Guttman},
 journal = {American Sociological Review},
 number = {2},
 pages = {139--150},
 publisher = {[American Sociological Association, Sage Publications, Inc.]},
 title = {A Basis for Scaling Qualitative Data},
 volume = {9},
 year = {1944}
}
@Manual{gtools,
  title = {gtools: Various R Programming Tools},
  author = {Gregory R. Warnes and Ben Bolker and Thomas Lumley},
  year = {2015},
  note = {R package version 3.5.0},
  url = {https://CRAN.R-project.org/package=gtools},
}

@ARTICLE{lasso,
author = {Tibshirani, Robert},
title = {Regression Shrinkage and Selection Via the Lasso},
journal = {Journal of the Royal Statistical Society: Series B (Methodological)},
volume = {58},
number = {1},
pages = {267-288},
keywords = {quadratic programming, regression, shrinkage, subset selection},
url = {https://doi.org/10.1111/j.2517-6161.1996.tb02080.x},
year = {1996}
}

@article{glmnet,
title = {Regularization Paths for Generalized Linear Models via Coordinate Descent},
author = {Jerome Friedman and Trevor Hastie and Robert Tibshirani},
journal = {Journal of Statistical Software},
year = {2010},
volume = {33},
number = {1},
pages = {1--22},
url = {https://doi.org/10.18637/jss.v033.i01}
}

@Article{mgcv,
  title = {Fast stable restricted maximum likelihood and marginal likelihood estimation of semiparametric generalized linear models},
  journal = {Journal of the Royal Statistical Society (B)},
  volume = {73},
  number = {1},
  pages = {3-36},
  year = {2011},
  author = {S. N. Wood},
  url = {https://doi.org/10.1111/j.1467-9868.2010.00749.x}
}
@Book{gams,
  title = {Generalized Additive Models: An Introduction with R},
  year = {2017},
  author = {S.N. Wood},
  edition = {2},
  publisher = {Chapman and Hall/CRC},
}
@article{thurstone1928attitudes,
  title={Attitudes can be measured},
  author={Thurstone, Louis L},
  journal={American journal of Sociology},
  pages={529--554},
  year={1928},
  publisher={JSTOR},
  url ={https://doi.org/10.1086/214483}
}

@ARTICLE{rubin1976inference,
title={Inference and missing data},
author={Rubin, Donald B},
journal={Biometrika},
volume={63},
number={3},
pages={581--592},
year={1976},
publisher={Oxford University Press},
url ={https://doi.org/10.1093/biomet/63.3.581}
}

@ARTICLE{little1987statistical,
title={Statistical analysis with missing data},
author={Little, Roderick JA and Rubin, Donald B},
journal={New York: Wiley, 1987},
url ={https://doi.org/10.1002/9781119013563},
year={1987}
}

@Article{Sulis2017,
author="Sulis, Isabella
and Porcu, Mariano",
title="Handling Missing Data in Item Response Theory. Assessing the Accuracy of a Multiple Imputation Procedure Based on Latent Class Analysis",
journal="Journal of Classification",
year="2017",
month="Jul",
day="01",
volume="34",
number="2",
pages="327--359",
issn="1432-1343",
url ="https://doi.org/10.1007/s00357-017-9220-3"
}

@Book{ggplot,
 author = {Hadley Wickham},
 title = {ggplot2: Elegant Graphics for Data Analysis},
 publisher = {Springer-Verlag New York},
 year = {2009},
 isbn = {978-0-387-98140-6},
 url = {https://doi.org/10.1007/978-0-387-98141-3},
}

@Article{zoo,
 title = {zoo: S3 Infrastructure for Regular and Irregular Time Series},
 author = {Achim Zeileis and Gabor Grothendieck},
 journal = {Journal of Statistical Software},
 year = {2005},
 volume = {14},
 number = {6},
 pages = {1--27},
 url = {https://doi.org/10.1007/978-0-387-98141-3},
 }

@Article{reshape2,
title = {Reshaping Data with the {reshape} Package},
author = {Hadley Wickham},
journal = {Journal of Statistical Software},
year = {2007},
volume = {21},
number = {12},
pages = {1--20},
url = {https://doi.org/10.18637/jss.v021.i12},
}


@article{de1985development,
  title={The development of a Rasch-type loneliness scale},
  author={de Jong-Gierveld, Jenny and Kamphuls, Frans},
  journal={Applied psychological measurement},
  volume={9},
  number={3},
  pages={289--299},
  year={1985},
  publisher={Sage Publications Sage CA: Thousand Oaks, CA},
  url={https://doi.org/10.1177/014662168500900307}
}

@article{de1999manual,
  title={Manual of the loneliness scale},
  author={De Jong, Gierveld J and van Tilburg, TG},
  journal={Amsterdam: VU University Amsterdam},
  year={1999},
  publisher={VU University Press}
}



@incollection{post2001single,
  title={Single-peaked or monotone tracelines? On the choice of an IRT model for scaling data},
  author={Post, Wendy J and van Duijn, Marijtje AJ and van Baarsen, Berna},
  booktitle={Essays on item response theory},
  pages={391--414},
  year={2001},
  publisher={Springer},
  url ={https://doi.org/10.1007/978-1-4613-0169-1\_21}
}




@article{knipscheer1995living,
  title={Living arrangements and social networks of older adults},
  author={Knipscheer, Cornelis PM and Jong-Gierveld, J de and van Tilburg, Theo G and Dykstra, Pearl A and others},
  journal={Amsterdam: VU University Amsterdam},
  year={1995},
  publisher={VU University Press}
}

@article{9,
 ISSN = {00359246},
 url = {https://doi.org/10.1111/j.2517-6161.1959.tb00329.x},
 author = {D. R. Cox, L. Brandwood},
 journal = {Journal of the Royal Statistical Society. Series B (Methodological)},
 number = {1},
 pages = {195-200},
 publisher = {[Royal Statistical Society, Wiley]},
 title = {On a Discriminatory Problem Connected with the Works of {P}lato},
 volume = {21},
 year = {1959}
}

@book{karlin1968total,
  title={Total positivity},
  author={Karlin, Samuel},
  volume={1},
  year={1968},
  publisher={Stanford University Press},
  isbn={978-0804703147}
}



@Article{8,
  title = {Multidimensional Scaling Using Majorization: {SMACOF} in {R}},
  author = {Jan {de Leeuw} and Patrick Mair},
  journal = {Journal of Statistical Software},
  year = {2009},
  volume = {31},
  number = {3},
  pages = {1--30},
  url = {https://doi.org/10.18637/jss.v031.i03}
}





















