% Encoding: UTF-8

@Book{abernathy2016using,
  author    = {Abernathy, David},
  title     = {Using Geodata and Geolocation in the Social Sciences: Mapping Our Connected World},
  year      = {2016},
  publisher = {SAGE},
  doi       = {10.4135/9781473983267},
  owner     = {kolbjp},
  timestamp = {2016.10.14},
}

@Article{grippa2018mapping,
  author    = {Grippa, Ta{\"\i}s and Georganos, Stefanos and Zarougui, Soukaina and Bognounou, Pauline and Diboulo, Eric and Forget, Yann and Lennert, Moritz and Vanhuysse, Sabine and Mboga, Nicholus and Wolff, El{\'e}onore},
  title     = {Mapping Urban Land Use at Street Block Level Using {OpenStreetMap}, Remote Sensing Data, and Spatial Metrics},
  year      = {2018},
  volume    = {7},
  number    = {7},
  pages     = {246},
  doi       = {10.3390/ijgi7070246},
  journal   = {ISPRS International Journal of Geo-Information},
  owner     = {kolbjp},
  publisher = {Multidisciplinary Digital Publishing Institute},
  timestamp = {2018.09.18},
}

@Article{barron2014comprehensive,
  author    = {Barron, Christopher and Neis, Pascal and Zipf, Alexander},
  title     = {A comprehensive framework for intrinsic OpenStreetMap quality analysis},
  year      = {2014},
  volume    = {18},
  number    = {6},
  pages     = {877--895},
  doi       = {10.1111/tgis.12073},
  journal   = {Transactions in GIS},
  owner     = {kolbjp},
  publisher = {Wiley Online Library},
  timestamp = {2018.09.18},
}

@article{pruvost2017exploring,
  title={Exploring Data Model Relations in {OpenStreetMap}},
  author={Pruvost, Hippolyte and Mooney, Peter},
  journal={Future Internet},
  volume={9},
  number={4},
  pages={70},
  year={2017},
  publisher={Multidisciplinary Digital Publishing Institute},
  Owner                    = {kolbjp},
  Timestamp                = {2018.09.18}
}

@inproceedings{gervasoni2018convolutional,
  title={Convolutional neural networks for disaggregated population mapping using open data},
  author={Gervasoni, Luciano and Fenet, Serge and Perrier, R{\'e}gis and Sturm, Peter},
  booktitle={IEEE International Conference on Data Science and Advanced Analytics (DSAA)},
  year={2018},
  Owner                    = {kolbjp},
  Timestamp                = {2018.09.18}
}

@Article{meijer2018global,
  author       = {Meijer, Johan and Huijbregts, Mark AJ and Schotten, Kees and Schipper, Aafke},
  title        = {Global patterns of current and future road infrastructure},
  journaltitle = {Environmental Research Letters},
  year         = {2018},
  volume       = {13},
  number       = {6},
  doi          = {10.1088/1748-9326/aabd42},
  journal      = {Environmental Research Letters},
  owner        = {kolbjp},
  publisher    = {IOP Publishing},
  timestamp    = {2018.09.18},
}

@Manual{pebesmaSpatialDataScience,
  author = {Edzer Pebesma and Roger Bivand},
  title  = {Spatial Data Science},
    url    = {https://www.r-spatial.org/book},
    year={2019},
  Owner                    = {kolbjp},
  Timestamp                = {2019.01.22}
}




@Manual{lovelacegeocomputation,
  author = {Lovelace, Robin and Nowosad, Jakub and Muenchow, Jannes},
  title  = {Geocomputation with {R}},
    url    = {https://geocompr.robinlovelace.net/},
    year={2018},
  Owner                    = {kolbjp},
  Timestamp                = {2018.09.12}
}

  @Manual{ma::deckard,
  author = {Ian Hansel},
 year   = {2018},
  title  = {deckard: Visualise Data with deck.gl},
  note   = {R package version 0.0.0.9000},
}

@Manual{Cooley:mapdeck,
  author = {David Cooley},
  title  = {mapdeck: Interactive Maps Using 'Mapbox GL JS' and 'Deck.gl'},
  year   = {2018},
  note   = {R package version 0.1.0},
  url    = {https://CRAN.R-project.org/package=mapdeck},
    Owner                    = {kolbjp},
  Timestamp                = {2018.09.12}

}

@Book{aitchison2009beginning,
  author    = {Aitchison, Alastair},
  title     = {Beginning Spatial with {SQL} Server 2008},
  year      = {2009},
  publisher = {Apress},
  owner     = {kolbjp},
  timestamp = {2016.10.11},
}

@InProceedings{auer2009linkedgeodata,
  author       = {Auer, S{\"o}ren and Lehmann, Jens and Hellmann, Sebastian},
  title        = {Linkedgeodata: Adding a spatial dimension to the web of data},
  booktitle    = {International Semantic Web Conference},
  year         = {2009},
  organization = {Springer},
  pages        = {731--746},
  doi          = {10.1007/978-3-642-04930-9_46},
  file         = {:J\:\\Work\\Statistik\\Kolb\\Paper\\geosmdata\\literature\\Auer - Linkedgeodata - Adding a spatial dimension to the web of data.pdf:PDF},
  owner        = {kolbjp},
  timestamp    = {2016.10.13},
}

@Article{bivand2000implementing,
  author    = {Bivand, Roger and Gebhardt, Albrecht},
  title     = {Implementing functions for spatial statistical analysis using the {R} language},
  year      = {2000},
  volume    = {2},
  number    = {3},
  pages     = {307--317},
  doi       = {10.1007/pl00011460},
  file      = {:J\:\\Work\\Statistik\\Kolb\\Paper\\geosmdata\\literature\\Bivand - Implementing functions for spatial statistical analysis.pdf:PDF},
  journal   = {Journal of Geographical Systems},
  owner     = {kolbjp},
  publisher = {Springer},
  timestamp = {2016.10.11},
}

@InCollection{bivand2013hello,
  author    = {Bivand, Roger S and Pebesma, Edzer and G{\'o}mez-Rubio, Virgilio},
  title     = {Hello World: Introducing Spatial Data},
  booktitle = {Applied Spatial Data Analysis with R},
  year      = {2013},
  publisher = {Springer},
  pages     = {1--16},
  doi       = {10.1007/978-1-4614-7618-4_1},
  owner     = {kolbjp},
  timestamp = {2016.10.11},
}

@Manual{ma:geojsonr,
  author    = {Lampros Mouselimis},
  title     = {{geojsonR}: A {GeoJson} Processing Toolkit},
  year      = {2018},
  note      = {R package version 1.0.5},
  url       = {https://CRAN.R-project.org/package=geojsonR},
  owner     = {kolbjp},
  timestamp = {2018.09.15},
}

   @Article{at:jsonlite,
    title = {The jsonlite Package: A Practical and Consistent Mapping Between {JSON} Data and {R} Objects},
    author = {Jeroen Ooms},
    journal = {arXiv:1403.2805 [stat.CO]},
    year = {2014},
    url = {https://arxiv.org/abs/1403.2805},
  }
  
   @Manual{ma:chamberlain:lawn,
    title = {lawn: Client for 'Turfjs' for 'Geospatial' Analysis},
    author = {Scott Chamberlain and Jeff Hollister},
    year = {2017},
    note = {R package version 0.4.2},
    url = {https://CRAN.R-project.org/package=lawn},
  }

@Misc{wiki:pbfformat,
  author = {{OpenStreetMap Wiki}},
  title  = {PBF Format --- {OpenStreetMap Wiki}},
  year   = {2018},
  note   = {[Online; accessed 12-September-2018]},
  url    = {http://wiki.openstreetmap.org/w/index.php?title=PBF_Format&oldid=1580310},
}

@Book{nolan2014xml,
  author    = {Nolan, Deborah and Lang, Duncan Temple},
  title     = {{XML} and web technologies for data sciences with R},
  year      = {2014},
  edition   = {1},
  publisher = {Springer},
  isbn      = {9781461478997},
  doi       = {10.1007/978-1-4614-7900-0},
}


@Article{bock2015flexible,
  Title                    = {Flexible Datenintegration und Migration in ein Sensornetzwerk-ein Beispiel mit Twitter-Analysedaten},
  Author                   = {Bock, Nikolai and Boehm, Klaus},
  Journal                  = {AGIT-Journal f{\"u}r Angewandte Geoinformatik},
  Year                     = {2015},
  Pages                    = {448--453},
  Volume                   = {1},

  Owner                    = {kolbjp},
  Timestamp                = {2016.11.14}
}

@Article{brownmaps,
  Title                    = {Maps, Coordinate Reference Systems and Visualising Geographic Data with mapmisc},
  Author                   = {Brown, Patrick},
  Journal                  = {R-Journal},
  Year                     = {2016},

  File                     = {:J\:\\Work\\Statistik\\Kolb\\Paper\\geosmdata\\literature\\brown - Maps, Coordinate Reference Systems and Visualising Geographic Data with mapmisc.pdf:PDF},
  Owner                    = {kolbjp},
  Timestamp                = {2016.11.10}
}

@Manual{ma:leaflet,
  author    = {Joe Cheng and Yihui Xie},
  title     = {leaflet: Create Interactive Web Maps with the {JavaScript} 'Leaflet' Library},
  year      = {2016},
  note      = {R package version 1.0.1},
  url       = {https://CRAN.R-project.org/package=leaflet},
  owner     = {kolbjp},
  timestamp = {2016.10.20},
}

@InProceedings{chilton2009crowdsourcing,
  author    = {Chilton, Steve},
  title     = {Crowdsourcing is radically changing the geodata landscape: case study of {OpenStreetMap}},
  booktitle = {Proceedings of the UK 24th International Cartography Conference},
  year      = {2009},
  file      = {:literature\\Chilton - CROWDSOURCING IS RADICALL changing the geodata landscape.pdf:PDF},
  owner     = {kolbjp},
  timestamp = {2016.05.04},
}

@Article{Clemens2015,
  author    = {Clemens, Konstantin},
  title     = {Geocoding with {OpenStreetMap} Data},
  year      = {2015},
  pages     = {10},
  journal   = {GEOProcessing 2015},
  owner     = {kolbjp},
  timestamp = {2016.10.12},
}

@Article{clemens2015geocoding,
  author    = {Clemens, K},
  title     = {Qualitative Comparison of Geocoding Systems using {OpenStreetMap} Data},
  year      = {2015},
  volume    = {8},
  number    = {3 \& 4},
  journal   = {International Journal on Advances in Software},
  owner     = {kolbjp},
  timestamp = {2016.06.01},
}

@Article{at:osmar,
  author    = {Manuel J. A. Eugster and Thomas Schlesinger},
  title     = {osmar: {OpenStreetMap} and {R}},
  year      = {2010},
  note      = {Accepted for publication on 2012-08-14},
  url       = {http://osmar.r-forge.r-project.org/RJpreprint.pdf},
  journal   = {R Journal},
  owner     = {kolbjp},
  timestamp = {2016.10.11},
}

@Manual{ma:fellows,
  author    = {Ian Fellows},
  title     = {{OpenStreetMap}: Access to Open Street Map Raster Images},
  year      = {2015},
  note      = {R package version 0.3.2; Using the JMapViewer library by Jan Peter Stotz},
  url       = {https://CRAN.R-project.org/package=OpenStreetMap},
  owner     = {kolbjp},
  timestamp = {2016.10.11},
}

@InProceedings{fonte2016automated,
  author    = {Fonte, Cid{\'a}lia and Minghini, Marco and Antoniou, Vyron and See, Linda and Patriarca, Joaquim and Brovelli, M and Milcinski, Grega},
  title     = {Automated methodology for converting {OSM} data into a land use/cover map},
  booktitle = {Proceedings of the 6 th International Conference on Cartography \& GIS},
  year      = {2016},
  pages     = {462--473},
  file      = {:J\:\\Work\\Statistik\\Kolb\\Paper\\geosmdata\\literature\\Fonte - Automated methodology for converting OSM data into a land use cover map.pdf:PDF},
  owner     = {kolbjp},
  timestamp = {2016.10.26},
}

@Manual{gaffney2015final,
  author    = {Gaffney, Devin},
  title     = {Exploring the Role of Geographic Diffusion in Informational Cascades},
  year      = {2015},
  file      = {:J\:\\Work\\Statistik\\Kolb\\Paper\\geosmdata\\literature\\Gaffney - Exploring the Role of Geographic Diffusion in Informational Cascades.pdf:PDF},
  owner     = {kolbjp},
  timestamp = {2016.11.15},
}

@Article{goodchild2012assuring,
  author    = {Goodchild, Michael F and Li, Linna},
  title     = {Assuring the quality of volunteered geographic information},
  year      = {2012},
  volume    = {1},
  pages     = {110--120},
  doi       = {10.1016/j.spasta.2012.03.002},
  file      = {:literature\\Goodchild - Assuring the quality of volunteered geographic information.pdf:PDF},
  journal   = {Spatial statistics},
  owner     = {kolbjp},
  publisher = {Elsevier},
  timestamp = {2016.05.24},
}

@Article{haklay2008openstreetmap,
  author    = {Haklay, Mordechai and Weber, Patrick},
  title     = {{OpenStreetMap}: User-generated street maps},
  year      = {2008},
  volume    = {7},
  number    = {4},
  pages     = {12--18},
  doi       = {10.1109/mprv.2008.80},
  file      = {:J\:\\Work\\Statistik\\Kolb\\Paper\\geosmdata\\literature\\Hakley - openstreetmaps.pdf:PDF},
  journal   = {IEEE Pervasive Computing},
  owner     = {kolbjp},
  publisher = {IEEE},
  timestamp = {2016.10.13},
}

@Book{hesse2015oxford,
  author    = {Hesse-Biber, Sharlene Nagy and Johnson, R Burke},
  title     = {The Oxford Handbook of Multimethod and Mixed Methods Research Inquiry},
  year      = {2015},
  publisher = {Oxford University Press},
  doi       = {10.1093/oxfordhb/9780199933624.001.0001},
  owner     = {kolbjp},
  timestamp = {2016.10.11},
}

@Article{ihaka:1996,
  author  = {Ihaka, Ross and Gentleman, Robert},
  title   = {R: A Language for Data Analysis and Graphics},
  year    = {1996},
  volume  = {5},
  number  = {3},
  pages   = {299--314},
  doi     = {10.1080/10618600.1996.10474713},
  journal = {Journal of Computational and Graphical Statistics},
}

@Article{judische2012reproduktion,
  author    = {J{\"u}dische, Bev{\"o}lkerungsgruppen and Tor, Abu},
  title     = {Reproduktion sozialr{\"a}umlicher Differenzierungen in {OpenStreetMap}: das Beispiel Jerusalems},
  year      = {2012},
  number    = {1},
  pages     = {20--26},
  file      = {:J\:\\Work\\Statistik\\Kolb\\Paper\\geosmdata\\literature\\Bittner-2014-Reproduktion-sozialräumlicher-Differenzierungen-in-OpenStreetMap.pdf:PDF},
  journal   = {Journal of Cartography and Geographic Information},
  owner     = {kolbjp},
  timestamp = {2016.11.10},
}

@Article{at:Kahle,
  Title                    = {ggmap: Spatial Visualization with ggplot2},
  Author                   = {David Kahle and Hadley Wickham},
  Journal                  = {The R Journal},
  Year                     = {2013},
  Number                   = {1},
  Pages                    = {144--161},
  Volume                   = {5},

  Owner                    = {kolbjp},
  Timestamp                = {2016.10.11},
  Url                      = {http://journal.r-project.org/archive/2013-1/kahle-wickham.pdf}
}

@InProceedings{kalampokis2014exploiting,
  Title                    = {Exploiting linked data cubes with opencube toolkit},
  Author                   = {Kalampokis, Evangelos and Nikolov, Andriy and Haase, Peter and Cyganiak, Richard and Stasiewicz, Arkadiusz and Karamanou, Areti and Zotou, Maria and Zeginis, Dimitris and Tambouris, Efthimios and Tarabanis, Konstantinos},
  Booktitle                = {Proceedings of the 2014 International Conference on Posters \& Demonstrations Track-Volume 1272},
  Year                     = {2014},
  Organization             = {CEUR-WS. org},
  Pages                    = {137--140},

  Owner                    = {kolbjp},
  Timestamp                = {2016.11.15}
}

@Article{kounadi2009assessing,
  author    = {Kounadi, Ourania},
  title     = {Assessing the quality of {OpenStreetMap} data},
  year      = {2009},
  file      = {:literature\\Kounadi - Assessing the quality of OSM data.pdf:PDF},
  journal   = {Msc geographical information science, University College of London Department of Civil, Environmental And Geomatic Engineering},
  owner     = {kolbjp},
  timestamp = {2016.05.04},
}

@Article{krismerosmpti2mmds,
  author    = {Krismer, Nikolaus and Silbernagl, Doris and Gamper, Johann and Specht, G{\"u}nther},
  title     = {osmPti2mmds--Erstellung von multimodalen Daten-sets aus {OpenStreetMap} und {{\"O}PNV}-Informationen},
  year      = {2016},
  volume    = {2},
  pages     = {185--190},
  file      = {:J\:\\Work\\Statistik\\Kolb\\Paper\\geosmdata\\literature\\Krismer - osmPti2mmds - Erstellung von multimodalen Daten.pdf:PDF},
  journal   = {AGIT Journal},
  owner     = {kolbjp},
  timestamp = {2016.11.10},
}

@Article{lemke2015trifft,
  author    = {Lemke, D and Mattauch, V and Heidinger, O and Hense, HW},
  title     = {Wer trifft ins Schwarze? Ein qualitativer Vergleich der kostenfreien Geokodierungsdienste von Google und OpenStreetMap},
  year      = {2015},
  volume    = {77},
  number    = {08/09},
  pages     = {e160--e165},
  doi       = {10.1055/s-0035-1549939},
  journal   = {Das Gesundheitswesen},
  owner     = {kolbjp},
  publisher = {{\copyright} Georg Thieme Verlag KG},
  timestamp = {2016.10.11},
}

@Article{lin2016openstreetmap,
  author    = {Lin, Wen},
  title     = {{OpenStreetMap} in {GIScience}: experiences, research and applications},
  year      = {2016},
  volume    = {30},
  number    = {4},
  pages     = {823--824},
  journal   = {International Journal of Geographical Information Science},
  owner     = {kolbjp},
  publisher = {Taylor \& Francis},
  timestamp = {2016.10.14},
}

@Article{at:Loecher,
  author    = {Markus Loecher and Karl Ropkins},
  title     = {{RgoogleMaps} and {loa}: Unleashing {R} Graphics Power on Map Tiles},
  year      = {2015},
  volume    = {63},
  number    = {4},
  pages     = {1--18},
  doi       = {10.18637/jss.v063.i04},
  url       = {http://www.jstatsoft.org/v63/i04/},
  file      = {:J\:\\Work\\Statistik\\Kolb\\Paper\\geosmdata\\literature\\Ropkins - RgoogleMaps and loa - unleashing R graphics power on map tiles.pdf:PDF},
  journal   = {Journal of Statistical Software},
  owner     = {kolbjp},
  timestamp = {2016.10.12},
}

@TechReport{loosrigeo,
  author      = {Loos, Lukas and Zipf, Alexander},
  title       = {RIgeo. net-A Lab for Spatial Exploration of Historical Data},
  institution = {University of Heidelberg},
  year        = {2012},
  owner       = {kolbjp},
  timestamp   = {2016.10.12},
}

@Book{miesenberger2006computers,
  Title                    = {Computers Helping People with Special Needs: 10th International Conference, ICCHP 2006, Linz, Austria, July 11-13, 2006, Proceedings},
  Author                   = {Miesenberger, Klaus},
  Publisher                = {Springer Science \& Business Media},
  Year                     = {2006},
  Volume                   = {4061},

  Owner                    = {kolbjp},
  Timestamp                = {2016.10.14}
}

@InProceedings{mongiello2015temporal,
  author    = {Mongiello, Marina and Di Noia, Tommaso and Di Sciascio, Eugenio},
  title     = {A Temporal Logic-based approach to query {OpenStreetMap}},
  booktitle = {23nd Italian Symposium on Advanced Database Systems. SEBD 2015},
  year      = {2015},
  file      = {:J\:\\Work\\Statistik\\Kolb\\Paper\\geosmdata\\literature\\Mongiello - A Temporal Logic-based approach to query Open Street Map.pdf:PDF},
  owner     = {kolbjp},
  timestamp = {2016.10.13},
}

  @Manual{pkg::osmplotr,
    title = {osmplotr: Bespoke Images of 'OpenStreetMap' Data},
    author = {Mark Padgham},
    year = {2017},
    note = {R package version 0.3.0},
    url = {https://CRAN.R-project.org/package=osmplotr},
      Owner                    = {kolbjp},
  Timestamp                = {2018.11.26}

  }

@InProceedings{mooney2011accessing,
  author    = {Mooney, Peter and Corcoran, Padraig},
  title     = {Accessing the history of objects in {OpenStreetMap}},
  booktitle = {Proceedings AGILE},
  year      = {2011},
  pages     = {155},
  file      = {:J\:\\Work\\Statistik\\Kolb\\Paper\\geosmdata\\literature\\Mooney - Accessing the history of objects in OpenStreetMap.pdf:PDF},
  owner     = {kolbjp},
  timestamp = {2016.10.13},
}

@Article{neis2011street,
  Title                    = {The street network evolution of crowdsourced maps: OpenStreetMap in Germany 2007--2011},
  Author                   = {Neis, Pascal and Zielstra, Dennis and Zipf, Alexander},
  Journal                  = {Future Internet},
  Year                     = {2011},
  Number                   = {1},
  Pages                    = {1--21},
  Volume                   = {4},

  Owner                    = {kolbjp},
  Publisher                = {Molecular Diversity Preservation International},
  Timestamp                = {2016.10.13}
}

@Electronic{osmFound,
  author    = {{OSM Foundation}},
  title     = {The {OpenStreetMap} Project},
  year      = {2011},
  url       = {http://openstreetmap.org},
  owner     = {kolbjp},
  timestamp = {2016.11.10},
}

@Article{over2010generating,
  Title                    = {Generating web-based 3D City Models from OpenStreetMap: The current situation in Germany},
  Author                   = {Over, M and Schilling, Arne and Neubauer, S and Zipf, Alexander},
  Journal                  = {Computers, Environment and Urban Systems},
  Year                     = {2010},
  Number                   = {6},
  Pages                    = {496--507},
  Volume                   = {34},

  Owner                    = {kolbjp},
  Publisher                = {Elsevier},
  Timestamp                = {2015.08.24}
}

@Manual{R,
  Title                    = {R: A Language and Environment for Statistical Computing},

  Address                  = {Vienna, Austria},
  Author                   = {{R Core Team}},
  Note                     = {{ISBN} 3-900051-07-0},
  Organization             = {R Foundation for Statistical Computing},
  Year                     = {2012},

  Url                      = {http://www.R-project.org/}
}

@Book{ramm2011openstreetmap,
  author    = {Ramm, Frederik and Topf, Jochen and Chilton, Steve},
  title     = {{OpenStreetMap}: using and enhancing the free map of the world},
  year      = {2011},
  publisher = {UIT Cambridge Cambridge},
  owner     = {kolbjp},
  timestamp = {2016.11.11},
}

@Book{richardson2013restful,
  author    = {Richardson, Leonard and Amundsen, Mike and Ruby, Sam},
  title     = {{RESTful} Web {API}s},
  year      = {2013},
  publisher = {" O'Reilly Media, Inc."},
  owner     = {kolbjp},
  timestamp = {2016.11.10},
}

@InProceedings{roick2011volunteered,
  author    = {Roick, Oliver and Neis, Pascal and Zipf, Alexander},
  title     = {{V}olunteered {G}eographic {I}nformation -- {D}atenqualit{\"a}t und {N}utzungspotentiale am {B}eispiel von {OpenStreetMap}},
  booktitle = {Kommission Angewandte Kartographie- Geovisualisierung der Deutschen Gesellschaft f{\"u}r Kartographie (DGfK)- Symposium K{\"o}nigslutter},
  year      = {2011},
  file      = {:J\:\\Work\\Statistik\\Kolb\\Paper\\geosmdata\\literature\\Zipf - Volunteered Geographic Information.pdf:PDF},
  owner     = {kolbjp},
  timestamp = {2016.10.13},
}

@Book{sample2010tile,
  Title                    = {Tile-based geospatial information systems: principles and practices},
  Author                   = {Sample, John T and Ioup, Elias},
  Publisher                = {Springer Science \& Business Media},
  Year                     = {2010},

  Owner                    = {kolbjp},
  Timestamp                = {2016.10.13}
}

@PhdThesis{schlesinger2011openstreetmap,
  author    = {Schlesinger, Thomas},
  title     = {{OpenStreetMap} in {R}-Freie r{\"a}umliche Daten f{\"u}r geostatistische Analysen},
  year      = {2011},
  owner     = {kolbjp},
  school    = {Institut f{\"u}r Statistik},
  timestamp = {2016.11.15},
}

@Article{steiniger2009overview,
  author    = {Steiniger, Stefan and Bocher, Erwan},
  title     = {An overview on current free and open source desktop {GIS} developments},
  year      = {2009},
  volume    = {23},
  number    = {10},
  pages     = {1345--1370},
  file      = {:J\:\\Work\\Statistik\\Kolb\\Paper\\geosmdata\\literature\\Steiniger - An Overview on Current Free and Open Source Desktop.pdf:PDF},
  journal   = {International Journal of Geographical Information Science},
  owner     = {kolbjp},
  publisher = {Taylor \& Francis},
  timestamp = {2016.10.11},
}

@Book{svennerberg2010beginning,
  author    = {Svennerberg, Gabriel},
  title     = {Beginning Google Maps {API} 3},
  year      = {2010},
  publisher = {Apress},
  owner     = {kolbjp},
  timestamp = {2016.10.11},
}

@Manual{maTennekes2016,
  author    = {Martijn Tennekes},
  title     = {tmap: Thematic Maps},
  year      = {2016},
  note      = {R package version 1.4-1},
  url       = {https://CRAN.R-project.org/package=tmap},
  owner     = {kolbjp},
  timestamp = {2016.10.19},
}

@Article{at::Tennekes2018,
  author    = {Martijn Tennekes},
  title     = {tmap: Thematic Maps in {R}.},
  year      = {2018},
  volume    = {84},
  number    = {6},
  pages     = {1-39},
  doi       = {https://doi.org/10.18637/jss.v084.i06},
  journal   = {Journal of Statistical Software},
  owner     = {kolbjp},
  timestamp = {2016.10.19},
}


@Book{turner2006introduction,
  Title                    = {Introduction to Neogeography},
  Author                   = {Turner, A.},
  Publisher                = {O'Reilly Media},
  Year                     = {2006},

  ISBN                     = {9780596529956},
  Owner                    = {kolbjp},
  Timestamp                = {2015.09.10},
  Url                      = {https://books.google.de/books?id=oHgDv4feV-8C}
}

@InProceedings{wallgrun2014building,
  author       = {Wallgr{\"u}n, Jan Oliver and Klippel, Alexander and Baldwin, Timothy},
  title        = {Building a corpus of spatial relational expressions extracted from web documents},
  booktitle    = {Proceedings of the 8th Workshop on Geographic Information Retrieval},
  year         = {2014},
  organization = {ACM},
  pages        = {6},
  doi          = {10.1145/2675354.2675702},
  file         = {:J\:\\Work\\Statistik\\Kolb\\Paper\\geosmdata\\literature\\wallgrun2014 - Building a corpus of spatial relational expressions extracted from web documents.pdf:PDF},
  owner        = {kolbjp},
  timestamp    = {2016.11.15},
}

@Book{warden2011data,
  author    = {Warden, Pete},
  title     = {Data Source Handbook},
  year      = {2011},
  publisher = {O'Reilly Media, Inc.},
  isbn      = {1449303145},
  owner     = {kolbjp},
  timestamp = {2015.08.25},
}

@Misc{el:Nominatim,
  author    = {{OpenStreetMap Wiki}},
  title     = {Nominatim --- {OpenStreetMap} Wiki},
  year      = {2018},
  note      = {[Online; accessed 27-November-2018]},
  url       = {http://wiki.openstreetmap.org/w/index.php?title=Nominatim&oldid=1667946},
  owner     = {kolbjp},
  timestamp = {2016.10.12},
}

@Electronic{OSMwiki,
  author    = {{OpenStreetMap Wiki contributors}},
  title     = {{Map Features}},
  year      = {2016},
  date      = {18 November 2016 04:15 UTC},
  url       = {http://wiki.openstreetmap.org/wiki/Map_Features},
  owner     = {kolbjp},
  timestamp = {2015.08.24},
}

@Electronic{OverpassAPI,
  Title                    = {{Overpass API}},
  Url                      = {http://wiki.openstreetmap.org/wiki/Overpass_API},

  Owner                    = {kolbjp},
  Timestamp                = {2015.08.24}
}

@Article{kolb2016visualizing,
  author    = {Kolb, Jan-Philipp},
  title     = {Visualizing GeoData with {R}},
  year      = {2016},
  volume    = {45},
  number    = {1},
  pages     = {45--54},
  doi       = {10.17713/ajs.v45i1.88},
  journal   = {Austrian Journal of Statistics},
  owner     = {kolbjp},
  timestamp = {2016-12-07},
}

@InProceedings{schmidt2013extraction,
  author       = {Schmidt, Sebastian and Manschitz, Simon and Rensing, Christoph and Steinmetz, Ralf},
  title        = {Extraction of address data from unstructured text using free knowledge resources},
  booktitle    = {Proceedings of the 13th International Conference on Knowledge Management and Knowledge Technologies},
  year         = {2013},
  organization = {ACM},
  pages        = {7},
  doi          = {10.1145/2494188.2494193},
  owner        = {kolbjp},
  timestamp    = {2016-12-07},
}


@Electronic{Hendersonosmosis,
  author    = {B. Henderson},
  title     = {osmosis},
  year      = {2011},
  url       = {http://wiki.openstreetmap.org/wiki/Osmosis},
  subtitle  = {Java application},
  note      = {version 0.39, p.53, 59},
  owner     = {kolbjp},
  timestamp = {2017-01-12},
}

@Book{dorman2014learning,
  author    = {Dorman, Michael},
  title     = {Learning R for geospatial analysis},
  year      = {2014},
  publisher = {Packt Publishing Ltd},
  owner     = {kolbjp},
  timestamp = {2017-01-17},
}

@Book{lamigueiro2014displaying,
  author    = {Lamigueiro, Oscar Perpinan},
  title     = {Displaying time series, spatial, and space-time data with R},
  year      = {2014},
  publisher = {CRC Press},
  doi       = {10.1201/b16713},
  owner     = {kolbjp},
  timestamp = {2017-01-17},
}

@Book{cook2014best,
  author    = {Cook, Gareth and Silver, Nate},
  title     = {The Best American Infographics 2014},
  year      = {2014},
  publisher = {Houghton Mifflin Harcourt},
  owner     = {kolbjp},
  timestamp = {2017-01-17},
}

@Book{daroczi2015mastering,
  author    = {Dar{\'o}czi, Gergely},
  title     = {Mastering data analysis with R},
  year      = {2015},
  publisher = {Packt Publishing Ltd},
  owner     = {kolbjp},
  timestamp = {2017-01-17},
}

@Book{verma2016cartographic,
  author    = {Verma, Henrietta},
  title     = {Cartographic Grounds: Projecting the Landscape Imaginary},
  year      = {2016},
  publisher = {REED BUSINESS INFORMATION 360 PARK AVENUE SOUTH, NEW YORK, NY 10010 USA},
  doi       = {10.1080/24751448.2017.1354632},
  owner     = {kolbjp},
  timestamp = {2017-01-17},
}

@Book{ramasubramanian2016machine,
  author    = {Ramasubramanian, Karthik and Singh, Abhishek},
  title     = {Machine Learning Using R},
  year      = {2016},
  publisher = {Springer},
  owner     = {kolbjp},
  timestamp = {2017-01-17},
}

@Book{elsner2013hurricane,
  author    = {Elsner, James B and Jagger, Thomas H},
  title     = {Hurricane climatology: a modern statistical guide using R},
  year      = {2013},
  publisher = {Oxford University Press},
  owner     = {kolbjp},
  timestamp = {2017-01-17},
}

@Book{gohil2015r,
  author    = {Gohil, Atmajitsinh},
  title     = {R Data Visualization Cookbook},
  year      = {2015},
  publisher = {Packt Publishing Ltd},
  owner     = {kolbjp},
  timestamp = {2017-01-17},
}

@Book{marr2015big,
  author    = {Marr, Bernard},
  title     = {Big Data: Using {SMART} big data, analytics and metrics to make better decisions and improve performance},
  year      = {2015},
  publisher = {John Wiley \& Sons},
  owner     = {kolbjp},
  timestamp = {2017-01-17},
}

@Book{westra2010python,
  author    = {Westra, Erik},
  title     = {Python geospatial development},
  year      = {2010},
  publisher = {Packt Publishing Ltd},
  owner     = {kolbjp},
  timestamp = {2017-01-17},
}

@Article{austin2005clustering,
  author    = {Austin, S Bryn and Melly, Steven J and Sanchez, Brisa N and Patel, Aarti and Buka, Stephen and Gortmaker, Steven L},
  title     = {Clustering of fast-food restaurants around schools: a novel application of spatial statistics to the study of food environments},
  year      = {2005},
  volume    = {95},
  number    = {9},
  pages     = {1575--1581},
  doi       = {10.2105/ajph.2004.056341},
  journal   = {American Journal of Public Health},
  owner     = {kolbjp},
  publisher = {American Public Health Association},
  timestamp = {2017-01-24},
}

@Manual{ma:templelang,
  author    = {Duncan Temple Lang},
  title     = {{RJSONIO}: Serialize R objects to {JSON}, {JavaScript} Object Notation},
  year      = {2014},
  note      = {R package version 1.3-0},
  url       = {https://CRAN.R-project.org/package=RJSONIO},
  owner     = {kolbjp},
  timestamp = {2017-01-24},
}

@Article{kounadi2013accuracy,
  author    = {Kounadi, Ourania and Lampoltshammer, Thomas J and Leitner, Michael and Heistracher, Thomas},
  title     = {Accuracy and privacy aspects in free online reverse geocoding services},
  year      = {2013},
  volume    = {40},
  number    = {2},
  pages     = {140--153},
  doi       = {10.1080/15230406.2013.777138},
  file      = {:J\:\\Work\\Statistik\\Kolb\\Paper\\geosmdata\\literature\\Kounadi - Accuracy and privacy aspects in free online reverse geocoding services.pdf:PDF},
  journal   = {Cartography and Geographic Information Science},
  owner     = {kolbjp},
  publisher = {Taylor \& Francis},
  timestamp = {2017-01-24},
}

@Article{goldstein2014no,
  author    = {Goldstein, Neal D and Auchincloss, Amy H and Lee, Brian K},
  title     = {A no-cost geocoding strategy using R},
  year      = {2014},
  volume    = {25},
  number    = {2},
  pages     = {311--313},
  doi       = {10.1097/ede.0000000000000052},
  file      = {:J\:\\Work\\Statistik\\Kolb\\Paper\\geosmdata\\literature\\A_No_Cost_Geocoding_Strategy_Using_R.28.pdf:PDF},
  journal   = {Epidemiology},
  owner     = {kolbjp},
  publisher = {LWW},
  timestamp = {2017-01-24},
}

@Book{masse2011rest,
  author    = {Masse, Mark},
  title     = {{REST API} Design Rulebook: Designing Consistent {RESTful} Web Service Interfaces},
  year      = {2011},
  publisher = {O'Reilly Media, Inc.},
  isbn      = {1449319904},
  owner     = {kolbjp},
  timestamp = {2017-01-26},
}

@InProceedings{behrisch2011sumo,
  author       = {Behrisch, Michael and Bieker, Laura and Erdmann, Jakob and Krajzewicz, Daniel},
  title        = {{SUMO}--simulation of urban mobility: An overview},
  booktitle    = {Proceedings of SIMUL 2011, The Third International Conference on Advances in System Simulation},
  year         = {2011},
  organization = {ThinkMind},
  owner        = {kolbjp},
  timestamp    = {2017-02-02},
}

@Article{wolf2011openstreetmap,
  author    = {Wolf, Eric B and Matthews, KM and Poore, BS},
  title     = {{OpenStreetMap} collaborative prototype, phase one},
  year      = {2011},
  doi       = {10.3133/ofr20111136},
  file      = {:J\:\\Work\\Statistik\\Kolb\\Paper\\geosmdata\\literature\\Wolf - OpenStreetMap Collaborative Prototype, Phase 1.pdf:PDF},
  journal   = {Open-File Report. US Geological Survey, Reston, VA: US Department of the Interior, US Geological Survey},
  owner     = {kolbjp},
  timestamp = {2017-02-02},
}

@Misc{wiki:research,
  author    = {{OpenStreetMap Wiki}},
  title     = {Research --- {OpenStreetMap} Wiki},
  year      = {2017},
  note      = {[Online; accessed 2-Februar-2017]},
  url       = {http://wiki.openstreetmap.org/w/index.php?title=Research&oldid=1422855},
  owner     = {kolbjp},
  timestamp = {2017-02-02},
}

@Article{levin1996bing,
  author    = {Levin, Michael},
  title     = {Bing maps and finite-dimensional maps},
  year      = {1996},
  volume    = {151},
  number    = {1},
  pages     = {47--52},
  journal   = {Fundamenta Mathematicae},
  owner     = {kolbjp},
  timestamp = {2017-02-02},
}

@Misc{wiki:slippy,
  author    = {{OpenStreetMap Wiki}},
  title     = {Slippy Map --- {OpenStreetMap} Wiki},
  year      = {2016},
  note      = {[Online; accessed 2-Februar-2017]},
  url       = {http://wiki.openstreetmap.org/w/index.php?title=Slippy_Map&oldid=1412781},
  owner     = {kolbjp},
  timestamp = {2017-02-02},
}

@Book{plant2012spatial,
  author    = {Plant, Richard E and others},
  title     = {Spatial data analysis in ecology and agriculture using R},
  year      = {2012},
  publisher = {cRc Press Boca Raton, Florida},
  doi       = {10.1201/b11769},
  owner     = {kolbjp},
  timestamp = {2017-02-03},
}

@Book{moore2008geospatial,
  author    = {Moore, Antoni and Drecki, Igor},
  title     = {Geospatial Vision: New Dimensions in Cartography},
  year      = {2008},
  editor    = {Moore, Antoni and Drecki, Igor},
  publisher = {Springer Science \& Business Media},
  isbn      = {978-3-540-70970-1},
  doi       = {10.1007/978-3-540-70970-1},
  owner     = {kolbjp},
  timestamp = {2017-02-03},
}

@Book{harris2016quantitative,
  author    = {Harris, Richard},
  title     = {Quantitative Geography: The Basics},
  year      = {2016},
  publisher = {Sage},
  doi       = {10.4135/9781473920446},
  owner     = {kolbjp},
  timestamp = {2017-02-03},
}

@Manual{QGIS_software,
  author       = {{QGIS Development Team}},
  title        = {{QGIS} Geographic Information System},
  year         = {2009},
  organization = {Open Source Geospatial Foundation},
  url          = {http://qgis.osgeo.org},
  owner        = {kolbjp},
  timestamp    = {2017-02-03},
}

@Manual{ma:rqgis,
  author    = {Jannes Muenchow and Patrick Schratz},
  title     = {{RQGIS}: Integrating R with QGIS},
  year      = {2017},
  note      = {R package version 0.2.0},
  url       = {https://CRAN.R-project.org/package=RQGIS},
  owner     = {kolbjp},
  timestamp = {2017-02-03},
}

@Misc{wiki:epsg,
  author    = {{OpenStreetMap Wiki}},
  title     = {{EPSG}:3857 --- {OpenStreetMap} Wiki},
  year      = {2016},
  note      = {[Online; accessed 6-February-2017]},
  url       = {http://wiki.openstreetmap.org/w/index.php?title=EPSG:3857&oldid=1313083},
  owner     = {kolbjp},
  timestamp = {2017-02-06},
}

@Article{maier2014openstreetmap,
  author    = {Maier, Gunther},
  title     = {{OpenStreetMap}, the Wikipedia map},
  year      = {2014},
  volume    = {1},
  number    = {1},
  pages     = {3--10},
  doi       = {10.18335/region.v1i1.70},
  file      = {:J\:\\Work\\Statistik\\Kolb\\Paper\\geosmdata\\literature\\Maier - OpenStreetMap, the Wikipedia map.pdf:PDF},
  journal   = {Region},
  owner     = {kolbjp},
  timestamp = {2017-02-06},
}

@Report{lovelace2014introduction,
  author    = {Lovelace, Robin and Cheshire, James and Rachel Oldroyd and others},
  title     = {Introduction to visualising spatial data in {R}},
  year      = {2017},
  url       = {https://cran.r-project.org/doc/contrib/intro-spatial-rl.pdf},
  file      = {:J\:\\Work\\Statistik\\Kolb\\Paper\\geosmdata\\literature\\Lovelace - Introduction to visualising spatial data in R.pdf:PDF},
  owner     = {kolbjp},
  publisher = {EloGeo},
  timestamp = {2017-02-06},
}

@TechReport{bivand2011geocomputation,
  author      = {Bivand, Roger},
  title       = {Geocomputation and open source software: components and software stacks},
  institution = {NHH Department of Economics},
  year        = {2011},
  doi         = {10.2139/ssrn.1972280},
  owner       = {kolbjp},
  timestamp   = {2017-02-06}
}

@Misc{wiki:overpass,
  author    = {{OpenStreetMap Wiki}},
  title     = {Overpass {API} --- {OpenStreetMap} Wiki},
  year      = {2016},
  note      = {[Online; accessed 7-Februar-2017]},
  url       = {http://wiki.openstreetmap.org/w/index.php?title=Overpass_API&oldid=1405270},
  owner     = {kolbjp},
  timestamp = {2017-02-07},
}

@InCollection{arsanjani2015introduction,
  author    = {Arsanjani, Jamal Jokar and Zipf, Alexander and Mooney, Peter and Helbich, Marco},
  title     = {An introduction to {OpenStreetMap} in Geographic Information Science: Experiences, research, and applications},
  booktitle = {OpenStreetMap in GIScience},
  year      = {2015},
  editor    = {Jamal Jokar Arsanjani and Alexander Zipf and Peter Mooney and Marco Helbich},
  publisher = {Springer},
  pages     = {1--15},
  doi       = {10.1007/978-3-319-14280-7_1},
  file      = {:J\:\\Work\\Statistik\\Kolb\\Paper\\geosmdata\\literature\\Zipf - An introduction to OpenStreetMap in Geographic Information Science - Experiences, research, and applications.pdf:PDF},
  owner     = {kolbjp},
  timestamp = {2017-02-07},
}

@Book{Bivand:sp,
  author    = {Roger S. Bivand and Edzer Pebesma and Virgilio Gomez-Rubio},
  title     = {Applied spatial data analysis with R},
  year      = {2013},
  edition   = {Second edition.},
  publisher = {Springer, NY.},
  doi       = {10.1007/978-1-4614-7618-4},
  url       = {http://www.asdar-book.org/},
  owner     = {kolbjp},
  timestamp = {2017-03-16},
}

@Book{ggplot2:wickham,
  author    = {Hadley Wickham},
  title     = {ggplot2: Elegant Graphics for Data Analysis},
  year      = {2009},
  publisher = {Springer-Verlag New York},
  isbn      = {978-0-387-98140-6},
  doi       = {10.1007/978-0-387-98141-3},
  url       = {http://ggplot2.org},
  owner     = {kolbjp},
  timestamp = {2017-03-16},
}

@Manual{ma:fellows2,
  author    = {Ian Fellows},
  title     = {{OpenStreetMap}: Access to {OpenStreetMap} Raster Images},
  year      = {2016},
  subtitle  = {using the JMapViewer library by Jan Peter Stotz},
  note      = {R package version 0.3.3},
  url       = {https://CRAN.R-project.org/package=OpenStreetMap},
  owner     = {kolbjp},
  timestamp = {2017-03-16},
}

@Manual{ma:lang,
  author    = {Duncan Temple Lang and the CRAN Team},
  title     = {{XML}: Tools for Parsing and Generating {XML} Within {R} and {S-Plus}},
  year      = {2016},
  note      = {R package version 3.98-1.5},
  url       = {https://CRAN.R-project.org/package=XML},
  owner     = {kolbjp},
  timestamp = {2017-03-16},
}

@Article{at:csardi,
  author    = {Gabor Csardi and Tamas Nepusz},
  title     = {The igraph software package for complex network research},
  year      = {2006},
  volume    = {Complex Systems},
  pages     = {1695},
  url       = {http://igraph.org},
  journal   = {InterJournal},
  owner     = {kolbjp},
  timestamp = {2017-03-16},
}

@Manual{ma:tennekes,
  author = {Martijn Tennekes},
  title  = {tmaptools: Thematic Map Tools},
  year   = {2018},
  note   = {R package version 1.2-3},
  url    = {https://CRAN.R-project.org/package=tmaptools},
}

@Misc{wiki:geofabrik,
  author = {{OpenStreetMap Wiki}},
  title  = {Geofabrik --- {OpenStreetMap} Wiki},
  year   = {2017},
  note   = {[Online; accessed 4-March-2018]},
  url    = {http://wiki.openstreetmap.org/w/index.php?title=Geofabrik&oldid=1501676},
}

@Manual{ma:appelhans,
  author = {Tim Appelhans and Florian Detsch and Christoph Reudenbach and Stefan Woellauer},
  title  = {mapview: Interactive Viewing of Spatial Data in {R}},
  year   = {2018},
  note   = {R package version 2.3.0},
  url    = {https://CRAN.R-project.org/package=mapview},
}

@Article{brown2016maps,
  author    = {Brown, Patrick E},
  title     = {Maps, Coordinate Reference Systems and Visualising Geographic Data with mapmisc},
  year      = {2016},
  volume    = {8},
  number    = {1},
  journal   = {The R Journal},
  owner     = {kolbjp},
  timestamp = {2018-03-27},
}

@Electronic{el:JMapViewer,
  author    = {Jan Peter Stotz},
  title     = {{JMapViewer}},
  year      = {2018},
  url       = {https://wiki.openstreetmap.org/wiki/JMapViewer},
  owner     = {kolbjp},
  timestamp = {2018-06-11},
}

@Article{barrington2017world,
  author    = {Barrington-Leigh, Christopher and Millard-Ball, Adam},
  title     = {The world's user-generated road map is more than 80\% complete},
  year      = {2017},
  volume    = {12},
  number    = {8},
  pages     = {e0180698},
  doi       = {10.1371/journal.pone.0180698},
  journal   = {PloS one},
  owner     = {kolbjp},
  publisher = {Public Library of Science},
  timestamp = {2018-06-21},
}

@Misc{wiki:overpassTurbo,
  author    = {{OpenStreetMap Wiki}},
  title     = {DE:Overpass turbo --- {OpenStreetMap} Wiki},
  year      = {2017},
  note      = {[Online; accessed 28-Juni-2018]},
  url       = {http://wiki.openstreetmap.org/w/index.php?title=DE:Overpass_turbo&oldid=1485193},
  owner     = {kolbjp},
  timestamp = {2018-06-28},
}

@Manual{vignette:sf,
  author      = {Edzer Pebesma and Roger Bivand and Etienne Racine and Michael Sumner and Ian Cook and Tim Keitt and Robin Lovelace and Hadley Wickham and Jeroen Ooms and Kirill Müller},
  title       = {Simple Features for {R}},
  year        = {2018},
  note        = {R package version 0.6-3},
  url         = {https://cran.r-project.org/web/packages/sf/vignettes/sf1.html},
  owner       = {kolbjp},
  publication = {R package Vignette},
  timestamp   = {2018-07-05},
}

@Article{at:osmdata,
  author    = {Mark Padgham and Bob Rudis and Robin Lovelace and Ma?lle Salmon},
  title     = {osmdata},
  year      = {2017},
  volume    = {2},
  number    = {14},
  month     = {jun},
  doi       = {https://doi.org/10.21105/joss.00305},
  journal   = {The Journal of Open Source Software},
  owner     = {kolbjp},
  publisher = {The Open Journal},
  timestamp = {2018-07-12},
}

@InProceedings{gaffuri2012toward,
  author       = {Gaffuri, Julien},
  title        = {Toward web mapping with vector data},
  booktitle    = {International Conference on Geographic Information Science},
  year         = {2012},
  organization = {Springer},
  pages        = {87--101},
  owner        = {kolbjp},
  timestamp    = {2018-07-12},
}

@Article{li2018bringing,
  author    = {Li, Chao and Lu, Huimei and Xiang, Yong and Liu, Zhuoqun and Yang, Wanli and Liu, Ruilin},
  title     = {Bringing Geospatial Data Closer to Mobile Users: A Caching Approach Based on Vector Tiles for Wireless Multihop Scenarios},
  year      = {2018},
  volume    = {2018},
  doi       = {10.1155/2018/5186495},
  journal   = {Mobile Information Systems},
  owner     = {kolbjp},
  publisher = {Hindawi},
  timestamp = {2018-07-13},
}

@Manual{ma:mapdeck,
  author    = {David Cooley},
  title     = {mapdeck: Interactive Maps Using {Mapbox GL JS} and {Deck.gl}},
  year      = {2018},
  note      = {R package version 0.1.0},
  url       = {https://CRAN.R-project.org/package=mapdeck},
  owner     = {kolbjp},
  timestamp = {2018-09-07},
}

@Manual{ma:opencage,
  author    = {Ma?lle Salmon},
  title     = {opencage: Interface to the {OpenCage API}},
  year      = {2018},
  note      = {R package version 0.1.4},
  url       = {https://CRAN.R-project.org/package=opencage},
  owner     = {kolbjp},
  timestamp = {2018-09-10},
}

@Manual{ma::scchamberlain,
  author    = {Scott Chamberlain},
  title     = {bbox: Doze Bboxes Doe},
  note      = {R package version 0.0.1.9100},
  url       = {https://github.com/ropensci/bbox},
  owner     = {kolbjp},
  timestamp = {2018-09-10},
}

@Article{Loecher2015,
  author    = {Loecher, Markus and Ropkins, Karl},
  title     = {{RgoogleMaps} and loa: Unleashing R graphics power on map tiles},
  year      = {2015},
  volume    = {63},
  number    = {4},
  doi       = {10.18637/jss.v063.i04},
  journal   = {Journal of Statistical Software},
  publisher = {University of California, Los Angeles},
}

@Misc{wiki:vectortiles,
  author = {{OpenStreetMap Wiki}},
  title  = {Vector tiles --- {OpenStreetMap} Wiki},
  year   = {2018},
  note   = {[Online; accessed 27-Oktober-2018]},
  url    = {http://wiki.openstreetmap.org/w/index.php?title=Vector_tiles&oldid=1551297},
}

@Misc{wiki:osmformat,
  author = {{OpenStreetMap Wiki}},
  title  = {{OSM XML} --- {OpenStreetMap} Wiki},
  year   = {2017},
  note   = {[Online; accessed 26-November-2018]},
  url    = {http://wiki.openstreetmap.org/w/index.php?title=OSM_XML&oldid=1419416},
}

@Manual{ma::googleway,
  author    = {David Cooley},
  title     = {googleway: Accesses {Google Maps APIs} to Retrieve Data and Plot Maps},
  year      = {2018},
  note      = {R package version 2.7.1},
  url       = {https://CRAN.R-project.org/package=googleway},
  owner     = {kolbjp},
  timestamp = {2018-10-31},
}

@Misc{wiki:download,
  author = {{OpenStreetMap Wiki}},
  title  = {Downloading data --- {OpenStreetMap} Wiki},
  year   = {2018},
  note   = {[Online; accessed 26-November-2018]},
  url    = {http://wiki.openstreetmap.org/w/index.php?title=Downloading_data&oldid=1631037},
}

@Misc{wiki:apiusagepolicy,
  author = {{OpenStreetMap Wiki}},
  title  = {API usage policy --- {OpenStreetMap} Wiki},
  year   = {2017},
  note   = {[Online; accessed 26-November-2018]},
  url    = {http://wiki.openstreetmap.org/w/index.php?title=API_usage_policy&oldid=1538003},
}

@Manual{curl::rpackage,
  author = {Jeroen Ooms},
  title  = {curl: A Modern and Flexible Web Client for {R}},
  year   = {2018},
  note   = {R package version 3.2},
  url    = {https://CRAN.R-project.org/package=curl},
}

@Article{bluemke2017integrating,
  author       = {Bluemke, Matthias and Resch, Bernd and Lechner, Clemens and Westerholt, Ren{\'e} and Kolb, Jan-Philipp},
  title        = {Integrating Geographic Information into Survey Research: Current Applications, Challenges and Future Avenues},
  journaltitle = {Survey Research Methods},
  year         = {2017},
  volume       = {11},
  number       = {3},
  pages        = {307--327},
  doi          = {http://dx.doi.org/10.18148/srm/2017.v11i3.6733},
}

@Comment{jabref-meta: databaseType:biblatex;}
