@article{10.1037/0033,
 author = {Roger Tourangeau and Ting Yan},
 journal = {Psychological Bulletin},
 number = {5},
 pages = {859--883},
 title = {Sensitive Questions in Surveys},
 volume = {135},
 year = {2007},
 URL={https://doi.org/10.1037/0033-2909.133.5.859},
}


@article{10.2307/2749691,
 author = {Roger Tourangeau and Tom W. Smith},
 journal = {The Public Opinion Quarterly},
 number = {2},
 pages = {275--304},
 publisher = {[Oxford University Press, American Association for Public Opinion Research]},
 title = {Asking Sensitive Questions: The Impact of Data Collection Mode, Question Format, and Question Context},
 volume = {60},
 year = {1996},
 URL = {http://www.jstor.org/stable/2749691},
}


@Article{bates2015fitting,
    title = {Fitting Linear Mixed-Effects Models Using {lme4}},
    author = {Douglas Bates and Martin M{\"a}chler and Ben Bolker and Steve Walker},
    journal = {Journal of Statistical Software},
    year = {2015},
    volume = {67},
    number = {1},
    pages = {1--48},
    URL = {https://doi.org/10.18637/jss.v067.i01},
  }

@article{allison1982discrete,
  title={Discrete-time methods for the analysis of event histories},
  author={Allison, Paul D},
  journal={Sociological methodology},
  volume={13},
  pages={61--98},
  year={1982},
  URL = {https://doi.org/10.2307/270718},
  publisher={JSTOR}
}

@article{bockenholt2007item,
  title={Item randomized-response models for measuring noncompliance: Risk-return perceptions, social influences, and self-protective responses},
  author={B{\"o}ckenholt, Ulf and van der Heijden, Peter GM},
  journal={Psychometrika},
  volume={72},
  number={2},
  pages={245--262},
  year={2007},
  URL = {https://doi.org/10.1007/s11336-005-1495-y},
  publisher={Springer}
}

@Misc{blair2015rr,
    title = {{rr}: Statistical Methods for the Randomized Response Technique},
    author = {Graeme Blair and Yang-Yang Zhou and Kosuke Imai},
    year = {2015},
    url = {https://cran.r-project.org/package=rr},
    note = {R package version 1.4},
  }

@article{boruch1971maintaining,
  title={Maintaining confidentiality on data in educational research: A systemic analysis.},
  author={Boruch, Robert F},
  journal={American Psychologist},
  volume={26},
  number={5},
  pages={413--430},
  year={1971},
  URL = {https://doi.org/10.1037/h0031502},
  publisher={American Psychological Association}
}

@book{chambers1992statistical,
  title={Statistical models in S},
  author={Chambers, John M and Hastie, Trevor J},
  year={1992},
  publisher={Pacific Grove, CA: Wadsworth \& Brooks}
}

@article{de2011estimation,
  title={The estimation of item response models with the lmer function from the lme4 package in {R}},
  author={De Boeck, Paul and Bakker, Marjan and Zwitser, Robert and Nivard, Michel and Hofman, Abe and Tuerlinckx, Francis and Partchev, Ivailo and others},
  journal={Journal of Statistical Software},
  volume={39},
  number={12},
  pages={1--28},
  URL = {https://doi.org/10.18637/jss.v039.i12},
  year={2011}
}

@article{fox2005multilevel,
  title={Multilevel {IRT} using dichotomous and polytomous response data},
  author={Fox, J-P},
  journal={British Journal of Mathematical and Statistical Psychology},
  volume={58},
  number={1},
  pages={145--172},
  year={2005},
  URL = {https://doi.org/10.1348/000711005X38951},
  publisher={Wiley Online Library}
}


@incollection{fox2016bayesian,
  title={Bayesian randomized item response theory models for sensitive measurement},
  author={Fox, Jean-Paul},
  booktitle={Handbook of modern item response theory. Vol. 1. Models},
  year={2012},
  publisher={Chapman and Hall/CRC Press}
}

@article{fox2008using,
  title={Using item response theory to obtain individual information from randomized response data: An application using cheating data},
  author={Fox, Jean-Paul and Meijer, Rob R},
  journal={Applied Psychological Measurement},
  volume={32},
  number={8},
  pages={595--610},
  year={2008},
  URL = {https://doi.org/10.1177/0146621607312277},
  publisher={Sage Publications Sage CA: Los Angeles, CA}
}

@article{fox2013mixture,
  title={Mixture randomized item-response modeling: {A} smoking behavior validation study},
  author={Fox, J-P and Avetisyan, M and van der Palen, Job},
  journal={Statistics in medicine},
  volume={32},
  number={27},
  pages={4821--4837},
  year={2013},
  URL = {https://doi.org/10.1002/sim.5859},
  publisher={Wiley Online Library}
}

@article{fox2018generalized,
  title={Generalized Linear Mixed Models for Randomized Responses},
  author={Fox, Jean-Paul and Veen, Duco and Klotzke, Konrad},
  journal={Methodology},
  year={2018},
  URL = {https://doi.org/10.1027/1614-2241/a000153},
  publisher={Hogrefe Publishing}
}

@article{JSSv085i02,
   author = {Daniel W. Heck and Morten Moshagen},
   title = {{RR}reg: {A}n {R} Package for Correlation and Regression Analyses of Randomized Response Data},
   journal = {Journal of Statistical Software},
   volume = {85},
   number = {2},
   year = {2018},
   issn = {1548-7660},
   pages = {1--29},
   URL = {https://doi.org/10.18637/jss.v085.i02},
}

@article{hoglinger2018more,
  title={More is not always better: An experimental individual-level validation of the randomized response technique and the crosswise model},
  author={H{\"o}glinger, Marc and Jann, Ben},
  journal={PloS one},
  volume={13},
  number={8},
  pages={e0201770},
  year={2018},
  publisher={Public Library of Science San Francisco, CA USA},
  url = {https://doi.org/10.1371/journal.pone.0201770}	
}


@TechReport{RePEcwpaper8,
  author={Marc H{\"o}glinger and Ben Jann and Andreas Diekmann},
  title={Online Survey on Exams and Written Papers; Documentation},
  year=2014,
  month=May,
  institution={University of Bern, Department of Social Sciences},
  type={University of Bern Social Sciences Working Papers},
  url={https://ideas.repec.org/p/bss/wpaper/8.html},
  number={8},
}

@article{hosmer1980goodness,
  title={Goodness of fit tests for the multiple logistic regression model},
  author={Hosmer, David W and Lemeshow, Stanley},
  journal={Communications in statistics-Theory and Methods},
  volume={9},
  number={10},
  pages={1043--1069},
  year={1980},
  URL = {https://doi.org/10.1080/03610928008827941},
  publisher={Taylor \& Francis}
}

@article{john2018and,
  title={When and why randomized response techniques (fail to) elicit the truth},
  author={John, Leslie K and Loewenstein, George and Acquisti, Alessandro and Vosgerau, Joachim},
  journal={Organizational Behavior and Human Decision Processes},
  volume={148},
  pages={101--123},
  year={2018},
  URL = {https://doi.org/10.1016/j.obhdp.2018.07.004},
  publisher={Elsevier}
}

@article{doi:10.1509/jmkr.47.1.14,
author = {Martijn G. {De Jong} and Rik Pieters and Jean-Paul Fox},
title ={Reducing Social Desirability Bias through Item Randomized Response: An Application to Measure Underreported Desires},
journal = {Journal of Marketing Research},
volume = {47},
number = {1},
pages = {14-27},
year = {2010},
URL = {https://doi.org/10.1509/jmkr.47.1.14},
}

@article{kuk1990asking,
  title={Asking sensitive questions indirectly},
  author={Kuk, Anthony YC},
  journal={Biometrika},
  volume={77},
  number={2},
  pages={436--438},
  year={1990},
  URL = {https://doi.org/10.1093/biomet/77.2.436},
  publisher={Oxford University Press}
}

@article{lensvelt2005meta,
  title={Meta-analysis of randomized response research: Thirty-five years of validation},
  author={Lensvelt-Mulders, Gerty JLM and Hox, Joop J and van der Heijden, Peter GM and Maas, Cora JM},
  journal={Sociological Methods \& Research},
  volume={33},
  number={3},
  pages={319--348},
  year={2005},
  URL = {https://doi.org/10.1177/0049124104268664},
  publisher={Sage Publications Sage CA: Thousand Oaks, CA}
}

@book{mccullagh1989generalized,
  title={Generalized linear models (2nd ed.)},
  author={McCullagh, Peter and Nelder, JA},
  year={1989},
  publisher={London, UK: Chapman \& Hall}
}

@article{rijmen2003nonlinear,
  title={A nonlinear mixed model framework for item response theory.},
  author={Rijmen, Frank and Tuerlinckx, Francis and De Boeck, Paul and Kuppens, Peter},
  journal={Psychological methods},
  volume={8},
  number={2},
  pages={185-205},
  year={2003},
  URL = {https://doi.org/10.1037/1082-989X.8.2.185},
  publisher={American Psychological Association}
}

@article{scheers1988covariate,
  title={Covariate randomized response models},
  author={Scheers, NJ and Dayton, C Mitchell},
  journal={Journal of the American Statistical Association},
  volume={83},
  number={404},
  pages={969--974},
  year={1988},
  URL = {https://doi.org/10.1080/01621459.1988.10478686},
  publisher={Taylor \& Francis Group}
}

@article{thompson1981composite,
  title={Composite link functions in generalized linear models},
  author={Thompson, R and Baker, RJ},
  journal={Journal of the Royal Statistical Society: Series C (Applied Statistics)},
  volume={30},
  number={2},
  pages={125--131},
  year={1981},
  URL = {https://doi.org/10.2307/2346381},
  publisher={Wiley Online Library}
}

@book{tutz2011regression,
  title={Regression for categorical data},
  author={Tutz, Gerhard},
  volume={34},
  year={2011},
  publisher={Cambridge University Press}
}

@article{hout2010estimating,
  title={Estimating the prevalence of sensitive behaviour and cheating with a dual design for direct questioning and randomized response},
  author={van den Hout, Ardo and B{\"o}ckenholt, Ulf and van der Heijden, Peter GM},
  journal={Journal of the Royal Statistical Society: Series C (Applied Statistics)},
  volume={59},
  number={4},
  pages={723--736},
  year={2010},
  URL = {https://doi.org/10.1111/j.1467-9876.2010.00720.x},
  publisher={Wiley Online Library}
}

@article{warner1965randomized,
  title={Randomized response: A survey technique for eliminating evasive answer bias},
  author={Warner, Stanley L},
  journal={Journal of the American Statistical Association},
  volume={60},
  number={309},
  pages={63--69},
  year={1965},
  URL = {https://doi.org/10.1080/01621459.1965.10480775},
  publisher={Taylor \& Francis}
}

@article{wolter2013asking,
  title={Asking sensitive questions: An evaluation of the randomized response technique versus direct questioning using individual validation data},
  author={Wolter, Felix and Preisend{\"o}rfer, Peter},
  journal={Sociological Methods \& Research},
  volume={42},
  number={3},
  pages={321--353},
  year={2013},
  URL = {https://doi.org/10.1177/0049124113500474},
  publisher={Sage Publications Sage CA: Los Angeles, CA}
}

@article{yu2008two,
  title={Two new models for survey sampling with sensitive characteristic: design and analysis},
  author={Yu, Jun-Wu and Tian, Guo-Liang and Tang, Man-Lai},
  journal={Metrika},
  volume={67},
  number={3},
  pages={251},
  year={2008},
  URL = {https://doi.org/10.1007/S00184-007-0131-X},
  publisher={Springer}
}

@inproceedings{hoglinger2016sensitive,
  title={Sensitive questions in online surveys: An experimental evaluation of different implementations of the randomized response technique and the crosswise model},
  author={H{\"o}glinger, Marc and Jann, Ben and Diekmann, Andreas},
  booktitle={Survey Research Methods},
  volume={10},
  pages={171--187},
  URL = {https://doi.org/10.18148/srm/2016.v10i3.6703},
  year={2016}
}
