@book{OliveiraBatista2012,
author = {B.~D.~O. {Batista}},
title = {{Externally studentized normal midrange exact distribution and development of an R package using gaussian quadrature}},
publisher = {Master's thesis Federal university of Lavras Brazil},
year = {2012}
}
@book{Batista2014,
author = {B.~D.~O. {Batista and D.~F. Ferreira}},
title = {{SMR: Externally Studentized Midrange Distribution, }},
publisher = {R package version 2.0.1},
year = {2014},
url = {http://CRAN.R-project.org/package=SMR}
}
@book{Chihara1978,
author = {T.~S. {Chihara}},
title = {{An introduction to Orthogonal Polynomials, volume~13 of Mathematics and its Applications Series}},
publisher = {Gordon and Breach New York},
year = {1978}
}
@book{Copenhaver1988,
author = {M.~D. {Copenhaver and B.~Holland}},
title = {{Computation of the distribution of the maximum studentized range statistic with application to multiple significance testing of simple effects}},
publisher = {Journal of Statistical Computation and Simulation 30(1):},
pages = {1--15},
year = {1988}
}
@book{David2003,
author = {H.~A. {David and H.~N. Nagaraja}},
title = {{Order Statistics}},
publisher = {John Wiley & Sons Canada},
year = {2003}
}
@book{davis1984,
author = {P.~J. {Davis and P.~Rabinowitz}},
title = {{Methods of Numerical Integration}},
publisher = {Academic Press New York 2 edition},
year = {1984}
}
@book{Gil2007,
author = {A.~{Gil, J.~Segura, and N.~Temme}},
title = {{Numerical Methods for Special Functions}},
publisher = {Society for Industrial and Applied Mathematics},
year = {2007}
}
@book{Gumbel1958,
author = {E.~J. {Gumbel}},
title = {{Statistics of Extremes}},
publisher = {Columbia University Press New York},
year = {1958}
}
@book{Hildebrand1974,
author = {F.~B. {Hildebrand}},
title = {{Introduction to Numerical Analysis}},
publisher = {McGraw-Hill New York 2 edition},
year = {1974}
}
@book{Lund1983,
author = {R.~E. {Lund and J.~R. Lund}},
title = {{Algorithm AS 190: Probabilities and upper quantiles for the studentized range}},
publisher = {Journal of the Royal Statistical Society Series C (AppliedStatistics) 32 (2): pp},
pages = {204--210},
year = {1983}
}
@book{McBane2006,
author = {G.~C. {McBane}},
title = {{Programs to compute distribution functions and critical values for extreme value ratios for outlier detection}},
publisher = {Journal of Statistical Software 16 (3): 5},
pages = {1--9},
year = {2006}
}
@book{Miller2014,
author = {G.~{Miller}},
title = {{Numerical Analysis for Engineers and Scientists}},
publisher = {Cambridge University Press New York},
year = {2014}
}
@book{Newman1939,
author = {D.~{Newman}},
title = {{The distribution of range in samples from a normal population, expressed in terms of an independent estimate of standard deviation}},
publisher = {Biometrika 31 (1/2): pp},
pages = {20--30},
year = {1939}
}
@book{Olver2010,
author = {F.~W.~J. {Olver, D.~W. Lozier, R.~F. Boisvert, and C.~W. Clark, editors}},
title = {{NIST Handbook of Mathematical Functions}},
publisher = {Cambridge University Press New York NY},
year = {2010}
}
@book{Pillai1950,
author = {K.~C.~S. {Pillai}},
title = {{On the distribution of midrange and semi-range in samples from a normal population}},
publisher = {Annals of Mathematical Statistics 21:},
pages = {100--105},
year = {1950}
}
@book{Quarteroni2007,
author = {A.~{Quarteroni, R.~Sacco, and F.~Saleri}},
title = {{Numerical Mathematics}},
publisher = {Texts in Applied Mathematics Springer},
year = {2007}
}
@book{Rider1957,
author = {P.~R. {Rider}},
title = {{The midrange of a sample as an estimator of the population midrange}},
publisher = {J Amer Statist Ass. 52 (280): ,Dec},
pages = {537--542},
year = {1957}
}
@book{Searle1987,
author = {S.~R. {Searle}},
title = {{Linear models for unbalanced data}},
publisher = {J wiley New York},
year = {1987}
}
@book{Steel1980,
author = {R.~{Steel and J.~Torrie}},
title = {{Principles and Procedures of Statistics: A Biometrical Approach}},
publisher = {McGraw-Hill series in probability and statistics McGraw-Hill NewYork 2 edition},
year = {1980}
}
@book{Tukey1953,
author = {J.~W. {Tukey}},
title = {{The problem of multiple comparisons}},
publisher = {Unpublished Dittoed Notes Princeton University},
year = {1953}
}
@book{Verma2014,
author = {M.~{Verma and M.~C. Suarez}},
title = {{Dixontest.criticalvalues: A computer code to calculate critical values for the dixon statistical data treatment approach}},
publisher = {Journal of Statistical Software 57 (2): 3},
pages = {1--12},
year = {2014}
}



