@book{JC09,
  author    = {John Chambers},
  year      = {2009},
  title     = {Software for Data Analysis: Programming with R},
  address   = {New York},
  publisher = {Springer},
}

@misc{GHR09,
  author       = {Spencer Graves and Giles Hooker and James Ramsay},
  month        = {August},
  year         = {2009},
  title        = {Fitting Nonlinear Differential Equations to Data in R},
  howpublished = {\url{http://stat.sfu.ca/~dac5/workshop09/ Spencer_Graves.html}},
  note         = {conference presentation},
}

@book{RHG09,
  author    = {J.O. Ramsay and Giles Hooker and Spencer Graves},
  year      = {2009},
  title     = {Functional Data Analysis with R and MATLAB},
  address   = {New York},
  publisher = {Springer},
}

@misc{RFORGE09URL,
  title        = {R-Forge},
  author       = {{R-Forge Team}},
  howpublished = {\url{http://r-forge.r-project.org}},
  month        = {September},
  year         = {2009}
}

@misc{JB09URL,
  author       = {Jonathan Baron},
  title        = {R site search},
  howpublished = {\url{http://finzi.psych.upenn.edu/ search.html}},
  month        = {September},
  year         = {2009}
}

@manual{R09MAN,
  title        = {R: A Language and Environment for Statistical Computing},
  author       = {{R Development Core Team}},
  organization = {R Foundation for Statistical Computing},
  address      = {Vienna, Austria},
  year         = {2009},
  note         = {{ISBN} 3-900051-07-0},
  url          = {http://www.R-project.org},
}

@manual{CALC09MAN,
  title        = {Open Office Calc},
  author       = {{Openoffice.org}},
  organization = {Sun Microsystems},
  address      = {California, USA},
  year         = {2009},
  url          = {http://www.openoffice.org},
}

