@Article{beck2011modeling,
  author = {Nathaniel Beck and Jonathan N Katz},
  journal = {Annual Review of Political Science},
  pages = {331--352},
  publisher = {Annual Reviews},
  title = {Modeling Dynamics in Time-Series--Cross-Section Political Economy Data},
  url = {https://doi.org/10.1146/annurev-polisci-071510-103222},
  volume = {14},
  year = {2011},
}

@Article{ozturk2010literature,
  author = {Ilhan Ozturk},
  journal = {Energy Policy},
  number = {1},
  pages = {340--349},
  publisher = {Elsevier},
  title = {A Literature Survey on Energy--Growth Nexus},
  url = {https://doi.org/10.1016/j.enpol.2009.09.024},
  volume = {38},
  year = {2010},
}

@Article{odhiambo2009energy,
  author = {Nicholas M Odhiambo},
  journal = {Energy Policy},
  number = {2},
  pages = {617--622},
  publisher = {Elsevier},
  title = {Energy Consumption and Economic Growth Nexus in {Tanzania}: An {ARDL} Bounds Testing Approach},
  url = {https://doi.org/10.1016/j.enpol.2008.09.077},
  volume = {37},
  year = {2009},
}

@Article{tugcu2012renewable,
  author = {Can Tansel Tugcu and Ilhan Ozturk and Alper Aslan},
  journal = {Energy Economics},
  number = {6},
  pages = {1942--1950},
  publisher = {Elsevier},
  title = {Renewable and Non-Renewable Energy Consumption and Economic Growth Relationship Revisited: Evidence from {G}7 Countries},
  url = {https://doi.org/10.1016/j.eneco.2012.08.021},
  volume = {34},
  year = {2012},
}

@Article{fuinhas2012energy,
  author = {José Alberto Fuinhas and António Cardoso Marques},
  journal = {Energy Economics},
  number = {2},
  pages = {511--517},
  publisher = {Elsevier},
  title = {Energy Consumption and Economic Growth Nexus in {Portugal, Italy, Greece, Spain and Turkey}: An {ARDL} Bounds Test Approach (1965--2009)},
  url = {https://doi.org/10.1016/j.eneco.2011.10.003},
  volume = {34},
  year = {2012},
}

@Article{raineytransform,
  author = {Carlisle Rainey},
  journal = {Political Analysis},
  number = {3},
  pages = {402--409},
  publisher = {Cambridge University Press},
  title = {Transformation-Induced Bias: Unbiased Coefficients Do Not Imply Unbiased Quantities of Interest},
  url = {https://doi.org/10.1017/pan.2017.11},
  volume = {25},
  year = {2017},
}

@Article{mertens2018marginal,
  author = {Karel Mertens and José Luis {Montiel Olea}},
  journal = {The Quarterly Journal of Economics},
  number = {4},
  pages = {1803--1884},
  publisher = {Oxford University Press},
  title = {Marginal Tax Rates and Income: New Time Series Evidence},
  url = {https://doi.org/10.1093/qje/qjy008},
  volume = {133},
  year = {2018},
}

@Article{jacobs1996toward,
  author = {David Jacobs and Ronald E Helms},
  journal = {American Journal of Sociology},
  number = {2},
  pages = {323--357},
  publisher = {University of Chicago Press},
  title = {Toward a Political Model of Incarceration: A Time-Series Examination of Multiple Explanations for Prison Admission Rates},
  url = {https://doi.org/10.1086/230949},
  volume = {102},
  year = {1996},
}

@Article{blackwell2018apsr,
  author = {Matthew Blackwell and Adam N. Glynn},
  journal = {American Political Science Review},
  number = {4},
  pages = {1067-1082},
  title = {How to Make Causal Inferences with Time-Series Cross-Sectional Data under Selection on Observables},
  url = {https://doi.org/10.1017/S0003055418000357},
  volume = {112},
  year = {2018},
}

@Article{gandrud2016tpm,
  author = {Christopher Gandrud and Laron K Williams and Guy D Whitten},
  journal = {The Political Methodologist},
  number = {2},
  pages = {6-10},
  title = {Visualize Dynamic Simulations of Autoregressive Relationships in {R}},
  volume = {23},
  year = {2016},
}

@Article{Imai:2008aa,
  author = {Kosuke Imai and Gary King and Olivia Lau},
  journal = {Journal of Computational Graphics and Statistics},
  number = {4},
  pages = {892-913},
  title = {Toward A Common Framework for Statistical Analysis and Development},
  url = {https://doi.org/10.1198/106186008X384898},
  volume = {17},
  year = {2008},
}

@Article{mizon1995simple,
  author = {Grayham E Mizon},
  journal = {Journal of Econometrics},
  number = {1},
  pages = {267--288},
  publisher = {Elsevier},
  title = {A Simple Message for Autocorrelation Correctors: Don't},
  url = {https://doi.org/10.1016/0304-4076(94)01671-L},
  volume = {69},
  year = {1995},
}

@Article{keele2006dynamic,
  author = {Luke Keele and Nathan J Kelly},
  journal = {Political Analysis},
  number = {2},
  pages = {186--205},
  publisher = {Cambridge University Press},
  title = {Dynamic Models for Dynamic Theories: The Ins and Outs of Lagged Dependent Variables},
  url = {https://doi.org/10.1093/pan/mpj006},
  volume = {14},
  year = {2006},
}

@Article{breunig2012fiscal,
  author = {Christian Breunig and Marius R Busemeyer},
  journal = {Journal of European Public Policy},
  number = {6},
  pages = {921--938},
  publisher = {Taylor \&amp; Francis},
  title = {Fiscal Austerity and the Trade-Off between Public Investment and Social Spending},
  url = {https://doi.org/10.1080/13501763.2011.614158},
  volume = {19},
  year = {2012},
}

@Article{chanley2000origins,
  author = {Virginia A Chanley and Thomas J Rudolph and Wendy M Rahn},
  journal = {Public opinion quarterly},
  number = {3},
  pages = {239--256},
  publisher = {Oxford University Press},
  title = {The Origins and Consequences of Public Trust in Government: A Time Series Analysis},
  url = {https://doi.org/10.1086/317987},
  volume = {64},
  year = {2000},
}

@Article{clarke2000major,
  author = {Harold D Clarke and Karl Ho and Marianne C Stewart},
  journal = {Electoral Studies},
  number = {2},
  pages = {255--273},
  publisher = {Elsevier},
  title = {Major's Lesser (Not Minor) Effects: {Prime} Ministerial Approval and Governing Party Support in {Britain} since 1979},
  url = {https://doi.org/10.1016/S0261-3794(99)00051-7},
  volume = {19},
  year = {2000},
}

@Article{de2008taking,
  author = {Suzanna {De Boef} and Luke Keele},
  journal = {American Journal of Political Science},
  number = {1},
  pages = {184--200},
  publisher = {John Wiley \& Sons},
  title = {Taking Time Seriously},
  url = {https://doi.org/10.1111/j.1540-5907.2007.00307.x},
  volume = {52},
  year = {2008},
}

@Article{durr2000ideological,
  author = {Robert H Durr and Andrew D Martin and Christina Wolbrecht},
  journal = {American Journal of Political Science},
  pages = {768--776},
  publisher = {JSTOR},
  title = {Ideological Divergence and Public Support for the {Supreme} {Court}},
  url = {https://doi.org/10.2307/2669280},
  year = {2000},
}

@Article{engle1987co,
  author = {Robert F Engle and Clive WJ Granger},
  journal = {Econometrica},
  number = {2},
  pages = {251--276},
  publisher = {JSTOR},
  title = {Co-Integration and Error Correction: Representation, Estimation, and Testing},
  url = {https://doi.org/10.2307/1913236},
  volume = {55},
  year = {1987},
}

@Manual{gandruddynsim,
  author = {Christopher Gandrud and Laron K Williams and Guy D. Whitten},
  note = {R package version 1.2.1},
  title = {Dynsim: Dynamic Simulations of Autoregressive Relationships},
  url = {https://CRAN.R-project.org/package=dynsim},
  year = {2015},
}

@Article{grant2016error,
  author = {Taylor Grant and Matthew J Lebo},
  journal = {Political Analysis},
  number = {1},
  pages = {3--30},
  publisher = {Society for Political Methodology and the Political Methodology Section of the American Political Science Association},
  title = {Error Correction Methods with Political Time Series},
  url = {https://doi.org/10.1093/pan/mpv027},
  volume = {24},
  year = {2016},
}

@Manual{imai2009zelig,
  author = {Christine Choirat and Christopher Gandrud and James Honaker and Kosuke Imai and Gary King and Olivia Lau},
  note = {R package version 5.1.6},
  title = {Zelig: Everyone's Statistical Software},
  url = {https://CRAN.R-project.org/package=Zelig},
  year = {2018},
}

@Article{johansen1991estimation,
  author = {Søren Johansen},
  journal = {Econometrica: Journal of the Econometric Society},
  number = {6},
  pages = {1551--1580},
  publisher = {JSTOR},
  title = {Estimation and Hypothesis Testing of Cointegration Vectors in {Gaussian} Vector Autoregressive Models},
  url = {https://doi.org/10.2307/2938278},
  volume = {59},
  year = {1991},
}

@Book{johansen1995likelihood,
  author = {Soren Johansen},
  publisher = {Oxford University Press},
  title = {Likelihood-Based Inference in Cointegrated Vector Autoregressive Models},
  url = {https://doi.org/10.1093/0198774508.001.0001},
  year = {1995},
}

@Manual{dynamacCRAN,
  author = {Soren Jordan and Andrew Q. Philips},
  note = {R package version 0.1.6},
  title = {Dynamac: Dynamic Simulation and Testing for Single-Equation {ARDL} Models},
  url = {https://CRAN.R-project.org/package=dynamac},
  year = {2018},
}

@Article{narayan2005,
  author = {Paresh Kumar Narayan},
  journal = {Applied Economics},
  number = {17},
  pages = {1979-1990},
  title = {The Saving and Investment Nexus for {China}: Evidence from Cointegration Tests},
  url = {https://doi.org/10.1080/00036840500278103},
  volume = {37},
  year = {2005},
}

@Article{pesaran2001bounds,
  author = {M Hashem Pesaran and Yongcheol Shin and Richard J Smith},
  journal = {Journal of Applied Econometrics},
  number = {3},
  pages = {289--326},
  publisher = {John Wiley \& Sons},
  title = {Bounds Testing Approaches to the Analysis of Level Relationships},
  url = {https://doi.org/10.1002/jae.616},
  volume = {16},
  year = {2001},
}

@Manual{pfaff2016package,
  author = {Bernhard Pfaff and Eric Zivot and Matthieu Stigler},
  note = {R package version 1.3-0},
  title = {Urca: Unit Root and Cointegration Tests for Time Series Data},
  url = {https://CRAN.R-project.org/package=urca},
  year = {2016},
}

@Article{philips2016have,
  author = {Andrew Q Philips},
  journal = {American Journal of Political Science},
  number = {1},
  pages = {230-244},
  title = {Have Your Cake and Eat It Too? {Cointegration} and Dynamic Inference from Autoregressive Distributed Lag Models},
  url = {https://doi.org/10.1111/ajps.12318},
  volume = {62},
  year = {2018},
}

@Article{philips2015ES,
  author = {Andrew Q Philips and Amanda Rutherford and Guy D Whitten},
  journal = {Electoral Studies},
  pages = {264--274},
  publisher = {Elsevier},
  title = {The Dynamic Battle for Pieces of Pie---Modeling Party Support in Multi-Party Nations},
  url = {https://doi.org/10.1016/j.electstud.2015.03.019},
  volume = {39},
  year = {2015},
}

@Article{philips2015dynamic,
  author = {Andrew Q Philips and Amanda Rutherford and Guy D Whitten},
  journal = {American Journal of Political Science},
  number = {1},
  pages = {268-283},
  title = {Dynamic Pie: A Strategy for Modeling Trade-Offs in Compositional Variables over Time},
  url = {https://doi.org/10.1111/ajps.12204},
  volume = {60},
  year = {2016},
}

@Manual{ripleyMASS,
  author = {Brian Ripley},
  note = {R package version 7.3-49},
  title = {MASS: Support Functions and Datasets for Venables and Ripley's MASS},
  url = {https://CRAN.R-project.org/package=MASS},
  year = {2018},
}

@Article{tomz2003clarify,
  author = {Michael Tomz and Jason Wittenberg and Gary King},
  journal = {Journal of Statistical Software},
  number = {1},
  pages = {1--30},
  publisher = {American Statistical Association},
  title = {CLARIFY: Software for Interpreting and Presenting Statistical Results},
  url = {https://doi.org/10.18637/jss.v008.i01},
  volume = {8},
  year = {2003},
}

@Article{williams2012but,
  author = {Laron K Williams and Guy D Whitten},
  journal = {The Journal of Politics},
  number = {03},
  pages = {685--693},
  publisher = {Cambridge University Press},
  title = {But Wait, There's More! {Maximizing} Substantive Inferences from {TSCS} Models},
  url = {https://doi.org/10.1017/s0022381612000473},
  volume = {74},
  year = {2012},
}

@Article{wlezien1995public,
  author = {Christopher Wlezien},
  journal = {American Journal of Political Science},
  pages = {981--1000},
  publisher = {JSTOR},
  title = {The Public as Thermostat: Dynamics of Preferences for Spending},
  url = {https://doi.org/10.2307/2111666},
  year = {1995},
}

@Article{wrightpolitical,
  author = {Graham Wright},
  journal = {Political Behavior},
  pages = {1--23},
  publisher = {Springer-Verlag},
  title = {The Political Implications of {American} Concerns About Economic Inequality},
  url = {https://doi.org/10.1007/s11109-017-9399-3},
  year = {2017},
}
