@Manual{Rcore,
  title = {{R: a Language and Environment for Statistical Computing}},
  author = {{R Core Team}},
  organization = {R Foundation for Statistical Computing},
  address = {Vienna, Austria},
  year = {2017},
  url = {https://www.R-project.org/},
}

@Manual{lawstat,
  title = {{lawstat: Tools for Biostatistics, Public Policy, and Law}},
  author = {Joseph L. Gastwirth and Yulia R. Gel and W. L. Wallace Hui and Vyacheslav Lyubchich and Weiwen Miao and Kimihiro Noguchi},
  year = {2017},
  note = {R package version 3.1},
}

@Article{chen2014,
  title = {{Extension of Mood’s Median Test for Survival Data}},
  author = {Zhongxue Chen},
  journal = {Statistics \& Probability Letters},
  volume = {95},
  pages = {77--84},
  year = {2014},
  publisher = {Elsevier},
}

@Article{keselman2008,
  author = {HJ Keselman and James Algina and Lisa M Lix and Rand R Wilcox and Kathleen N Deering},
  journal = {Psychological Methods},
  number = {2},
  pages = {110--129},
  publisher = {American Psychological Association},
  title = {{A Generally Robust Approach for Testing Hypotheses and Setting Confidence Intervals for Effect Sizes.}},
  volume = {13},
  url = {https://doi.org/10.1037/1082-989X.13.2.110},
  year = {2008},
}

@Article{kohr1974,
  author = {Richard L Kohr and Paul A Games},
  journal = {The Journal of Experimental Education},
  number = {1},
  pages = {61--69},
  publisher = {Taylor \&amp; Francis},
  title = {{Robustness of the Analysis of Variance, the Welch Procedure and a Box Procedure to Heterogeneous Variances}},
  volume = {43},
  year = {1974},
}

@Article{rogan1977,
  author = {Joanne C Rogan and HJ Keselman},
  journal = {American Educational Research Journal},
  number = {4},
  pages = {493--498},
  publisher = {Sage Publications},
  title = {{Is the ANOVA F-Test Robust to Variance Heterogeneity When Sample Sizes Are Equal?: An Investigation via a Coefficient of Variation}},
  volume = {14},
  year = {1977},
}

@Article{lantz2013,
  author = {Björn Lantz},
  journal = {British Journal of Mathematical and Statistical Psychology},
  number = {2},
  pages = {224--244},
  publisher = {John Wiley \& Sons},
  title = {{The Impact of Sample Non-Normality on ANOVA and Alternative Methods}},
  volume = {66},
  year = {2013},
  url = {https://doi.org/10.1111/j.2044-8317.2012.02047.x},
}

@Article{khan2003,
  author = {Azmeri Khan and Glen D Rayner},
  journal = {Journal of Applied Mathematics \&amp; Decision Sciences},
  number = {4},
  pages = {187--206},
  publisher = {Taylor \&amp; Francis},
  title = {{Robustness to Non-Normality of Common Tests for the Many-Sample Location Problem}},
  volume = {7},
  year = {2003},
}

@Article{wilcox1988,
  author = {Rand R Wilcox},
  journal = {British Journal of Mathematical and Statistical Psychology},
  number = {1},
  pages = {109--117},
  publisher = {John Wiley \& Sons},
  title = {{A New Alternative to the ANOVA F and New Results on James's Second-Order Method}},
  volume = {41},
  url = {https://doi.org/10.1111/j.2044-8317.1988.tb00890.x},
  year = {1988},
}

@Article{lloyd2005,
  author = {Chris J Lloyd},
  journal = {Journal of Statistical Computation and Simulation},
  number = {11},
  pages = {921--933},
  publisher = {Taylor \&amp; Francis},
  title = {{Estimating Test Power Adjusted for Size}},
  volume = {75},
  year = {2005},
  url = {https://doi.org/10.1080/00949650412331321160},
}

@Article{oshima1992a,
  author = {TC Oshima and James Algina},
  journal = {British Journal of Mathematical and Statistical Psychology},
  number = {2},
  pages = {255--263},
  publisher = {John Wiley \& Sons},
  title = {{Type I Error Rates for James's Second-Order Test and Wilcox's Hm Test under Heteroscedasticity and Non-Normality}},
  volume = {45},
  year = {1992},
  url = {https://doi.org/10.1111/j.2044-8317.1992.tb00991.x},
}

@Article{cribbie2007,
  author = {Robert A Cribbie and Rand R Wilcox and Carmen Bewell and HJ Keselman},
  journal = {Journal of Modern Applied Statistical Methods},
  number = {1},
  pages = {117--132},
  title = {{Tests for Treatment Group Equality When Data Are Nonnormal and Heteroscedastic}},
  volume = {6},
  year = {2007},
  url = {https://doi.org/10.22237/jmasm/1177992660},
}

@Article{dijkstra1981,
  author = {Jan B Dijkstra and Paul SPJ Werter},
  journal = {Communications in Statistics-Simulation and Computation},
  number = {6},
  pages = {557--569},
  publisher = {Taylor \&amp; Francis},
  title = {{Testing the Equality of Several Means When the Population Variances Are Unequal}},
  volume = {10},
  year = {1981},
}

@Article{parra2013,
  author = {I Parra-Frutos},
  journal = {Computational Statistics},
  number = {3},
  pages = {1269--1297},
  publisher = {Springer-Verlag},
  title = {{Testing Homogeneity of Variances with Unequal Sample Sizes}},
  volume = {28},
  year = {2013},
  url = {https://doi.org/10.1007/s00180-012-0353-x},
}

@Article{tan1985,
  author = {WY Tan and MA Tabatabai},
  journal = {Communications in Statistics-Simulation and Computation},
  number = {4},
  pages = {1007--1026},
  publisher = {Taylor \&amp; Francis},
  title = {{Some Robust ANOVA Procedures under Heteroscedasticity and Nonnormality}},
  volume = {14},
  year = {1985},
}

@Article{gamage1998,
  author = {Jinadasa Gamage and Sam Weerahandi},
  journal = {Communications in Statistics-Simulation and Computation},
  number = {3},
  pages = {625--640},
  publisher = {Taylor \&amp; Francis},
  title = {{Size Performance of Some Tests in One-Way ANOVA}},
  volume = {27},
  year = {1998},
  url = {https://doi.org/10.1080/03610919808813500},
}

@Article{reed1995,
  author = {JF Reed and DB Stark},
  journal = {Journal of Applied Statistics},
  number = {1},
  pages = {87--104},
  publisher = {Taylor \&amp; Francis},
  title = {{Robust Analysis of Variance: a Simulation Study: Robust Analysis of Variance}},
  volume = {22},
  year = {1995},
}

@Article{myers1998,
  author = {Leann Myers},
  journal = {Journal of Statistical Computation and Simulation},
  number = {3},
  pages = {207--222},
  publisher = {Taylor \&amp; Francis},
  title = {{Comparability of the James' Second-Order Approximation Test and the Alexander and Govern A Statistic for Non-Normal Heteroscedastic Data}},
  volume = {60},
  year = {1998},
  url = {https://doi.org/10.1080/00949659808811888},
}

@Article{levy1978,
  author = {Kenneth J Levy},
  journal = {Journal of statistical computation and simulation},
  number = {1},
  pages = {49--57},
  publisher = {Taylor \&amp; Francis},
  title = {{An Empirical Comparison of the ANOVA F-Test with Alternatives Which Are More Robust against Heterogeneity of Variance}},
  volume = {8},
  year = {1978},
}

@Article{schneider1997,
  author = {Pamela J Schneider and Douglas A Penfield},
  journal = {The Journal of experimental education},
  number = {3},
  pages = {271--286},
  publisher = {Taylor \&amp; Francis},
  title = {{Alexander and Govern's Approximation: Providing an Alternative to ANOVA under Variance Heterogeneity}},
  volume = {65},
  year = {1997},
}

@Article{yigit2010,
  author = {E Yigit and F Gokpinar},
  journal = {Commun Fac Sci Univ Ankara, Ser A},
  pages = {15--34},
  title = {A SIMULATION STUDY ON TESTS FOR ONE WAY ANOVA UNDER THE UNEQUAL VARIANCE ASSUMPTION},
  volume = {1},
  year = {2010},
}

@Article{cribbie2012,
  author = {Robert A Cribbie and Lisa Fiksenbaum and HJ Keselman and Rand R Wilcox},
  journal = {British Journal of Mathematical and Statistical Psychology},
  number = {1},
  pages = {56--73},
  publisher = {John Wiley \& Sons},
  title = {{Effect of Non-Normality on Test Statistics for One-Way Independent Groups Designs}},
  volume = {65},
  year = {2012},
  url = {https://doi.org/10.1111/j.2044-8317.2011.02014.x},
}

@Article{de1996,
  author = {Alain {De Beuckelaer}},
  journal = {Statistical Papers},
  number = {4},
  pages = {291--305},
  publisher = {Springer-Verlag},
  title = {{A Closer Examination on Some Parametric Alternatives to the ANOVA F-Test}},
  volume = {37},
  year = {1996},
}

@Article{wilcox1986,
  author = {Rand R Wilcox and Ventura L Char1in and Karen L Thompson},
  journal = {Communications in Statistics-Simulation and Computation},
  number = {4},
  pages = {933--943},
  publisher = {Taylor \&amp; Francis},
  title = {{New Monte Carlo Results on the Robustness of the ANOVA F, W and F Statistics}},
  volume = {15},
  year = {1986},
}

@Article{lix1996,
  author = {Lisa M Lix and Joanne C Keselman and HJ Keselman},
  journal = {Review of educational research},
  number = {4},
  pages = {579--619},
  publisher = {Sage Publications},
  title = {{Consequences of Assumption Violations Revisited: A Quantitative Review of Alternatives to the One-Way Analysis of Variance F Test}},
  volume = {66},
  year = {1996},
}

@Article{harwell1992,
  author = {Michael R Harwell and Elaine N Rubinstein and William S Hayes and Corley C Olds},
  journal = {Journal of Educational and Behavioral Statistics},
  number = {4},
  pages = {315--339},
  publisher = {Sage Publications},
  title = {{Summarizing Monte Carlo Results in Methodological Research: The One-and Two-Factor Fixed Effects ANOVA Cases}},
  volume = {17},
  year = {1992},
}

@Article{kruskal1952,
  author = {William H Kruskal and W Allen Wallis},
  journal = {Journal of the American Statistical Association},
  number = {260},
  pages = {583--621},
  publisher = {Taylor \&amp; Francis},
  title = {{Use of Ranks in One-Criterion Variance Analysis}},
  volume = {47},
  year = {1952},
}

@InProceedings{brown1951,
  author = {George W Brown and Alexander M Mood and {others}},
  booktitle = {Proceedings of the Second Berkeley Symposium on Mathematical Statistics and Probability},
  organization = {Univ. of California Press Berkeley},
  pages = {159--166},
  title = {{On Median Tests for Linear Hypotheses}},
  volume = {31},
  year = {1951},
}

@Article{alexander1994,
  author = {Ralph A Alexander and Diane M Govern},
  journal = {Journal of Educational and Behavioral Statistics},
  number = {2},
  pages = {91--101},
  publisher = {SAGE Publications},
  title = {{A New and Simpler Approximation for ANOVA under Variance Heterogeneity}},
  volume = {19},
  url = {https://doi.org/10.2307/1165140},
  year = {1994},
}

@Article{brown1974b,
  author = {Morton B Brown and Alan B Forsythe},
  journal = {Journal of the American Statistical Association},
  number = {346},
  pages = {364--367},
  publisher = {Taylor \&amp; Francis Group},
  title = {{Robust Tests for the Equality of Variances}},
  volume = {69},
  year = {1974},
}

@Article{brown1974a,
  author = {Morton B Brown and Alan B Forsythe},
  journal = {Technometrics},
  number = {1},
  pages = {129--132},
  publisher = {Taylor \&amp; Francis},
  title = {{The Small Sample Behavior of Some Statistics Which Test the Equality of Several Means}},
  url = {https://doi.org/10.2307/1267501},
  volume = {16},
  year = {1974},
}

@Article{JAMES:1954,
  address = {UNIV COLLEGE LONDON GOWER ST-BIOMETRIKA OFFICE, LONDON WC1E 6BT, ENGLAND},
  author = {G. S. James},
  journal = {Biometrika},
  number = {1-2},
  pages = {19--43},
  publisher = {BIOMETRIKA TRUST},
  times-cited = {132},
  title = {TESTS OF LINEAR HYPOTHESES IN UNIVARIATE AND MULTIVARIATE ANALYSIS WHEN THE RATIOS OF THE POPULATION VARIANCES ARE UNKNOWN},
  volume = {41},
  wok-uid = {WOS:A1954UZ96500003},
  year = {1954},
  url = {https://doi.org/10.2307/2333003},
}

@Article{JAMES:1951,
  address = {UNIV COLLEGE LONDON GOWER ST-BIOMETRIKA OFFICE, LONDON WC1E 6BT, ENGLAND},
  author = {G. S. James},
  journal = {Biometrika},
  number = {3/4},
  pages = {324--329},
  publisher = {BIOMETRIKA TRUST},
  times-cited = {171},
  title = {THE COMPARISON OF SEVERAL GROUPS OF OBSERVATIONS WHEN THE RATIOS OF THE POPULATION VARIANCES ARE UNKNOWN},
  volume = {38},
  wok-uid = {WOS:A1951UZ96000005},
  year = {1951},
  url = {https://doi.org/10.2307/2332578},
}

@Article{WELCH:1951,
  address = {UNIV COLLEGE LONDON GOWER ST-BIOMETRIKA OFFICE, LONDON WC1E 6BT, ENGLAND},
  author = {B. L. Welch},
  journal = {Biometrika},
  number = {3/4},
  pages = {330--336},
  publisher = {BIOMETRIKA TRUST},
  times-cited = {534},
  title = {ON THE COMPARISON OF SEVERAL MEAN VALUES - AN ALTERNATIVE APPROACH},
  volume = {38},
  wok-uid = {WOS:A1951UZ96000006},
  year = {1951},
  url = {https://doi.org/10.2307/2332579},
}

@Article{sauerbrei1999,
  title = {Modelling the Effects of Standard Prognostic Factors in Node-Positive Breast Cancer},
  author = {W Sauerbrei and P Royston and H Bojar and C Schmoor and M Schumacher and German Breast Cancer Study Group and {others}},
  journal = {British Journal of Cancer},
  volume = {79},
  pages = {1752--1760},
  year = {1999},
  url = {https://doi.org/10.1038/sj.bjc.6690279},
  publisher = {Nature Publishing Group},
}

@Manual{mfp2015,
  title = {Mfp: Multivariable Fractional Polynomials},
  author = {Gareth Ambler and Axel Benner},
  year = {2015},
  note = {R package version 1.5.2},
}

@Article{hothorn2008,
  title = {Simultaneous Inference in General Parametric Models},
  author = {Torsten Hothorn and Frank Bretz and Peter Westfall},
  journal = {Biometrical Journal},
  year = {2008},
  volume = {50},
  number = {3},
  pages = {346--363},
}

@Article{konietschke2015,
  title = {{{nparcomp}: An {R} Software Package for Nonparametric Multiple Comparisons and Simultaneous Confidence Intervals}},
  author = {Frank Konietschke and Marius Placzek and Frank Schaarschmidt and Ludwig A. Hothorn},
  journal = {Journal of Statistical Software},
  year = {2015},
  volume = {64},
  number = {9},
  pages = {1--17},
  url = {https://doi.org/10.18637/jss.v064.i09},
}

@Article{hill2005effects,
  title = {Effects of Teachers’ Mathematical Knowledge for Teaching on Student Achievement},
  author = {Heather C Hill and Brian Rowan and Deborah Loewenberg Ball},
  journal = {American educational research journal},
  volume = {42},
  number = {2},
  pages = {371--406},
  year = {2005},
  publisher = {Sage Publications},
}

@Book{nlmeU2013,
  title = {{Linear Mixed-Effects Models Using R: a Step-by-Step Approach}},
  author = {Andrzej Galecki and Tomasz Burzykowski},
  publisher = {Springer-Verlag},
  edition = {1st},
  address = {New York},
  year = {2013},
  note = {ISBN 978-1-4614-3899-1},
}

@Article{anderson1935irises,
  title = {{The Irises of the Gaspe Peninsula}},
  author = {Edgar Anderson},
  journal = {Bulletin of the American Iris society},
  volume = {59},
  pages = {2--5},
  year = {1935},
}

@Article{fisher1936use,
  title = {{The Use of Multiple Measurements in Taxonomic Problems}},
  author = {Ronald A Fisher},
  journal = {Annals of Eugenics},
  volume = {7},
  number = {2},
  pages = {179--188},
  year = {1936},
  url = {https://doi.org/10.1111/j.1469-1809.1936.tb02137.x},
  publisher = {John Wiley \& Sons},
}

@Article{hu2005new,
  title = {A New Fuzzy-Data Mining Method for Pattern Classification by Principal Component Analysis},
  author = {Yi-Chung Hu},
  journal = {Cybernetics and Systems: An International Journal},
  volume = {36},
  number = {5},
  pages = {527--547},
  year = {2005},
  url = {https://doi.org/10.1080/01969720590944294},
  publisher = {Taylor \& Francis},
}

@Article{korkmaz2014mvn,
  title = {{MVN: An R Package for Assessing Multivariate Normality}},
  author = {Selcuk Korkmaz and Dincer Goksuluk and Gokmen Zararsiz},
  journal = {The R Journal},
  volume = {6},
  number = {2},
  pages = {151--162},
  year = {2014},
  publisher = {Citeseer},
}

@Manual{Chang2017shiny,
  title = {{shiny: Web Application Framework for R}},
  author = {Winston Chang and Joe Cheng and JJ Allaire and Yihui Xie and Jonathan McPherson},
  year = {2017},
  note = {R package version 1.0.1},
}

@Manual{Dag2017onewaytests,
  title = {Onewaytests: One-Way Tests in Independent Groups Designs},
  author = {Osman Dag and Anil Dolgun and N. Meric Konar},
  year = {2017},
  note = {R package version 1.5},
}

@Article{liao2016outlier,
  title = {{Outlier Impact and Accommodation Methods: Multiple Comparisons of Type I Error Rates}},
  author = {Hongjing Liao and Yanju Li and Gordon Brooks},
  journal = {Journal of Modern Applied Statistical Methods},
  volume = {15},
  number = {1},
  pages = {23},
  url = {https://doi.org/10.22237/jmasm/1462076520},
  year = {2016},
}

@Article{Robust2017,
  author = {Pablo J. Villacorta},
  title = {{The welchADF Package for Robust Hypothesis Testing in  Unbalanced Multivariate Mixed Models with Heteroscedastic  and Non-Normal Data}},
  year = {2017},
  journal = {{The R Journal}},
}

@Article{hothorn2006lego,
  title = {{A Lego System for Conditional Inference}},
  author = {Torsten Hothorn and Kurt Hornik and Mark A {Van De Wiel} and Achim Zeileis},
  journal = {The American Statistician},
  volume = {60},
  number = {3},
  pages = {257--263},
  year = {2006},
  url = {https://doi.org/10.1198/000313006X118430},
  publisher = {Taylor \& Francis},
}

@Manual{Wilcox2017,
  title = {{WRS2: Wilcox Robust Estimation and Testing}},
  author = {Patrick Mair and Felix Schoenbrodt and Rand Wilcox},
  year = {2017},
  note = {0.9-2},
}

@Article{gastwirth2015lawstat,
  title = {Lawstat: Ools for Biostatistics, Public Policy, and Law},
  author = {JL Gastwirth and YR Gel and WLW Hui and V Lyubchich and W Miao and K Noguchi},
  journal = {R package version},
  volume = {3},
  year = {2015},
}

@Book{applied2011,
  title = {An {R} Companion to Applied Regression},
  edition = {2nd},
  author = {John Fox and Sanford Weisberg},
  year = {2011},
  publisher = {Sage},
  address = {Thousand Oaks {CA}},
}

@Manual{nortest2015,
  title = {Nortest: Tests for Normality},
  author = {Juergen Gross and Uwe Ligges},
  year = {2015},
  note = {R package version 1.0-4},
}

@Book{ggplot2009,
  author = {Hadley Wickham},
  title = {Ggplot2: Elegant Graphics for Data Analysis},
  publisher = {Springer-Verlag},
  year = {2009},
}

@Article{fagerland2009,
  title = {{The Wilcoxon--Mann--Whitney Test under Scrutiny}},
  author = {Morten W Fagerland and Leiv Sandvik},
  journal = {Statistics in Medicine},
  volume = {28},
  number = {10},
  pages = {1487--1497},
  year = {2009},
  url = {https://doi.org/10.1002/sim.3561},
  publisher = {John Wiley \& Sons},
}

@PhdThesis{bishop1976heteroscedastic,
  title = {{Heteroscedastic ANOVA, MANOVA, and Multiple-Comparisons}},
  author = {Thomas Alan Bishop},
  year = {1976},
  school = {The Ohio State University},
}

@Article{glass1972,
  title = {Consequences of Failure to Meet Assumptions Underlying the Fixed Effects Analyses of Variance and Covariance},
  author = {Gene V Glass and Percy D Peckham and James R Sanders},
  journal = {Review of educational research},
  volume = {42},
  number = {3},
  pages = {237--288},
  year = {1972},
  publisher = {Sage Publications Sage CA: Thousand Oaks, CA},
}

@Article{holm1979,
  title = {A Simple Sequentially Rejective Multiple Test Procedure},
  author = {Sture Holm},
  journal = {Scandinavian Journal of Statistics},
  volume = {6},
  number = {2},
  pages = {65--70},
  year = {1979},
  publisher = {JSTOR},
}

@Article{hommel1988,
  title = {{A Stagewise Rejective Multiple Test Procedure Based on a Modified Bonferroni Test}},
  author = {Gerhard Hommel},
  journal = {Biometrika},
  volume = {75},
  number = {2},
  pages = {383--386},
  year = {1988},
  publisher = {Oxford University Press},
}

@Article{hochberg1988,
  title = {{A Sharper Bonferroni Procedure for Multiple Tests of Significance}},
  author = {Yosef Hochberg},
  journal = {Biometrika},
  volume = {75},
  number = {4},
  pages = {800--802},
  year = {1988},
  publisher = {Oxford University Press},
}

@Article{benjamini1995,
  title = {{Controlling the False Discovery Rate: a Practical and Powerful Approach to Multiple Testing}},
  author = {Yoav Benjamini and Yosef Hochberg},
  journal = {Journal of the Royal Statistical Society. Series B (Methodological)},
  volume = {57},
  number = {1},
  pages = {289--300},
  year = {1995},
  publisher = {JSTOR},
}

@Article{benjamini2001,
  title = {The Control of the False Discovery Rate in Multiple Testing under Dependency},
  author = {Yoav Benjamini and Daniel Yekutieli},
  url = {https://doi.org/10.1214/aos/1013699998},
  journal = {The Annals of Statistics},
  volume = {29},
  number = {4},
  pages = {1165--1188},
  year = {2001},
  publisher = {JSTOR},
}
