@Article{Moherc869,
  author = {David Moher and Sally Hopewell and Kenneth F Schulz and Victor Montori and Peter C Gøtzsche and P J Devereaux and Diana Elbourne and Matthias Egger and Douglas G Altman},
  title = {CONSORT 2010 Explanation and Elaboration: Updated Guidelines for Reporting Parallel Group Randomised Trials},
  volume = {340},
  year = {2010},
  publisher = {BMJ Publishing Group Ltd},
  issn = {0959-8138},
  eprint = {https://www.bmj.com/content/340/bmj.c869.full.pdf},
  journal = {BMJ},
  url = {https://doi.org/10.1136/bmj.c869},
}

@Article{ICHE91999,
  author = {{ICH E9}},
  title = {{ICH Harmonised Tripartite Guideline. Statistical Principles for Clinical Trials. International  Conference on Harmonisation E9 Expert Working Group.}},
  journal = {Statistics in medicine},
  year = {1999},
  volume = {18},
  pages = {1905--1942},
  issn = {0277-6715},
  __markedentry = {[Admin:6]},
  citation-subset = {IM},
  completed = {1999-10-15},
  country = {England},
  issn-linking = {0277-6715},
  issue = {15},
  nlm-id = {8215016},
  pmid = {10532877},
  pubmodel = {Print},
  pubstatus = {ppublish},
  revised = {2007-11-15},
}

@Article{multgee2015,
  title = {{R} Package {multgee}: A Generalized Estimating Equations Solver for Multinomial Responses},
  author = {Anestis Touloumis},
  journal = {Journal of Statistical Software},
  year = {2015},
  volume = {64},
  number = {8},
  pages = {1--14},
  url = {http://www.jstatsoft.org/v64/i08/},
}

@Manual{Hmisc2018,
  title = {Hmisc: Harrell Miscellaneous},
  author = {Frank E {Harrell Jr} and {with contributions from Charles Dupont} and {many others.}},
  year = {2018},
  note = {R package version 4.1-1},
  url = {https://CRAN.R-project.org/package=Hmisc},
}

@Manual{knitr2018,
  title = {Knitr: A General-Purpose Package for Dynamic Report Generation in R},
  author = {Yihui Xie},
  year = {2018},
  note = {R package version 1.20},
  url = {https://yihui.name/knitr/},
}

@Article{Stevens1946,
  author = {S. S. Stevens},
  title = {On the Theory of Scales of Measurement},
  journal = {Science},
  year = {1946},
  volume = {103},
  number = {2684},
  pages = {677--680},
  publisher = {American Association for the Advancement of Science ({AAAS})},
  url = {https://doi.org/10.1126/science.103.2684.677},
}

@Manual{survival-package,
  title = {A Package for Survival Analysis in S},
  author = {Terry M Therneau},
  year = {2015},
  note = {version 2.38},
  url = {https://CRAN.R-project.org/package=survival},
}

@Manual{xtable2018,
  title = {Xtable: Export Tables to LaTeX or HTML},
  author = {David B. Dahl and David Scott and Charles Roosen and Arni Magnusson and Jonathan Swinton},
  year = {2018},
  note = {R package version 1.8-3},
  url = {https://CRAN.R-project.org/package=xtable},
}

@Manual{flextable2018,
  title = {Flextable: Functions for Tabular Reporting},
  author = {David Gohel},
  year = {2018},
  note = {R package version 0.4.4},
  url = {https://CRAN.R-project.org/package=flextable},
}

@Manual{furniture2018,
  title = {Furniture: Tables for Quantitative Scientists},
  author = {Tyson S. Barrett and Emily Brignone and Daniel J. Laxman},
  year = {2018},
  note = {R package version 1.7.9},
  url = {https://CRAN.R-project.org/package=furniture},
}

@Manual{tableone2018,
  title = {Tableone: Create 'Table 1' to Describe Baseline Characteristics},
  author = {Kazuki Yoshida and Justin Bohn.},
  year = {2018},
  note = {R package version 0.9.3},
  url = {https://CRAN.R-project.org/package=tableone},
}

@Manual{stargazer2018,
  title = {Stargazer: Well-Formatted Regression and Summary Statistics Tables},
  author = {Marek Hlavac},
  year = {2018},
  note = {R package version 5.2.2},
  organization = {Central European Labour Studies Institute (CELSI)},
  address = {Bratislava, Slovakia},
  url = {https://CRAN.R-project.org/package=stargazer},
}

@Manual{DescTools2018,
  title = {DescTools: Tools for Descriptive Statistics},
  author = {Andri Signorell},
  year = {2018},
  note = {R package version 0.99.24},
  url = {https://cran.r-project.org/package=DescTools},
}

@Manual{settings2015,
  title = {Settings: Software Option Settings Manager for R},
  author = {Mark {van der Loo}},
  year = {2015},
  note = {R package version 0.2.4},
  url = {https://CRAN.R-project.org/package=settings},
}

@Book{Mittelbach2004,
  title = {The LaTeX Companion (Tools and Techniques for Computer Typesetting)},
  publisher = {Addison-Wesley Professional},
  year = {2004},
  author = {Frank Mittelbach and Michel Goossens and Johannes Braams and David Carlisle and Chris Rowley},
  isbn = {0-201-36299-6},
  url = {https://www.amazon.com/LaTeX-Companion-Techniques-Computer-Typesetting/dp/0201362996?SubscriptionId=AKIAIOBINVZYXZQZ2U3A&tag=chimbori05-20&linkCode=xm2&camp=2025&creative=165953&creativeASIN=0201362996},
}

@Manual{dplyr2019,
  title = {Dplyr: A Grammar of Data Manipulation},
  author = {Hadley Wickham and Romain François and Lionel Henry and Kirill Müller},
  year = {2019},
  note = {R package version 0.8.0.1},
  url = {https://CRAN.R-project.org/package=dplyr},
}

@Manual{magrittr2014,
  title = {Magrittr: A Forward-Pipe Operator for R},
  author = {Stefan Milton Bache and Hadley Wickham},
  year = {2014},
  note = {R package version 1.5},
  url = {https://CRAN.R-project.org/package=magrittr},
}

@Book{Wickham2014,
  title = {Advanced R},
  publisher = {Taylor \& Francis Inc},
  year = {2014},
  author = {Hadley Wickham},
  isbn = {1466586966},
  date = {2014-09-25},
  ean = {9781466586963},
  pagetotal = {476},
  url = {https://dx.doi.org/10.1201/b17487},
}
