
@article{Beker22,
  title={PLS-SEM's most wanted guidance},
  author={Becker, Jan Michael and Cheah, Jun Hwa and Gholamzade, Rasoul and Ringle, Christian M and Sarstedt, Marko},
  journal={International Journal of Contemporary Hospitality Management},
  year={2022},
  url={https://doi.org/10.1108/IJCHM-04-2022-0474}
}

@incollection{Chin10,
  title={An introduction to a permutation based procedure for multi-group PLS analysis: Results of tests of differences on simulated data and a cross cultural analysis of the sourcing of information system services between Germany and the USA},
  author={Chin, Wynne W and Dibbern, Jens},
  booktitle={Handbook of partial least squares},
  pages={171--193},
  year={2010},
  address={Berlin Heidelberg},
  note = {{ISBN} 978-3-540-32825-4},
  publisher={Springer},
  url = {https://doi.org/10.1007/978-3-540-32827-8_8}
}

@article{Chow60,
  title={Tests of equality between sets of coefficients in two linear regressions},
  author={Chow, Gregory C},
  journal={Econometrica: Journal of the Econometric Society},
  pages={591--605},
  year={1960},
  url={https://doi.org/10.2307/1910133}
}

@article{Dijkstra15,
  title={Consistent partial least squares path modeling},
  author={Dijkstra, Theo K and Henseler, J{\"o}rg},
  journal={MIS quarterly},
  volume={39},
  number={2},
  pages={297--316},
  year={2015},
  url={https://www.jstor.org/stable/26628355}
}

@book{Hair21,
  title={Partial least squares structural equation modeling (PLS-SEM) using R: A workbook},
  author={Hair Jr, Joseph F and Hult, G Tomas M and Ringle, Christian M and Sarstedt, Marko and Danks, Nicholas P and Ray, Soumya},
  year={2021},
  address={Los Angeles},
  note = {{ISBN} 9783030805197},
  publisher={Springer Nature},
  url = {https://doi.org/10.1007/978-3-030-80519-7}
}

@article{Hair19,
  author={Hair Jr, Joseph F and Risher,  Jeffrey J and Sarstedt, Marko and and Ringle, Christian M.},
  journal={European business review},
  number={1},
  pages={2--24},
  title={When to use and how to report the results of PLS-SEM},
  volume={31},
  year={2019},
  url={https://doi.org/10.1108/EBR-11-2018-0203}
}

@book{Hair17,
  title={Advanced issues in partial least squares structural equation modeling},
  author={Hair Jr, Joseph F and Sarstedt, Marko and Ringle, Christian M and Gudergan, Siegfried P},
  year={2017},
  address={Los Angeles},
  note = {{ISBN} 9781483377391},
  publisher={saGe publications}
}

@article{Hair17b,
  title={PLS-SEM or CB-SEM: updated guidelines on which method to use},
  author={Hair Jr, Joseph F and Matthews, Lucy M and Matthews, Ryan L and Sarstedt, Marko},
  journal={International Journal of Multivariate Data Analysis},
  volume={1},
  number={2},
  pages={107--123},
  year={2017},
  url={https://doi.org/10.1504/IJMDA.2017.087624}
}

@book{Hair16,
  title = {A Primer on Partial Least Squares Structural Equation Modeling (PLS-SEM)},
  author = {Hair Jr, Joseph F and Hult, G. Tomas M. and Ringle, Christian and Sarstedt, Marko},
  year = {2016},
  address={Los Angeles},
  note = {{ISBN} 978-1-5443-9640-8},
  publisher={saGe publications},
  url = {https://doi.org/10.1007/978-3-030-80519-7}
}

@book{henseler21,
  title={Composite-based structural equation modeling: Analyzing latent and emergent variables},
  author={Henseler, J{\"o}rg},
  year={2020},
  address={New York},
  note = {{ISBN} 9781462545605},
  publisher={Guilford Publications}
}

@article{Henseler16,
  title={Testing measurement invariance of composites using partial least squares},
  author={Henseler, J{\"o}rg and Ringle, Christian M and Sarstedt, Marko},
  journal={International marketing review},
  volume={3},
  number={3},
  pages={405--431},
  year={2016},
  url={https://doi.org/10.1108/IMR-09-2014-0304}
}

@incollection{Henseler09,
  title={The use of partial least squares path modeling in international marketing},
  author={Henseler, J{\"o}rg and Ringle, Christian M and Sinkovics, Rudolf R},
  booktitle={New challenges to international marketing},
  year={2009},
  pages={277--319},
  address={Bingley},
  note = {{ISBN} 978-1-84855-468-9},
  publisher={Emerald Group Publishing Limited},
  url = {https://doi.org/10.1108/S1474-7979(2009)0000020014}
}

@article{Keil00,
  title={A cross-cultural study on escalation of commitment behavior in software projects},
  author={Keil, Mark and Tan, Bernard CY and Wei, Kwok Kee and Saarinen, Timo and Tuunainen, Virpi and Wassenaar, Arjen},
  journal={MIS quarterly},
  pages={299--325},
  year={2000},
  url={https://doi.org/10.2307/3250940}
}

@article{Klesel22,
  title={Multigroup analysis in information systems research using PLS-PM: A systematic investigation of approaches},
  author={Klesel, Michael and Schuberth, Florian and Niehaves, Bj{\"o}rn and Henseler, J{\"o}rg},
  journal={ACM SIGMIS Database: the DATABASE for Advances in Information Systems},
  volume={53},
  number={3},
  pages={26--48},
  year={2022},
  url={https://doi.org/10.1145/3551783.3551787}
}

@article{Klesel19,
  title={A test for multigroup comparison using partial least squares path modeling},
  author={Klesel, Michael and Schuberth, Florian and Henseler, J{\"o}rg and Niehaves, Bjoern},
  journal={Internet research},
  volume={29},
  number={3},
  pages={464--477},
  year={2019},
  url={ https://doi.org/10.1108/IntR-11-2017-0418}
  
}

@article{Kollmann20,
  title={What satisfies younger versus older employees, and why? An aging perspective on equity theory to explain interactive effects of employee age, monetary rewards, and task contributions on job satisfaction},
  author={Kollmann, Tobias and St{\"o}ckmann, Christoph and Kensbock, Julia M and Peschl, Anika},
  journal={Human Resource Management},
  volume={59},
  number={1},
  pages={101--115},
  year={2020},
  url={https://doi.org/10.1002/hrm.21981}
}

@article{Evermann21,
  title={Recent developments in PLS},
  author={Evermann, Joerg and R{\"o}nkk{\"o}, Mikko},
  journal={Communications of the Association for Information Systems},
  volume={44},
  pages={123--132},
  year={2021},
  url ={https://doi.org/10.17705/1CAIS.044XX}
}



@article{Lamberti21,
  title={Hybrid multigroup partial least squares structural equation modelling: an application to bank employee satisfaction and loyalty},
  author={Lamberti, Giuseppe},
  journal={Quality $\&$ Quantity},
  pages={1--23},
  year={2021},
  url={https://doi.org/10.1007/s11135-021-01096-9}
}

@article{Lamberti20,
  title={Work climate drivers and employee heterogeneity},
  author={Lamberti, Giuseppe and Aluja Banet, Tomas and Rialp Criado, Josep},
  journal={The International Journal of Human Resource Management},
  volume={33},
  number={3},
  pages={472--504},
  year={2020},
  url={https://doi.org/10.1080/09585192.2020.1711798}
}

@article{Lamberti17,
  title={The Pathmox approach for PLS path modeling: Discovering which constructs differentiate segments},
  author={Lamberti, Giuseppe and Banet Aluja, Tomas and Sanchez, Gaston},
  journal={Applied Stochastic Models in Business and Industry},
  volume={33},
  number={6},
  pages={674--689},
  year={2017},
  url={https://doi.org/10.1002/asmb.2270}
}

@article{Lamberti16,
  title={The Pathmox approach for PLS path modeling segmentation},
  author={Lamberti, Giuseppe and Aluja, Tomas Banet and Sanchez, Gaston},
  journal={Applied Stochastic Models in Business and Industry},
  volume={32},
  number={4},
  pages={453--468},
  year={2016},
  url={https://doi.org/10.1002/asmb.2168}
}



@book{Lebart79,
  title={Traitement des donnees statistiques},
  author={Lebart, Ludovic and  Morineau, Alain and Fenelon, Jean Pierre},
  year={1979},
  address={Paris},
  note = {{ISBN} 10. 2040107878},
  publisher={Dunod}
}

@article{loh97,
  title={Split selection methods for classification trees},
  author={Loh, Wei Yin and Shih, Yu Shan},
  journal={Statistica sinica},
  pages={815--840},
  year={1997},
  url={https://www.jstor.org/stable/24306157}
}

@article{Sarstedt22a,
  title={Progress in partial least squares structural equation modeling use in marketing research in the last decade},
  author={Sarstedt, Marko and Hair, Joseph F and Pick, Mandy and Liengaard, Benjamin D and Radomir, L{\u{a}}cr{\u{a}}mioara and Ringle, Christian M},
  journal={Psychology $\&$ Marketing},
  volume={39},
  number={5},
  pages={1035--1064},
  year={2022},
  url={ https://doi.org/10.1002/mar.21640}
}

@article{Sarstedt22b,
  title={PLS-SEM: indeed a silver bullet--retrospective observations and recent advances},
  author={Sarstedt, Marko and Hair Jr, Joseph F and Ringle, Christian M},
  journal={Journal of Marketing Theory and Practice},
  pages={1--15},
  year={2022},
  url={https://doi.org/10.1080/10696679.2022.2056488}
}

@article{Sarstedt22c,
  title={Latent class analysis in PLS-SEM: A review and recommendations for future applications},
  author={Sarstedt, Marko and Radomir, L{\u{a}}cr{\u{a}}mioara and Moisescu, Ovidiu Ioan and Ringle, Christian M},
  journal={Journal of Business Research},
  volume={138},
  pages={398--407},
  year={2022},
  url={https://doi.org/10.1016/j.jbusres.2021.08.051}
}

@article{Sanchez06,
  title={Pathmox: a PLS-PM segmentation algorithm},
  author={Sanchez, Gaston and Aluja, Tomas},
  journal={Proceedings of KNEMO},
  volume={69},
  year={2006}
}

@article{Shmueli19,
  title={Predictive model assessment in PLS-SEM: guidelines for using PLSpredict},
  author={Shmueli, Galit and Sarstedt, Marko and Hair, Joseph F and Cheah, Jun Hwa and Ting, Hiram and Vaithilingam, Santha and Ringle, Christian M},
  journal={European journal of marketing},
  volume={53},
  number={11},
  pages={2322--2347},
  year={2019},
  url={https://doi.org/10.1108/EJM-02-2019-0189}
}

@article{Shmueli16,
  title={The elephant in the room: Predictive performance of PLS models},
  author={Shmueli, Galit and Ray, Soumya and Estrada, Juan Manuel Velasquez and Chatla, Suneel Babu},
  journal={Journal of Business Research},
  volume={69},
  number={10},
  pages={4552--4564},
  year={2016},
  url={https://doi.org/10.1016/j.jbusres.2016.03.049}
}


@inbook{Wold85,
author = {Wold, Herman},
publisher = {John Wiley and Sons, Ltd},
title = {Partial Least Squares},
booktitle = {Encyclopedia of Statistical Sciences},
volume = {6},
pages = {581--591},
url = {https://doi.org/10.1002/0471667196.ess1914.pub2},
year = {1985}
}


@article{Vinzi08,
  title={REBUS-PLS: A response-based procedure for detecting unit segments in PLS path modelling},
  author={Esposito Vinzi, Vincenzo and Trinchera, Laura and Squillacciotti, Silvia and Tenenhaus, Michel},
  journal={Applied Stochastic Models in Business and Industry},
  volume={24},
  number={5},
  pages={439--458},
  year={2008},
  url={https://doi.org/10.1002/asmb.728}
}

 @Manual{csem,
    title = {cSEM: Composite-Based Structural Equation Modeling},
    author = {Manuel E. Rademaker and Florian Schuberth},
    year = {2020},
    note = {Package version: 0.4.0},
    url = {https://CRAN.R-project.org/package=cSEM}
  }

 @Manual{plspm,
    title = {plspm: Tools for Partial Least Squares Path Modeling (PLS-PM)},
    author = {Gaston Sanchez and Laura Trinchera and Giorgio Russolillo},
    year = {2015},
    note = {R package version 0.4.9},
    url = {https://github.com/gastonstat/plspm}
}

 @Manual{seminr,
    title = {seminr: Building and Estimating Structural Equation Models},
    author = {Soumya Ray and Nicholas P. Danks and Andre C. Valdez},
    year = {2020},
    url = {https://CRAN.R-project.org/package=seminr},
    note = {Package version: 0.4.0}
  }
  
   @Manual{genpathmox,
    title = {genpathmox: Pathmox Approach Segmentation Tree Analysis},
    author = {Giuseppe Lamberti},
    year = {2022},
    note = {R package version 0.9},
    url = {https://CRAN.R-project.org/package=genpathmox}
    }
 
  @Article{lavaan,
    title = {lavaan: An R Package for Structural Equation Modeling},
    author = {Yves Rosseel},
    journal = {Journal of Statistical Software},
    year = {2012},
    volume = {48},
    number = {2},
    pages = {1--36},
    url = {https://doi.org/10.18637/jss.v048.i02}
  }

  @Manual{diagram,
    title = {diagram: Functions for Visualising Simple Graphs (Networks), Plotting
Flow Diagrams},
    author = {Karline Soetaert},
    year = {2020},
    note = {R package version 1.6.5},
    url = {https://CRAN.R-project.org/package=diagram}
  }


  @Manual{matpls,
title = {matrixpls: Matrix-based Partial Least Squares Estimation},
    author = {Mikko R\"onkk\"o},
    year = {2017},
    note = {R package version 1.0.5},
    url = {https://github.com/mronkko/matrixpls}
  }

@Manual{R,
  title = {R: A Language and Environment for Statistical Computing},
  author = {{R Core Team}},
  organization = {R Foundation for Statistical Computing},
  address = {Vienna, Austria},
  year = {2016},
  note = {{ISBN} 3-900051-07-0},
  url = {https://www.R-project.org/},
}

@article{ihaka:1996,
  Author = {Ihaka, Ross and Gentleman, Robert},
	Journal = {Journal of Computational and Graphical Statistics},
	Number = 3,
	Pages = {299--314},
	Title = {R: A Language for Data Analysis and Graphics},
	Volume = 5,
	Year = 1996,
        url = {https://doi.org/10.1080/10618600.1996.10474713}
}
