@article{pritchard2000inference,
  title={Inference of population structure using multilocus genotype data},
  author={Pritchard, Jonathan K and Stephens, Matthew and Donnelly, Peter},
  journal={Genetics},
  volume={155},
  number={2},
  pages={945--959},
  year={2000},
  publisher={Genetics Soc America}
}

@article{blei2003latent,
  title={Latent dirichlet allocation},
  author={Blei, David M and Ng, Andrew Y and Jordan, Michael I},
  journal={Journal of machine Learning research},
  volume={3},
  number={Jan},
  pages={993--1022},
  year={2003}
}

@article{bojanowski2016enriching,
  title={Enriching word vectors with subword information},
  author={Bojanowski, Piotr and Grave, Edouard and Joulin, Armand and Mikolov, Tomas},
  journal={arXiv preprint arXiv:1607.04606},
  year={2016}
}

@Manual{sotuPkg,
  title = {sotu: United States Presidential State of the Union Addresses},
  author = {Taylor B. Arnold},
  year = {2017},
  note = {R package version 1.0.2},
  url = {https://CRAN.R-project.org/package=sotu},
}


@Manual{sqliter,
  title = {sqliter: Connection wrapper to SQLite databases},
  author = {Wilson Freitas},
  year = {2014},
  note = {R package version 0.1.0},
  url = {https://CRAN.R-project.org/package=sqliter},
}

@Manual{dplyr-2017-32,
  title = {dplyr: A Grammar of Data Manipulation},
  author = {Hadley Wickham and Romain Francois},
  year = {2016},
  note = {R package version 0.5.0},
  url = {https://CRAN.R-project.org/package=dplyr},
}

@inproceedings{pennington2014glove,
  title={{GloVe}: Global Vectors for Word Representation.},
  author={Pennington, Jeffrey and Socher, Richard and Manning, Christopher D},
  booktitle={EMNLP},
  volume={14},
  pages={1532--1543},
  year={2014},
  url={https://doi.org/10.3115/v1/D14-1162}
}

@inproceedings{mikolov2013distributed,
  title={Distributed representations of words and phrases and their compositionality},
  author={Mikolov, Tomas and Sutskever, Ilya and Chen, Kai and Corrado, Greg S and Dean, Jeff},
  booktitle={Advances in neural information processing systems},
  pages={3111--3119},
  year={2013}
}

@Book{ggplot2-2017-32,
  author = {Hadley Wickham},
  title = {ggplot2: Elegant Graphics for Data Analysis},
  publisher = {Springer-Verlag New York},
  year = {2009},
  isbn = {978-0-387-98140-6},
  url={https://doi.org/10.1007/978-0-387-98141-3}
}

@Manual{magrittr,
  title = {magrittr: A Forward-Pipe Operator for R},
  author = {Stefan Milton Bache and Hadley Wickham},
  year = {2014},
  note = {R package version 1.5},
  url = {https://CRAN.R-project.org/package=magrittr},
}

@Manual{broom,
  title = {broom: Convert Statistical Analysis Objects into Tidy Data Frames},
  author = {David Robinson},
  year = {2017},
  note = {R package version 0.4.2},
  url = {https://CRAN.R-project.org/package=broom},
}

@Manual{janitor,
  title = {janitor: Simple Tools for Examining and Cleaning Dirty Data},
  author = {Sam Firke},
  year = {2016},
  note = {R package version 0.2.1},
  url = {https://CRAN.R-project.org/package=janitor},
}

@Manual{tidyr,
  title = {tidyr: Easily Tidy Data with 'spread()' and 'gather()' Functions},
  author = {Hadley Wickham},
  year = {2017},
  note = {R package version 0.6.1},
  url = {https://CRAN.R-project.org/package=tidyr},
}

@inproceedings{mckinney2010data,
  title={Data structures for statistical computing in {P}ython},
  author={McKinney, Wes and others},
  booktitle={Proceedings of the 9th Python in Science Conference},
  volume={445},
  pages={51--56},
  year={2010},
  organization={van der Voort S, Millman J}
}

@Manual{rJava,
  title = {rJava: Low-Level R to Java Interface},
  author = {Simon Urbanek},
  year = {2016},
  note = {R package version 0.9-8},
  url = {https://CRAN.R-project.org/package=rJava},
}

@Manual{reticulate,
  author = {JJ Allaire and Kevin Ushey and Yuan Tang and Dirk Eddelbuettel},
  title = {reticulate: R Interface to Python},
  year = {2017},
  url = {https://github.com/rstudio/reticulate},
}

@Manual{tokenizers,
  title = {tokenizers: A Consistent Interface to Tokenize Natural Language Text},
  author = {Lincoln Mullen},
  year = {2016},
  note = {R package version 0.1.4},
  url = {https://CRAN.R-project.org/package=tokenizers},
}

@article{pedregosa2011scikit,
  title={Scikit-learn: Machine learning in Python},
  author={Pedregosa, Fabian and Varoquaux, Ga{\"e}l and Gramfort, Alexandre and Michel, Vincent and Thirion, Bertrand and Grisel, Olivier and Blondel, Mathieu and Prettenhofer, Peter and Weiss, Ron and Dubourg, Vincent and others},
  journal={Journal of Machine Learning Research},
  volume={12},
  number={Oct},
  pages={2825--2830},
  year={2011}
}

@article{hellmann2012nif,
  title={NIF: An ontology-based and linked-data-aware {NLP} Interchange Format},
  author={Hellmann, Sebastian and Lehmann, Jens and Auer, S{\"o}ren},
  journal={Working Draft},
  year={2012},
  publisher={Citeseer}
}

@inproceedings{lapponi2014off,
  title={Off-Road LAF: Encoding and Processing Annotations in {NLP} Workflows.},
  author={Lapponi, Emanuele and Velldal, Erik and Oepen, Stephan and Knudsen, Rune Lain},
  booktitle={LREC},
  pages={4578--4584},
  year={2014}
}

@inproceedings{buchholz2006conll,
  title={CoNLL-X shared task on multilingual dependency parsing},
  author={Buchholz, Sabine and Marsi, Erwin},
  booktitle={Proceedings of the Tenth Conference on Computational Natural Language Learning},
  pages={149--164},
  year={2006},
  organization={Association for Computational Linguistics}
}

@article{baldridge2005opennlp,
  title={The open{NLP} project},
  author={Baldridge, Jason},
  journal={URL: http://opennlp. apache. org/index. html,(accessed 2 February 2012)},
  year={2005}
}

@article{petrov2016announcing,
  title={Announcing {S}yntax{N}et: The worldâ€™s most accurate parser goes open source},
  author={Petrov, Slav},
  journal={Google Research Blog, May},
  volume={12},
  pages={2016},
  year={2016}
}

@inproceedings{schifanella2016detecting,
  title={Detecting Sarcasm in Multimodal Social Platforms},
  author={Schifanella, Rossano and de Juan, Paloma and Tetreault, Joel and Cao, Liangliang},
  booktitle={Proceedings of the 2016 ACM on Multimedia Conference},
  pages={1136--1145},
  year={2016},
  organization={ACM}
}

@inproceedings{gaikwad2016multiclass,
  title={Multiclass mood classification on Twitter using lexicon dictionary and machine learning algorithms},
  author={Gaikwad, Govin and Joshi, Deepali J},
  booktitle={Inventive Computation Technologies (ICICT), International Conference on},
  volume={1},
  pages={1--6},
  year={2016},
  organization={IEEE}
}

@article{kabbara2016stylistic,
  title={Stylistic Transfer in Natural Language Generation Systems Using Recurrent Neural Networks},
  author={Kabbara, Jad and Cheung, Jackie Chi Kit},
  journal={EMNLP 2016},
  pages={43},
  year={2016}
}

@InProceedings{honnibal,
  author    = {Honnibal, Matthew  and  Johnson, Mark},
  title     = {An Improved Non-monotonic Transition System for Dependency Parsing},
  booktitle = {Proceedings of the 2015 Conference on Empirical Methods in Natural Language Processing},
  month     = {September},
  year      = {2015},
  address   = {Lisbon, Portugal},
  publisher = {Association for Computational Linguistics},
  pages     = {1373--1378},
  url       = {https://aclweb.org/anthology/D/D15/D15-1162}
}


@inproceedings{ide2001common,
  title={A common framework for syntactic annotation},
  author={Ide, Nancy and Romary, Laurent},
  booktitle={Proceedings of the 39th Annual Meeting on Association for Computational Linguistics},
  pages={306--313},
  year={2001},
  organization={Association for Computational Linguistics}
}

@Manual{arnold2016,
  title = {core{NLP}: Wrappers Around Stanford Core{NLP} Tools},
  author = {Taylor Arnold and Lauren Tilton},
  year = {2016},
  note = {R package version 0.4-2},
}

@Manual{NLP,
  title = {{NLP}: Natural Language Processing Infrastructure},
  author = {Kurt Hornik},
  year = {2016},
  note = {R package version 0.1-9},
  url = {https://CRAN.R-project.org/package=NLP},
}

@Manual{rStanfordCoreNLP,
  title = {Stanford{C}ore{NLP}},
  author = {Kurt Hornik},
  year = {2016},
  note = {R package version 0.1-1},
  url = {http://datacube.wu.ac.at/src/contrib/},
}

@article{tm,
  title={Text mining infrastructure in {R}},
  author={Ingo Feinerer and Kurt Hornik and David Meyer},
  journal={Journal of statistical software},
  volume={25},
  number={5},
  pages={1--54},
  year={2008},
  publisher={American Statistical Association},
  url={https://doi.org/10.18637/jss.v025.i05}
}

@Manual{openNLP,
  title = {openNLP: Apache OpenNLP Tools Interface},
  author = {Kurt Hornik},
  year = {2016},
  note = {R package version 0.2-6},
  url = {https://CRAN.R-project.org/package=openNLP},
}

@Manual{wordnet,
  title = {wordnet: WordNet Interface},
  author = {Ingo Feinerer and Kurt Hornik and Mike Wallace},
  year = {2016},
  note = {R package version 0.1-9},
  url = {https://CRAN.R-project.org/package=wordnet},
}

@Manual{RWeka,
  title={RWeka: An {R} interface to Weka},
  author={Kurt Hornik and Zeileis, A and Hothorn, T and Buchta, C},
  year={2016},
  note={R package version  0.4-29},
  url= {https://CRAN.R-project.org/package=RWeka},
}

@Manual{tau,
  title = {tau: Text Analysis Utilities},
  author = {Christian Buchta and Kurt Hornik and Ingo Feinerer and David Meyer},
  year = {2015},
  note = {R package version 0.0-18},
  url = {https://CRAN.R-project.org/package=tau},
}

@Manual{stringi,
  title = {R package stringi: Character string processing facilities},
  author = {Marek Gagolewski and Bartek Tartanus},
  year = {2016},
  url = {http://www.gagolewski.com/software/stringi/},
}

@article{wickham2010stringr,
  title={stringr: modern, consistent string processing},
  author={Wickham, Hadley},
  journal={The R Journal},
  volume={2},
  number={2},
  pages={38--40},
  year={2010}
}

@Article{topicmodels,
  title = {{topicmodels}: An {R} Package for Fitting Topic Models},
  author = {Bettina Gr\"un and Kurt Hornik},
  journal = {Journal of Statistical Software},
  year = {2011},
  volume = {40},
  number = {13},
  pages = {1--30},
  url = {https://doi.org/10.18637/jss.v040.i13},
}

@Manual{lsa,
  title = {lsa: Latent Semantic Analysis},
  author = {Fridolin Wild},
  year = {2015},
  note = {R package version 0.73.1},
  url = {https://CRAN.R-project.org/package=lsa},
}

@Article{tidytext,
  title = {tidytext: Text Mining and Analysis Using Tidy Data Principles in {R}},
  author = {Julia Silge and David Robinson},
  year = {2016},
  publisher = {The Open Journal},
  volume = {1},
  number = {3},
  journal = {The Journal of Open Source Software},
  url = {https://doi.org/10.21105/joss.00037},
}

@Manual{lda,
  title = {lda: Collapsed {G}ibbs Sampling Methods for Topic Models},
  author = {Jonathan Chang},
  year = {2015},
  note = {R package version 1.4.2},
  url = {https://CRAN.R-project.org/package=lda},
}

@inproceedings{manning2014stanford,
  title={The {S}tanford {C}ore{NLP} Natural Language Processing Toolkit.},
  author={Manning, Christopher D and Surdeanu, Mihai and Bauer, John and Finkel, Jenny Rose and Bethard, Steven and McClosky, David},
  booktitle={ACL (System Demonstrations)},
  pages={55--60},
  year={2014}
}

@article{jiang2016evaluating,
  title={Evaluating and Combining Named Entity Recognition Systems},
  author={Jiang, Ridong and Banchs, Rafael E and Li, Haizhou},
  journal={ACL 2016},
  pages={21},
  year={2016},
  url={https://doi.org/10.18653/v1/w16-2703}
}

@book{arnold2015humanities,
  title={Humanities Data in {R}},
  author={Arnold, Taylor and Tilton, Lauren},
  year={2015},
  publisher={Springer}
}

@Manual{spacyr,
  title = {spacyr: R Wrapper to the spaCy NLP Library},
  author = {Kenneth Benoit and Akitaka Matsuo},
  note = {R package version 0.9.0},
  year={2017},
  url = {http://github.com/kbenoit/spacyr},
}

@Manual{sotu,
  title = {State of the Union Addresses and Messages},
  author={Peters, Gerhard},
  year = {2016},
  url = {http://www.presidency.ucsb.edu/sou.php},
}

@Manual{ud,
  title = {Universal Dependencies},
  author={Marie de Marneffe and Filip Ginter and Yoav Goldberg and Jan Hajic and Chris Manning and Ryan McDonald and Joakim Nivre and Slav Petrov and Sampo Pyysalo and Natalia Silveira and Reut Tsarfaty and Dan Zeman},
  url = {http://universaldependencies.org/},
  year = {2016}
  }

@inproceedings{de2014universal,
  title={Universal {S}tanford dependencies: A cross-linguistic typology.},
  author={De Marneffe, Marie-Catherine and Dozat, Timothy and Silveira, Natalia and Haverinen, Katri and Ginter, Filip and Nivre, Joakim and Manning, Christopher D},
  booktitle={LREC},
  volume={14},
  pages={4585--92},
  year={2014}
}

@inproceedings{toutanova2000enriching,
  title={Enriching the knowledge sources used in a maximum entropy part-of-speech tagger},
  author={Toutanova, Kristina and Manning, Christopher D},
  booktitle={Proceedings of the 2000 Joint SIGDAT conference on Empirical methods in natural language processing and very large corpora: held in conjunction with the 38th Annual Meeting of the Association for Computational Linguistics-Volume 13},
  pages={63--70},
  year={2000},
  organization={Association for Computational Linguistics}
}

@inproceedings{toutanova2003feature,
  title={Feature-rich part-of-speech tagging with a cyclic dependency network},
  author={Toutanova, Kristina and Klein, Dan and Manning, Christopher D and Singer, Yoram},
  booktitle={Proceedings of the 2003 Conference of the North American Chapter of the Association for Computational Linguistics on Human Language Technology-Volume 1},
  pages={173--180},
  year={2003},
  organization={Association for Computational Linguistics}
}

@inproceedings{chen2014fast,
  title={A Fast and Accurate Dependency Parser using Neural Networks.},
  author={Chen, Danqi and Manning, Christopher D},
  booktitle={EMNLP},
  pages={740--750},
  year={2014}
}

@inproceedings{green2011multiword,
  title={Multiword expression identification with tree substitution grammars: A parsing tour de force with french},
  author={Green, Spence and De Marneffe, Marie-Catherine and Bauer, John and Manning, Christopher D},
  booktitle={Proceedings of the Conference on Empirical Methods in Natural Language Processing},
  pages={725--735},
  year={2011},
  organization={Association for Computational Linguistics}
}

@inproceedings{rafferty2008parsing,
  title={Parsing three {G}erman treebanks: Lexicalized and unlexicalized baselines},
  author={Rafferty, Anna N and Manning, Christopher D},
  booktitle={Proceedings of the Workshop on Parsing German},
  pages={40--46},
  year={2008},
  organization={Association for Computational Linguistics}
}

@inproceedings{recasens2013life,
  title={The Life and Death of Discourse Entities: Identifying Singleton Mentions.},
  author={Recasens, Marta and de Marneffe, Marie-Catherine and Potts, Christopher},
  booktitle={HLT-NAACL},
  pages={627--633},
  year={2013}
}

@article{lee2013deterministic,
  title={Deterministic coreference resolution based on entity-centric, precision-ranked rules},
  author={Lee, Heeyoung and Chang, Angel and Peirsman, Yves and Chambers, Nathanael and Surdeanu, Mihai and Jurafsky, Dan},
  journal={Computational Linguistics},
  volume={39},
  number={4},
  pages={885--916},
  year={2013},
  publisher={MIT Press},
  url={https://doi.org/10.1162/coli_a_00152}
}

@inproceedings{lee2011stanford,
  title={Stanford's multi-pass sieve coreference resolution system at the {CoNLL}-2011 shared task},
  author={Lee, Heeyoung and Peirsman, Yves and Chang, Angel and Chambers, Nathanael and Surdeanu, Mihai and Jurafsky, Dan},
  booktitle={Proceedings of the Fifteenth Conference on Computational Natural Language Learning: Shared Task},
  pages={28--34},
  year={2011},
  organization={Association for Computational Linguistics}
}

@inproceedings{raghunathan2010multi,
  title={A multi-pass sieve for coreference resolution},
  author={Raghunathan, Karthik and Lee, Heeyoung and Rangarajan, Sudarshan and Chambers, Nathanael and Surdeanu, Mihai and Jurafsky, Dan and Manning, Christopher},
  booktitle={Proceedings of the 2010 Conference on Empirical Methods in Natural Language Processing},
  pages={492--501},
  year={2010},
  organization={Association for Computational Linguistics}
}

@inproceedings{finkel2005incorporating,
  title={Incorporating non-local information into information extraction systems by {G}ibbs sampling},
  author={Finkel, Jenny Rose and Grenager, Trond and Manning, Christopher},
  booktitle={Proceedings of the 43rd Annual Meeting on Association for Computational Linguistics},
  pages={363--370},
  year={2005},
  organization={Association for Computational Linguistics}
}

@inproceedings{socher2013recursive,
  title={Recursive deep models for semantic compositionality over a sentiment treebank},
  author={Socher, Richard and Perelygin, Alex and Wu, Jean Y and Chuang, Jason and Manning, Christopher D and Ng, Andrew Y and Potts, Christopher},
  booktitle={Proceedings of the conference on empirical methods in natural language processing (EMNLP)},
  volume={1631},
  pages={1642},
  year={2013},
  organization={Citeseer}
}

@article{angeli2015leveraging,
  title={Leveraging linguistic structure for open domain information extraction},
  author={Angeli, Gabor and Premkumar, Melvin Johnson and Manning, Christopher D},
  journal={Linguistics},
  number={24},
  year={2015}
}

@book{codd1990relational,
  title={The relational model for database management: version 2},
  author={Codd, Edgar F},
  year={1990},
  publisher={Addison-Wesley Longman Publishing Co., Inc.}
}

@article{wickham2014tidy,
  title={Tidy Data},
  author={Wickham, Hadley},
  journal={Journal of Statistical Software},
  volume={59},
  number={i10},
  year={2014},
  publisher={Foundation for Open Access Statistics},
  url={https://doi.org/10.18637/jss.v059.i10}
}

@article{eder2016stylometry,
  title={Stylometry with R: A Package for Computational Text Analysis},
  author={Eder, Maciej and Kestemont, Mike and Rybicki, Jan},
  journal={The R Journal},
  volume={16},
  number={1},
  pages={1--15},
  year={2016}
}
