@Article{huang:2017,
  author = {K. Huang and M. Yeomans and A. W. Brooks and J. Minson and F. Gino},
  journal = {Journal of Personality and Social Psychology},
  number = {3},
  pages = {430-452},
  title = {It Doesn't Hurt to Ask: Question-Asking Increases Liking},
  volume = {113},
  year = {2017},
}

@Article{mcfarland:2013,
  author = {D. McFarland and D. Jurafsky and R. Ranganath},
  journal = {American Journal of Sociology},
  number = {6},
  pages = {1596-1649},
  title = {Making the Connection: Social Bonding in Courtship Situations.},
  volume = {118},
  year = {2013},
}

@Article{ranganath:2009,
  author = {R. Ranganath and D. Jurafsky and D. McFarland},
  journal = {Proceedings of the 2009 Conference on Empirical Methods in Natural Language Processing},
  number = {1},
  pages = {334-342},
  title = {It's Not You, It's Me: Detecting Flirting and Its Misperception in Speed-Dates.},
  volume = {1},
  year = {2009},
}

@Article{meyer:2008,
  author = {D. Meyer and K. Hornik and I. Feinerer},
  journal = {Journal of statistical software},
  number = {5},
  pages = {1-54},
  title = {Text Mining Infrastructure in R},
  volume = {25},
  year = {2008},
}

@Article{jeong:2018,
  author = {M. Jeong and J. Minson and M. Yeomans and F. Gino},
  journal = {Working Paper},
  title = {Communicating Warmth in Distributive Negotiations Is Surprisingly Counter-Productive.},
  year = {2018},
}

@Book{manning:1999,
  author = {C. Manning and H. Schütze},
  publisher = {MIT Press},
  title = {Foundations of Statistical Natural Language Processing},
  year = {1999},
}

@Article{grimmer:2013,
  author = {J. Grimmer and B. Stewart},
  journal = {Political Analysis},
  number = {3},
  pages = {267-297},
  title = {Text as Data: The Promise and Pitfalls of Automatic Content Analysis.},
  volume = {21},
  year = {2013},
}

@Book{jurafsky:2014,
  author = {D. Jurafsky and J. Martin},
  publisher = {Pearson},
  title = {Speech and Language Processing},
  year = {2014},
}

@Article{goffman:1967,
  author = {E. Goffman},
  journal = {Interaction Rituals},
  pages = {5-45},
  title = {On Face-Work},
  year = {1967},
}

@Manual{R,
  address = {Vienna, Austria},
  author = {{R Core Team}},
  note = {{ISBN} 3-900051-07-0},
  organization = {R Foundation for Statistical Computing},
  title = {R: A Language and Environment for Statistical Computing},
  url = {https://www.R-project.org/},
  year = {2016},
}

@Article{ihaka:1996,
  author = {Ross Ihaka and Robert Gentleman},
  journal = {Journal of Computational and Graphical Statistics},
  number = {3},
  pages = {299--314},
  title = {R: A Language for Data Analysis and Graphics},
  url = {https://doi.org/10.1080/10618600.1996.10474713},
  volume = {5},
  year = {1996},
}

@Article{danescu:2013,
  archiveprefix = {arXiv},
  author = {Cristian Danescu-Niculescu-Mizil and Moritz Sudhof and Dan Jurafsky and Jure Leskovec and Christopher Potts},
  bibsource = {dblp computer science bibliography, http://dblp.org},
  biburl = {http://dblp.org/rec/bib/journals/corr/Danescu-Niculescu-MizilSJLP13},
  eprint = {1306.6078},
  journal = {CoRR},
  title = {A Computational Approach to Politeness with Application to Social Factors},
  url = {http://arxiv.org/abs/1306.6078},
  volume = {abs/1306.6078},
  year = {2013},
}

@Article{brown:1987,
  address = {New York, NY, US},
  author = {Penelope Brown and Stephen C Levinson},
  journal = {Studies in interactional sociolinguistics},
  publisher = {Cambridge University Press},
  title = {Politeness: Some Universals in Language Usage},
  url = {http://psycnet.apa.org/record/1987-97641-000},
  volume = {4},
  year = {1987},
}

@Article{voigt:2017,
  author = {Rob Voigt and Nicholas P. Camp and Vinodkumar Prabhakaran and William L. Hamilton and Rebecca C. Hetey and Camilla M. Griffiths and David Jurgens and Dan Jurafsky and Jennifer L. Eberhardt},
  eprint = {http://www.pnas.org/content/114/25/6521.full.pdf},
  issn = {0027-8424},
  journal = {Proceedings of the National Academy of Sciences},
  number = {25},
  pages = {6521--6526},
  publisher = {National Academy of Sciences},
  title = {Language from Police Body Camera Footage Shows Racial Disparities in Officer Respect},
  volume = {114},
  year = {2017},
  url = {https://doi.org/10.1073/pnas.1702413114},
}

@Book{lakoff:1973,
  author = {R. T. Lakoff},
  pages = {292--305},
  publisher = {Chicago Linguistic Society},
  title = {The Logic of Politeness: Minding Your P's and Q's},
  url = {https://books.google.com/books?id=DfWfNAAACAAJ},
  year = {1973},
}

@InProceedings{honnibal:2015,
  address = {Lisbon, Portugal},
  author = {Matthew Honnibal and Mark Johnson},
  booktitle = {Proceedings of the 2015 Conference on Empirical Methods in Natural Language Processing},
  pages = {1373--1378},
  publisher = {Association for Computational Linguistics},
  title = {An Improved Non-Monotonic Transition System for Dependency Parsing},
  url = {https://aclweb.org/anthology/D/D15/D15-1162},
  year = {2015},
}

@Manual{spacyr,
  author = {Kenneth Benoit and Akitaka Matsuo},
  note = {R package version 0.9.2},
  title = {\pkg{spacyr}: Wrapper to the 'spaCy' 'NLP' Library},
  url = {https://CRAN.R-project.org/package=spacyr},
  year = {2017},
}

@Article{glmnet,
  author = {Jerome Friedman and Trevor Hastie and Robert Tibshirani},
  journal = {Journal of Statistical Software},
  pages = {1--22},
  title = {Regularization Paths for Generalized Linear Models via Coordinate Descent},
  url = {http://www.jstatsoft.org/v33/i01/},
  volume = {33(1)},
  year = {2010},
}

@Misc{textir-OLD,
  author = {Matt Taddy},
  eprint = {arXiv:1012.2098},
  title = {Multinomial Inverse Regression for Text Analysis},
  year = {2013},
}



@article{textir,
author = { Matt   Taddy },
title = {Multinomial Inverse Regression for Text Analysis},
journal = {Journal of the American Statistical Association},
volume = {108},
number = {503},
pages = {755-770},
year  = {2013},
publisher = {Taylor & Francis},
doi = {10.1080/01621459.2012.734168},

URL = {
        https://doi.org/10.1080/01621459.2012.734168

},
eprint = {
        https://doi.org/10.1080/01621459.2012.734168

}

}



@Manual{datatable,
  author = {Matt Dowle and Arun Srinivasan},
  note = {R package version 1.10.4-3},
  title = {Data.table: Extension of `data.frame`},
  url = {https://CRAN.R-project.org/package=data.table},
  year = {2017},
}

@Manual{quanteda-OLD,
  author = {Kenneth Benoit and Kohei Watanabe and Paul Nulty and Adam Obeng and Haiyan Wang and Benjamin Lauderdale and Will Lowe},
  note = {R package version 0.9.9-65},
  title = {Quanteda: Quantitative Analysis of Textual Data},
  url = {http://quanteda.io},
  year = {2017},
}

@Article{quanteda,
  title = {quanteda: An R package for the quantitative analysis of textual data},
  journal = {Journal of Open Source Software},
  author = {Kenneth Benoit and Kohei Watanabe and Haiyan Wang and Paul Nulty and Adam Obeng and Stefan Müller and Akitaka Matsuo},
  doi = {10.21105/joss.00774},
  url = {https://quanteda.io},
  volume = {3},
  number = {30},
  pages = {774},
  year = {2018},
}