@Article{BRE3191,
  author = {Marcelle Chauvet},
  title = {A Monthly Indicator of Brazilian GDP},
  journal = {Brazilian Review of Econometrics},
  volume = {21},
  number = {1},
  year = {2001},
  pages = {1--47},
  url = {https://doi.org/10.12660/bre.v21n12001.3191},
}

@Article{giannoneetal2008,
  title = {Nowcasting: The Real-Time Informational Content of Macroeconomic Data},
  author = {Domenico Giannone and Lucrezia Reichlin and David Small},
  journal = {Journal of Monetary Economics},
  volume = {55},
  number = {4},
  pages = {665--676},
  year = {2008},
  publisher = {Elsevier},
  url = {https://doi.org/10.1016/j.jmoneco.2008.05.010},
}

@Article{stockwatson2006,
  title = {Forecasting with Many Predictors},
  author = {James H Stock and Mark W Watson},
  journal = {Handbook of economic forecasting},
  volume = {1},
  pages = {515--554},
  year = {2006},
  publisher = {Elsevier},
  url = {https://doi.org/10.1016/s1574-0706(05)01010-4},
}

@Article{fornietal2004,
  title = {The Generalized Dynamic Factor Model Consistency and Rates},
  author = {Mario Forni and Marc Hallin and Marco Lippi and Lucrezia Reichlin},
  journal = {Journal of Econometrics},
  volume = {119},
  number = {2},
  pages = {231--255},
  year = {2004},
  publisher = {Elsevier},
  url = {https://doi.org/10.1016/s0304-4076(03)00196-9},
}

@Article{stockwatson2011,
  title = {Dynamic Factor Models},
  author = {James H Stock and Mark Watson},
  journal = {Oxford Handbook on Economic Forecasting},
  year = {2011},
  publisher = {Oxford University Press},
}

@Article{baing2007,
  title = {Determining the Number of Primitive Shocks in Factor Models},
  author = {Jushan Bai and Serena Ng},
  journal = {Journal of Business \& Economic Statistics},
  volume = {25},
  number = {1},
  pages = {52--60},
  year = {2007},
  publisher = {Taylor & Francis},
  url = {https://doi.org/10.1198/073500106000000413},
}

@Article{baing2002,
  title = {Determining the Number of Factors in Approximate Factor Models},
  author = {Jushan Bai and Serena Ng},
  journal = {Econometrica},
  volume = {70},
  number = {1},
  pages = {191--221},
  year = {2002},
  publisher = {John Wiley \& Sons},
  url = {https://doi.org/10.1111/1468-0262.00273},
}

@Article{banburaetal2011,
  title = {Nowcasting},
  author = {Marta Banbura and Domenico Giannone and Lucrezia Reichlin},
  journal = {Oxford Handbook on Economic Forecasting},
  year = {2011},
  publisher = {Oxford University Press},
}

@Article{castleetal2009,
  title = {Nowcasting Is Not Just Contemporaneous Forecasting},
  author = {Jennifer L Castle and Nicholas WP Fawcett and David F Hendry},
  journal = {National Institute Economic Review},
  volume = {210},
  number = {1},
  pages = {71--89},
  year = {2009},
  publisher = {SAGE Publications Sage UK: London, England},
  url = {https://doi.org/10.1177/0027950109354412},
}

@Article{marianomurasawa2003,
  title = {A New Coincident Index of Business Cycles Based on Monthly and Quarterly Series},
  author = {Roberto S Mariano and Yasutomo Murasawa},
  journal = {Journal of applied Econometrics},
  volume = {18},
  number = {4},
  pages = {427--443},
  year = {2003},
  publisher = {John Wiley \& Sons},
  url = {https://doi.org/10.1002/jae.695},
}

@Article{aruobaetal2009,
  title = {Real-Time Measurement of Business Conditions},
  author = {S Borağan Aruoba and Francis X Diebold and Chiara Scotti},
  journal = {Journal of Business \& Economic Statistics},
  volume = {27},
  number = {4},
  pages = {417--427},
  year = {2009},
  publisher = {Taylor \& Francis},
  url = {https://doi.org/10.1198/jbes.2009.07205},
}

@Article{boivinng2006,
  title = {Are More Data Always Better for Factor Analysis?},
  author = {Jean Boivin and Serena Ng},
  journal = {Journal of Econometrics},
  volume = {132},
  number = {1},
  pages = {169--194},
  year = {2006},
  publisher = {Elsevier},
  url = {https://doi.org/10.1016/j.jeconom.2005.01.027},
}

@Article{isslernotini2016,
  title = {Estimating Brazilian Monthly GDP: a State-Space Approach},
  author = {João Victor Issler and Hilton Hostalacio Notini},
  journal = {Revista Brasileira de Economia},
  volume = {70},
  number = {1},
  pages = {41--59},
  year = {2016},
  publisher = {SciELO Brasil},
  url = {https://doi.org/10.5935/0034-7140.20160003 },
}

@Article{gaglianoneetal2017,
  title = {Applying a Microfounded-Forecasting Approach to Predict Brazilian Inflation},
  author = {Wagner Piazza Gaglianone and João Victor Issler and Silvia Maria Matos},
  journal = {Empirical Economics},
  volume = {53},
  number = {1},
  pages = {137--163},
  year = {2017},
  publisher = {Springer-Verlag},
  url = {https://doi.org/10.13140/rg.2.1.5137.7527},
}

@Article{banburarunstler2011,
  title = {A Look into the Factor Model Black Box: Publication Lags and the Role of Hard and Soft Data in Forecasting GDP},
  author = {Marta Bańbura and Gerhard Rünstler},
  journal = {International Journal of Forecasting},
  volume = {27},
  number = {2},
  pages = {333--346},
  year = {2011},
  publisher = {Elsevier},
  url = {https://doi.org/10.1016/j.ijforecast.2010.01.011},
}

@Article{banburamodugno2014,
  title = {Maximum Likelihood Estimation of Factor Models on Datasets with Arbitrary Pattern of Missing Data},
  author = {Marta Bańbura and Michele Modugno},
  journal = {Journal of Applied Econometrics},
  volume = {29},
  number = {1},
  pages = {133--160},
  year = {2014},
  publisher = {John Wiley \& Sons},
  url = {https://doi.org/10.1002/jae.2306},
}

@Manual{nowcasting,
  title = {Nowcasting: Predicting Economic Variables Using Dynamic Factor Models},
  author = {Daiane Marcolino Mattos and Pedro Costa Ferreira and Serge {de Valk} and Guilherme Branco Gomes},
  year = {2019},
  note = {R package version 1.1.1},
  url = {https://CRAN.R-project.org/package=nowcasting},
}

@TechReport{dagostino2006,
  author = {Antonello D'Agostino and Giannone Domenico and Paolo Surico},
  title = {{(Un)Predictability and Macroeconomic Stability}},
  year = {2006},
  institution = {Central Bank of Ireland},
  type = {Research Technical Papers},
  url = {https://ideas.repec.org/p/cbi/wpaper/5-rt-06.html},
  number = {5/RT/06},
}

@Article{marcelino2003,
  title = {Macroeconomic Forecasting in the Euro Area: Country Specific versus Area-Wide Information},
  author = {Massimiliano Marcellino and James Stock and Mark Watson},
  year = {2003},
  journal = {European Economic Review},
  volume = {47},
  number = {1},
  pages = {1-18},
  url = {https://doi.org/10.1016/s0014-2921(02)00206-4},
}

@TechReport{angelini2008,
  author = {Elena Angelini and Gonzalo Camba-Mendez and Domenico Giannone and Lucrezia Reichlin and Gerhard Rünstler},
  title = {{Short-Term Forecasts of Euro Area GDP Growth}},
  year = {2008},
  institution = {ULB -- Universite Libre de Bruxelles},
  type = {Working Papers ECARES},
  url = {https://ideas.repec.org/p/eca/wpaper/2008_035.html},
  number = {ECARES 2008-035},
}

@TechReport{vanetal2008,
  title = {Short-Term Forecasting of GDP Using Large Monthly Datasets: a Pseudo Real-Time Forecast Evaluation Exercise},
  author = {Christophe {Van Nieuwenhuyze} and Karsten Ruth and António Rua and Piotr Jelonek and Audrone Jakaitiene and Ard {Den Reijer} and Riccardo Cristadoro and Gerhard Rünstler and Szilard Benk and Karim Barhoumi},
  year = {2008},
  institution = {European Central Bank},
  type = {Occasional Paper Series},
  number = {84},
  url = {https://doi.org/10.1002/for.1105},
}

@TechReport{dagostino2008,
  title = {Now-Casting Irish GDP},
  author = {Antonello D'Agostino and Kieran McQuinn and Derry O'Brien},
  year = {2008},
  institution = {Central Bank of Ireland},
  type = {Research Technical Papers},
  number = {9/RT/08},
  url = {https://doi.org/10.1787/19952899},
}

@Article{mat2010,
  author = {Troy D. Matheson},
  title = {{An Analysis of the Informational Content of New Zealand Data Releases: The Importance of Business Opinion Surveys}},
  journal = {Economic Modelling},
  year = {2010},
  volume = {27},
  number = {1},
  pages = {304-314},
  url = {https://doi.org/10.1016/j.econmod.2009.09.010},
}

@Article{as2012,
  author = {Knut Are Aastveit and Tørres Trovik},
  title = {Nowcasting Norwegian GDP: The Role of Asset Prices in a Small Open Economy},
  journal = {Empirical Economics},
  year = {2012},
  day = {01},
  volume = {42},
  number = {1},
  pages = {95--119},
  issn = {1435-8921},
  url = {https://doi.org/10.1007/s00181-010-0429-9},
}

@TechReport{dah2017,
  title = {Nowcasting BRIC+M in Real Time},
  author = {Tatjana Dahlhaus and Justin-Damien Guenette and Garima Vasishtha},
  year = {2015},
  institution = {Bank of Canada},
  type = {Staff Working Papers},
  url = {https://doi.org/10.1016/j.ijforecast.2017.05.002},
}

@Book{stock2016,
  title = {Dynamic Factor Models, Factor-Augmented Vector Autoregressions, and Structural Vector Autoregressions in Macroeconomics},
  author = {J. H. Stock and M. W. Watson},
  year = {2016},
  chapter = {Chapter 8},
  pages = {415-525},
  volume = {2},
  publisher = {Elsevier},
  url = {https://doi.org/10.1016/bs.hesmac.2016.04.002},
}

@Book{koopman2012,
  title = {Time Series Analysis by State Space Methods},
  author = {James Durbin and Siem Jan Koopman},
  year = {2012},
  edition = {2},
  publisher = {Oxford University Press},
  url = {https://EconPapers.repec.org/RePEc:oxp:obooks:9780199641178},
}

@Article{fkR,
  author = {Fernando Tusell},
  title = {Kalman Filtering in R},
  journal = {Journal of Statistical Software, Articles},
  volume = {39},
  number = {2},
  year = {2011},
  issn = {1548-7660},
  pages = {1--27},
  url = {https://doi.org/10.18637/jss.v039.i02},
}

@Article{banbura_modugno_2014,
  title = {Maximum Likelihood Estimation Of Factor Models On Datasets With Arbitrary Pattern Of Missing Data},
  volume = {29},
  number = {1},
  journal = {Journal of Applied Econometrics},
  author = {Marta Bańbura and Michele Modugno},
  year = {2014},
  pages = {133–160},
  url = {https://doi.org/10.1002/jae.2306},
}
