@Article{originalHealpix,
  author    = {Gorski, Krzysztof M and Hivon, Eric and Banday, AJ and Wandelt, Benjamin D and Hansen, Frode K and Reinecke, Mstvos and Bartelmann, Matthia},
  title     = {HEALPix: a framework for high-resolution discretization and fast analysis of data distributed on the sphere},
  journal   = {The Astrophysical Journal},
  year      = {2005},
  volume    = {622},
  number    = {2},
  pages     = {759-771},
  publisher = {IOP Publishing},
url = {https://doi.org/10.1086/427976}
}

@Article{[39],
  author    = {Calabretta, Mark R and Roukema, Boudewijn F},
  title     = {Mapping on the HEALPix grid},
  journal   = {Monthly Notices of the Royal Astronomical Society},
  year      = {2007},
  volume    = {381},
  number    = {2},
  pages     = {865--872},
  publisher = {The Royal Astronomical Society},
	url = {https://doi.org/10.1111/j.1365-2966.2007.12297.x}
}


@book{fisher,
 place={Cambridge}, 
title={Statistical Analysis of Spherical Data},
 isbn={978-0521456999},
publisher={Cambridge University Press}, 
author={Fisher, N. I. and Lewis, T. and Embleton, B. J. J.}, 
address       = {Cambridge},
year={1987}}

@book{mardia,
  title={Directional Statistics},
  author={Mardia, K.V. and Jupp, P.E.},
  isbn={9780470317815},
  year={2009},
  publisher={Wiley}
}


@Article{[65],
  author  = {Hurier, G and Douspis, M and Aghanim, N and Pointecouteau, E and Diego, JM and Macias-Perez, JF},
  title   = {Cosmological constraints from the observed angular cross-power spectrum between {S}unyaev-{Z}el’dovich and X-ray surveys},
  journal = {Astronomy and Astrophysics},
  year    = {2015},
  volume  = {576},
  number  = {A90},
  pages   = {1-11},
url = {https://doi.org/10.1051/0004-6361/201425555}
}


@Article{[66],
  author    = {Durrer, Ruth},
  title     = {The cosmic microwave background: the history of its experimental investigation and its significance for cosmology},
  journal   = {Classical and Quantum Gravity},
  year      = {2015},
  volume    = {32},
  number    = {12},
  publisher = {IOP Publishing},
url = {https://doi.org/10.1088/0264-9381/32/12/124007}
}



@article{leonenko2018,
author = "Leonenko, Nikolai and Taqqu, Murad and Terdik, Gyorgy",
fjournal = "Electronic Journal of Statistics",
journal = "Electron. J. Statist.",
number = "2",
pages = "3114--3146",
publisher = "The Institute of Mathematical Statistics and the Bernoulli Society",
title = "Estimation of the covariance function of {G}aussian isotropic random fields on spheres, related {R}osenblatt-type distributions and the cosmic variance problem",
url = {https://doi.org/10.1214/18-EJS1473},
volume = "12",
year = "2018"
}

@article{leonenko2013,
author = {Leonenko, Nikolai and Shieh, Narn-Rueih},
title = {R\'{e}nyi Function for Multifractal Random Fields},
journal = {Fractals},
volume = {21},
number = {02},
pages = {1350009(1-13)},
year = {2013},
URL = {https://doi.org/10.1142/S0218348X13500096},
}

@article{leonenko2020,
author = {Leonenko, Nikolai and Nanayakkara, Ravindi and Olenko, Andriy},
title = {Analysis of Spherical Monofractal and Multifractal Random Fields with Cosmological Applications},
journal = {arXiv},
volume = {},
number = {2004.14522},
pages = {1-30},
year = {2020},
URL = {https://arxiv.org/abs/2004.14522},
}

@Article{[68],
  author    = {Adam, R and Ade, PAR and Aghanim, N and Akrami, Y and Alves, MIR and Arg{\"u}eso, F and Arnaud, M and Arroja, F and Ashdown, M and Aumont, J and others},
  title     = {Planck 2015 results-{I}. {O}verview of products and scientific results},
  journal   = {Astronomy and Astrophysics},
  year      = {2016},
  volume    = {594},
  number     = {A1},
 pages   = {1-38},
  publisher = {EDP Sciences},
url = {https://doi.org/10.1051/0004-6361/201527101}
}

@Article{[69],
  author    = {Bennett, Charles L and Halpern, M and Hinshaw, G and Jarosik, N and Kogut, A and Limon, M and Meyer, SS and Page, L and Spergel, DN and Tucker, GS and others},
  title     = {First-Year {W}ilkinson {M}icrowave {A}nisotropy {P}robe {(WMAP)} Observations: {P}reliminary Maps and Basic Results},
  journal   = {The Astrophysical Journal Supplement Series},
  year      = {2003},
  volume    = {148},
  number    = {1},
  pages     = {1-27},
  publisher = {IOP Publishing},
url = {https://doi.org/10.1086/377253}
}

@Article{[70],
  author    = {Efstathiou, G and Bond, JR and White, SDM},
  title     = {{COBE} background radiation anisotropies and large-scale structure in the universe},
  journal   = {Monthly Notices of the Royal Astronomical Society},
  year      = {1992},
  volume    = {258},
  number    = {1},
  pages     = {1P–6P},
  publisher = {Oxford University Press},
url = {https://doi.org/10.1093/mnras/258.1.1P'}
}


@book{marinucci_peccati_2011,
 author={Marinucci, Domenico and Peccati, Giovanni},
 title={Random Fields on the Sphere: Representation, Limit Theorems and Cosmological Applications},
 place={Cambridge},
 publisher={Cambridge University Press},
address       = {Cambridge},
 isbn={9780521175616},
 year={2011}
 }

@book{Yadrenko,
      author        = "Yadrenko, Mikhail Iosifovich",
      title         = "{Spectral Theory of Random Fields}",
      publisher     = "Optimization Software",
      address       = "New York",
 isbn={0911575006},
      year          = "1983"
}

@article{gneiting2013,
author = "Gneiting, Tilmann",
fjournal = "Bernoulli",
journal = "Bernoulli",
month = "09",
number = "4",
pages = "1327--1349",
title = "Strictly and non-strictly positive definite functions on spheres",
url = "https://doi.org/10.3150/12-BEJSP06",
volume = "19",
year = "2013"
}
%------------------------------------------some packages-------------------------
  @Manual{rcosmo,
    title = {rcosmo: Cosmic Microwave Background Data Analysis},
    author = {Daniel Fryer and Andriy Olenko and Ming Li and Yuguang Wang},
    year = {2020},
    note = {R package version 1.1.2},
    url = {https://CRAN.R-project.org/package=rcosmo},
  }

 @Article{RandomFields,
    title = {Analysis, Simulation and Prediction of Multivariate Random Fields with Package {RandomFields}},
    author = {Martin Schlather and Alexander Malinowski and Peter J. Menck and Marco Oesting and Kirstin Strokorb},
    journal = {Journal of Statistical Software},
    year = {2015},
    volume = {63},
    number = {8},
    pages = {1--25},
    url = {http://www.jstatsoft.org/v63/i08/},
  }

  @Book{sp,
    author = {Roger S. Bivand and Edzer Pebesma and Virgilio
      Gomez-Rubio},
    title = {Applied spatial data analysis with {R}, Second edition},
    year = {2013},
    publisher = {Springer, NY},
   isbn = {9781461476184},
  }

@article{SpherWave,
  title={SpherWave: An R Package for Analyzing Scattered Spherical Data by Spherical Wavelets},
  author={Oh, Hee-Seok and Kim, Donghoh},
  journal={The Newsletter of the R Project Volume},
  volume={7},
  year={2007}
}



@Manual{sphereplot,
    title = {sphereplot: Spherical plotting},
    author = {Aaron Robotham},
    year = {2013},
    note = {R package version 1.5},
    url = {https://CRAN.R-project.org/package=sphereplot},
}

@Manual{VecStatGraphs3D,
    title = {VecStatGraphs3D: Vector analysis using graphical and analytical methods in 3D},
    author = {Angel Felic{\'\i}simo and Juan Carlos Ruiz Cuetos and Maria Eugenia Polo Garc{\'\i}a and Aurora Cuartero and Pablo Garcia Rodriguez},
    year = {2014},
    note = {R package version 1.6},
    url = {https://CRAN.R-project.org/package=VecStatGraphs3D},
}


@Manual{geoR,
    title = {geoR: Analysis of Geostatistical Data},
    author = {Paulo J. {Ribeiro Jr} and Peter J. Diggle},
    year = {2018},
    note = {R package version 1.7-5.2.1},
    url = {https://CRAN.R-project.org/package=geoR},
}


@Manual{Directional,
    title = {Directional: Directional Statistics},
    author = {Michail Tsagris and Giorgos Athineou and Anamul Sajib and Eli Amson and Micah J. Waldstein},
    year = {2019},
    note = {R package version 3.7},
    url = {https://CRAN.R-project.org/package=Directional},
}


@Manual{SphericalCubature,
    title = {SphericalCubature: Numerical Integration over Spheres and Balls in n-Dimensions; Multivariate Polar Coordinates},
    author = {John P. Nolan and American University},
    year = {2017},
    note = {R package version 1.4},
    url = {https://CRAN.R-project.org/package=SphericalCubature},
}

@Manual{gensphere,
    title = {gensphere: Generalized Spherical Distributions},
    author = {John P Nolan},
    year = {2017},
    note = {R package version 1.1},
    url = {https://CRAN.R-project.org/package=gensphere},
}



@Manual{geosphere,
    title = {geosphere: Spherical Trigonometry},
    author = {Robert J. Hijmans},
    year = {2017},
    note = {R package version 1.5-7},
    url = {https://CRAN.R-project.org/package=geosphere},
}

@Manual{geosphere2,
  title={Spherical data analysis with R},
  author={Robert J. Hijmans},
  year={2019},
  url = {https://rspatial.org/sphere/sphere.pdf},
}

@Manual{sm,
    title = {{R} package \texttt{sm}: nonparametric smoothing methods (version 2.2-5.6)},
    author = {A. W. Bowman and A. Azzalini},
    address = {University of Glasgow, UK and Universit\`a di Padova, Italia},
    year = {2018},
    url = {http://www.stats.gla.ac.uk/~adrian/sm/},
}


@Manual{cosmoFns,
    title = {cosmoFns: Functions for cosmological distances, times, luminosities, etc.},
    author = {Andrew Harris},
    year = {2012},
    note = {R package version 1.0-1},
    url = {https://CRAN.R-project.org/package=cosmoFns},
}

@Manual{CRAC,
    title = {CRAC: Cosmology R Analysis Code},
    author = {Jiayi Liu},
    year = {2014},
    note = {R package version 1.0},
    url = {https://CRAN.R-project.org/package=CRAC},
}


@Manual{FITSio,
    title = {FITSio: FITS (Flexible Image Transport System) Utilities},
    author = {Andrew Harris},
    year = {2016},
    note = {R package version 2.1-0},
    url = {https://CRAN.R-project.org/package=FITSio},
}

@article{spider,
    title = {{SPIDER}: an {R} package for the analysis of species identity and evolution, with particular reference to {DNA} barcoding},
    author = {Samuel D. J. Brown and Rupert A. Collins and Stephane Boyer and Marie-Caroline Lefort and Jagoba Malumbres-Olarte and Cor J. Vink and Robert H. Cruickshank},
    journal = {Molecular Ecology Resources},
    year = {2012},
    volume = {12},
    pages = {562--565},
url = { https://doi.org/10.1111/j.1755-0998.2011.03108.x}
}

@Manual{rgl,
    title = {rgl: 3D Visualization Using OpenGL},
    author = {Daniel Adler and Duncan Murdoch and {others}},
    year = {2018},
    note = {R package version 0.99.16},
    url = {https://CRAN.R-project.org/package=rgl},
}
@Manual{SphericalK,
    title = {SphericalK: Spherical K-Function},
    author = {Scott Robeson and Ao Li and Chunfeng Huang},
    year = {2015},
    note = {R package version 1.2},
    url = {https://CRAN.R-project.org/package=SphericalK},
}

@article{CircNNTSR,
    title = {{CircNNTSR}: An {R} Package for the Statistical Analysis of Circular, Multivariate Circular, and Spherical Data Using Nonnegative Trigonometric Sums},
    author = {Juan Jos\'e Fern\'andez-Dur\'an and Mar\'ia Mercedes Gregorio-Dom\'{\i}inguez},
    journal = {Journal of Statistical Software},
    year = {2016},
    volume = {70},
    number = {6},
    pages = {1--19},
    url= {https://doi.org/10.18637/jss.v070.i06},
}


@incollection{olenko2,
  author      = "Daniel Fryer and Andriy Olenko",
  title       = "Spherical Data Handling and Analysis with {R} package rcosmo",
  editor      = "H. Nguyen",
  booktitle   = "Statistics and Data Science. RSSDS 2019",
  publisher   = "Springer",
  address     = "Singapore",
  year        = 2019,
  pages       = {211--225},
  url= {https://doi.org/10.1007/978-981-15-1960-4_15},
}

@Manual{astro,
    title = {astro: Astronomy Functions, Tools and Routines},
    author = {Lee Kelvin},
    year = {2014},
    note = {R package version 1.2},
    url = {https://CRAN.R-project.org/package=astro},
}

 @Manual{microbenchmark,
    title = {microbenchmark: Accurate Timing Functions},
    author = {Olaf Mersmann},
    year = {2018},
    note = {R package version 1.4-6},
    url = {https://CRAN.R-project.org/package=microbenchmark},
  }
  
  
@Manual{mmap,
  title        = {mmap: {R} interface to {POSIX} mmap and Window's {MapViewOfFile}},
  author       = {Jeffrey A. Ryan},
  year         = {2018},
  note         = {R package Version 0.6-15},
  organisation = {CRAN},
}