% This file was created with JabRef 2.9.2.
% Encoding: Cp1252

@INCOLLECTION{Altman2008,
  author = {Altman, Micah},
  title = {A Fingerprint Method for Scientific Data Verification},
  booktitle = {Advances in Computer and Information Sciences and Engineering},
  publisher = {Springer Netherlands},
  year = {2008},
  editor = {Sobh, Tarek},
  chapter = {57},
  pages = {311----316},
  address = {Netherlands},
  doi = {10.1007/978-1-4020-8741-7\_57},
  isbn = {978-1-4020-8740-0},
  keywords = {dvn},
  owner = {Thomas},
  timestamp = {2013.12.11},
  url = {http://link.springer.com/chapter/10.1007/978-1-4020-8741-7\_57}
}

@ARTICLE{Altmanetal2001,
  author = {Altman, Micah and Andreev, Leonid and Diggory, Mark and King, Gary
	and Sone, Akio and Verba, Sidney and Kiskis, Daniel L. and Krot,
	Michael},
  title = {A Digital Library for the Dissemination and Replication of Quantitative
	Social Science Research: The Virtual Data Center},
  journal = {Social Science Computer Review},
  year = {2001},
  volume = {19},
  pages = {458--470},
  number = {4},
  file = {C:/Users/Thomas/Documents/Library/Altman et al (SSCR, 2001).pdf:pdf},
  keywords = {digital library, dvn, open-source, quantitative data, replication},
  owner = {Thomas},
  timestamp = {2013.12.11}
}

@ARTICLE{AltmanKing2007,
  author = {Altman, Micah and King, Gary},
  title = {A Proposed Standard for the Scholarly Citation of Quantitative Data},
  journal = {D-Lib Magazine},
  year = {2007},
  volume = {13},
  pages = {1},
  number = {3/4},
  doi = {doi:10.1045/march2007-altman},
  file = {C:/Users/Thomas/Documents/Library/Altman, King (2001).pdf:pdf},
  keywords = {dvn},
  owner = {Thomas},
  timestamp = {2013.12.11},
  url = {http://www.dlib.org/dlib/march07/altman/03altman.html}
}

@MANUAL{rfigshare,
  title = {{rfigshare}: an R interface to figshare.com},
  author = {Boettiger, Carl and Chamberlain, Scott and Ram, Karthik and Hart,
	Edmund},
  year = {2013},
  note = {R package version 0.2-6},
  owner = {Thomas},
  timestamp = {2014.02.19},
  url = {http://cran.fhcrc.org/web/packages/rfigshare/index.html}
}

@ARTICLE{Boyer2003,
  author = {Boyer, Mark A.},
  title = {Symposium on Replication in International Studies Research},
  journal = {International Studies Perspecives},
  year = {2003},
  volume = {4},
  pages = {72--107},
  file = {C:/Users/Thomas/Documents/Library/ISP Symposium (2003).pdf:pdf},
  keywords = {dvn},
  owner = {Thomas},
  timestamp = {2013.12.11}
}

@MANUAL{rdryad,
  title = {{rdryad}: Interface to the API for Dryad},
  author = {Chamberlain, Scott and Boettiger, Carl and Ram, Karthik},
  year = {2013},
  note = {R package version 0.1.1},
  owner = {Thomas},
  timestamp = {2014.02.19},
  url = {http://cran.r-project.org/web/packages/rdryad/index.html}
}

@ARTICLE{Gandrud2013a,
  author = {Gandrud, Christopher},
  title = {GitHub: A Tool for Social Data Development and Verification in the
	Cloud},
  journal = {The Political Methodologist},
  year = {2013},
  volume = {20},
  pages = {7--16},
  number = {2},
  keywords = {dvn},
  owner = {Thomas},
  timestamp = {2013.12.11},
  url = {http://polmeth.wustl.edu/methodologist/tpm\_v20\_n2.pdf}
}

@BOOK{Gandrud2013b,
  title = {Reproducible Research with R and RStudio},
  publisher = {Chapman and Hall/CRC},
  year = {2013},
  author = {Gandrud, Christopher},
  address = {Boca Raton, FL},
  isbn = {9781466572843},
  keywords = {dvn},
  owner = {Thomas},
  timestamp = {2013.12.11}
}

@UNPUBLISHED{GentlemanTempleLang2004,
  author = {Gentleman, Robert and {Temple Lang}, Duncan},
  title = {Bioconductor Project Statistical Analyses and Reproducible Statistical
	Analyses and Reproducible},
  note = {Unpublished paper},
  year = {2004},
  file = {C:/Users/Thomas/Documents/Library/Gentleman, Temple Lang (Working paper, 2004).pdf:pdf},
  keywords = {dvn},
  owner = {Thomas},
  series = {Bioconductor Project Working Papers},
  timestamp = {2013.12.11}
}

@MANUAL{OAIHarvester,
  title = {{OAIHarvester}: Harvest Metadata Using OAI-PMH v2.0},
  author = {Hornik, Kurt},
  year = {2013},
  note = {R package version 0.1-6},
  owner = {Thomas},
  timestamp = {2014.02.19},
  url = {http://cran.r-project.org/web/packages/OAIHarvester/index.html}
}

@ARTICLE{King2007,
  author = {King, Gary},
  title = {An Introduction to the {Dataverse Network} as an Infrastructure for
	Data Sharing},
  journal = {Sociological Methods \& Research},
  year = {2007},
  volume = {36},
  pages = {173--199},
  number = {2},
  month = nov,
  doi = {10.1177/0049124107306660},
  file = {C:/Users/Thomas/Documents/Library/King (SMR, 2007).pdf:pdf},
  issn = {0049-1241},
  keywords = {data archiving, data sharing, dvn, informatics, statistical analysis,
	virtual hosting},
  owner = {Thomas},
  timestamp = {2013.12.11},
  url = {http://smr.sagepub.com/cgi/doi/10.1177/0049124107306660}
}

@ARTICLE{King1995,
  author = {King, Gary},
  title = {Replication, Replication},
  journal = {PS: Political Science \& Politics},
  year = {1995},
  volume = {28},
  pages = {444--451},
  number = {3},
  month =  sep ,
  file = {C:/Users/Thomas/Documents/Library/King (PS, 1995).pdf:pdf},
  keywords = {dvn},
  owner = {Thomas},
  timestamp = {2013.12.11}
}

@MANUAL{UNF,
  title = {{UNF}: Tools for creating universal numeric fingerprints for data},
  author = {Leeper, Thomas J.},
  organization = {Aarhus University},
  address = {Aarhus, Denmark},
  year = {2013},
  note = {R package version 0.1},
  owner = {Thomas},
  timestamp = {2014.02.19},
  url = {https://github.com/leeper/UNF}
}

@ARTICLE{Leisch2002,
  author = {Leisch, Friedrich},
  title = {Sweave: Dynamic Generation of Statistical Reports Using Literate
	Data Analysis},
  journal = {Compstat 2002 - Proceedings in Computational Statistics},
  year = {2002},
  pages = {575----580},
  number = {69},
  file = {C:/Users/Thomas/Documents/Library/Leisch (Report, 2002).pdf:pdf},
  isbn = {3790815179},
  keywords = {dvn},
  owner = {Thomas},
  timestamp = {2013.12.11},
  url = {http://www.stat.uni-muenchen.de/~leisch/Sweave/}
}

@MANUAL{rDrop,
  title = {{rDrop}: Programmatic interface to Dropbox},
  author = {Ram, Karthik},
  year = {2012},
  note = {R package version 0.3-0},
  owner = {Thomas},
  timestamp = {2014.02.19},
  url = {https://github.com/karthik/rDrop}
}

@MANUAL{rgithub,
  title = {{rgithub}: R bindings for the Github API},
  author = {Scheidegger, Carlos},
  year = {2013},
  note = {R package version 0.9.5},
  owner = {Thomas},
  timestamp = {2014.02.19},
  url = {https://github.com/cscheid/rgithub}
}

@ARTICLE{Stodden2009,
  author = {Stodden, Victoria},
  title = {Enabling Reproducible Research: Licensing for Scientific Innovation},
  journal = {International Journal of Communications Law \& Policy},
  year = {2009},
  volume = {13},
  pages = {1--25},
  file = {C:/Users/Thomas/Documents/Library/Stodden (IJCLP, 2009).pdf:pdf},
  keywords = {dvn},
  owner = {Thomas},
  timestamp = {2013.12.11}
}

@MANUAL{TempleLang2012a,
  title = {{RCurl}: General network ({HTTP}/{FTP}/...) client interface for
	{R}},
  author = {Temple Lang, Duncan},
  year = {2012},
  keywords = {dvn, MTurkR},
  owner = {Thomas},
  publisher = {R package version 1.91-1.1},
  timestamp = {2013.12.11},
  url = {http://cran.r-project.org/web/packages/RCurl/index.html}
}

@MANUAL{TempleLang2012b,
  title = {{XML}: Tools for parsing and generating {XML} within {R} and {S-Plus}},
  author = {Temple Lang, Duncan},
  year = {2012},
  keywords = {dvn, MTurkR},
  owner = {Thomas},
  publisher = {R package version 3.9-4.1},
  timestamp = {2013.12.11},
  url = {http://cran.r-project.org/package=XML}
}

@MISC{Xie2013,
  author = {Xie, Yihue},
  title = {knitr: A General-Purpose Package for Dynamic Report Generation in
	R},
  year = {2013},
  keywords = {dvn},
  owner = {Thomas},
  timestamp = {2013.12.11},
  url = {http://cran.r-project.org/web/packages/knitr/index.html}
}


