@Article{betareg,
  author =	 {Cribari-Neto, F. and Zeileis, A.},
  title =	 {Beta Regression in {R}},
  journal =	 {Journal of Statistical Software},
  year =	 2010,
  volume =	 34,
  number =	 2,
  pages =	 {1--24}
}

@PhdThesis{phd,
  author =	 {Cepeda-Cuervo, E.},
  title =	 {Modelagem da variabilidade em modelos lineares
                  generalizados},
  school =	 {Instituto de Matem\'{a}ticas, Universidade Federal
                  de Rio de Janeiro},
  year =	 2001
}

@Article{politics,
  author =	 {Paolino, P. },
  title =	 {Maximum likelihood estimation of models with
                  beta-distributed dependent variables },
  journal =	 {Political Analysis},
  volume =	 9,
  number =	 4,
  year =	 2001,
  pages =	 {325--346}
}

@Article{L2,
  author =	 {Lindley, D. V.  and Smith, A. F. M.},
  title =	 {Bayes Estimates for the Linear Model},
  journal =	 {Journal of the Royal Statistical Society: Series B},
  volume =	 34,
  number =	 1,
  year =	 1972,
  pages =	 {1--41}
}

@Article{L1,
  author =	 {Park, T. and Casella, G.},
  title =	 {Bayesian Lasso},
  journal =	 {Journal of the American Statistical Association},
  volume =	 103,
  number =	 482,
  year =	 2008,
  pages =	 {681--686}
}

@Article{slice,
  author =	 {Neal, R. M.},
  title =	 {Slice Sampling},
  journal =	 {Annals of Statistics},
  volume =	 31,
  number =	 3,
  year =	 2003,
  pages =	 {705--767}
}

@Article{dic,
  author =	 {Spiegelhalter, D. J. and Best, N. G. and Carlin,
                  B. P. and van der Linde, A.},
  title =	 {Bayesian measures of model complexity and fit (with
                  discussion)},
  journal =	 {Journal of the Royal Statistical Society, Series B},
  volume =	 64,
  number =	 4,
  year =	 2002,
  pages =	 {583--639}
}

@Article{cepeda,
  author =	 {Cepeda-Cuervo, E.},
  title =	 {Beta Regression Models: Joint Mean and Variance
                  Modeling},
  journal =	 {Journal of Statistical Theory and Practice},
  volume =	 9,
  number =	 1,
  year =	 2015,
  pages =	 {134--145}
}

@Article{betareg2,
  author =	 {Gr\"{u}n, B. and Kosmidis, I. and Zeileis, A.},
  title =	 {Extended Beta Regression in {R}: Shaken, Stirred,
                  Mixed, and Partitioned.},
  journal =	 {Journal of Statistical Software},
  year =	 2012,
  volume =	 48,
  number =	 11,
  pages =	 {1--25}
}

@Manual{betareg.pkg,
  title =	 {Beta Regression for Rates and Proportions},
  author =	 {Achim Zeileis and Francisco Cribari-Neto and Bettina
                  Gr\"{u}n and Ioannis Kosmidis and Alexandre B. Simas
                  and Andrea V. Rocha},
  year =	 2014,
  note =	 {R package version 3.0-5},
  url =		 {https://CRAN.R-project.org/package=betareg},
}

@Manual{bayesianbetareg,
  title =	 {Bayesianbetareg: Bayesian Beta Regression: Joint
                  Mean and Precision Modeling},
  author =	 {Margarita Marin and Javier Rojas and Daniel Jaimes
                  and Hugo Andres Gutierrez Rojas and Edilberto
                  Cepeda-Cuervo},
  year =	 2014,
  note =	 {R package version 1.2},
  url =		 {https://CRAN.R-project.org/package=Bayesianbetareg},
}

@Manual{zoib,
  title =	 {zoib: Bayesian Inference for Beta Regression and
                  Zero/One Inflated Beta Regression},
  author =	 {Fang Liu and Yunchuan Kong},
  year =	 2014,
  note =	 {R package version 1.0},
  url =		 {https://CRAN.R-project.org/package=zoib},
}

@Article{ospina,
  author =	 {Rahdonal Ospina and Silvia L. Ferrari},
  title =	 {A general class of zero-or-one inflated beta
                  regression models},
  journal =	 {Computational Statistics \& Data Analysis},
  year =	 2012,
  volume =	 56,
  number =	 6,
  pages =	 {1609--1623}
}

@Article{finite.mixture,
  author =	 {Michael Smithson and Edgar C. Merkle and Jay
                  Verkuilen},
  title =	 {Beta Regression Finite Mixture Models of
                  Polarization and Priming},
  journal =	 {Journal of Educational and Behavioral Statistics},
  year =	 2011,
  volume =	 36,
  pages =	 {804--831}
}

@Article{bias,
  author =	 {Kosmidis, I and Firth, D},
  title =	 {A Generic Algorithm for Reducing Bias in Parametric
                  Estimation},
  journal =	 {Electronic Journal of Statistics},
  year =	 2010,
  volume =	 4,
  pages =	 {1097--1112}
}

@Article{liu,
  author =	 {Liu, F. and Li, Q.},
  title =	 {A {B}ayesian Model for Joint Analysis of Multivariate
                  Repeated Measures and Time to Event Data in
                  Crossover Trials},
  journal =	 {Statistics Methods in Medical Research},
  year =	 2014,
  doi =		 {10.1177/0962280213519594},
}

@Article{simas,
  author =	 {Simas, A.B. and Barreto-Souza, W. and Rocha, A.V.},
  title =	 {Improved Estimators for a General Class of Beta
                  Regression Models},
  journal =	 {Computational Statistics \& Data Analysis},
  year =	 2010,
  volume =	 54,
  pages =	 {348--366}
}

@Article{smithson,
  author =	 {Smithson, M. and Verkuilen, J.},
  title =	 {A Better Lemon Squeezer? {M}aximum-Likelihood Regression
                  with Beta-Distributed Dependent Variables},
  journal =	 {Psychological Methods},
  year =	 2006,
  volume =	 11,
  pages =	 {54--71}
}

@Article{partition,
  author =	 {Zeileis, A. and Hothorn, T. and Hornik ,K.},
  title =	 {Model-Based Recursive Partitioning},
  journal =	 {Journal of Computational and Graphical Statisticss},
  year =	 2008,
  volume =	 17,
  pages =	 {492--514}
}

@Article{hurdle,
  author =	 {M.L. Dalrymplea and I.L. Hudsona and R.P.K. Ford},
  title =	 {Finite Mixture, Zero-inflated Poisson and Hurdle
                  models with application to SIDS},
  journal =	 {Computational Statistics \& Data Analysis},
  year =	 2003,
  volume =	 41,
  pages =	 {491--504}
}

@Article{gam,
  author =	 {Stasinopoulos, D.M. and Rigby, R.A.},
  title =	 {Generalized Additive Models for Location Scale and
                  Shape ({GAMLSS}) in {R}},
  journal =	 {Journal of Statistical Software},
  year =	 2007,
  volume =	 23,
  number =	 7,
  pages =	 {1--46}
}

@Book{glm,
  author =	 {McCullagh, P. and Nelder, J.A. },
  year =	 1989,
  title =	 {Generalized Linear Models},
  edition =	 {2nd},
  publisher =	 {Chapman \& Hall, London}
}

@Book{econ,
  author =	 {Griffiths, W.E. and Hill, R.C. and Judge, G.G.},
  year =	 1993,
  title =	 {Learning and Practicing Econometrics},
  publisher =	 {John Wiley \& Sons, New York.},
}

@incollection{mackay,
  editor =	 {Domany, E. and van Hemmen, J.L. and Schulten, K.},
  author =	 {MacKay, D.J.C.},
  title =	 {Bayesian Methods for back-propagation networks},
  booktitle =	 {Models of Neural Networks III: Association,
                  Generalization, and Representation},
  publisher =	 {Springer-Verlag, New York},
  year =	 1996,
  pages =	 {211--254}
}

@Book{neal,
  author =	 {Neal, R.},
  title =	 {Bayesian Learnings for Neural Networks},
  journal =	 {PhD thesis},
  year =	 1994,
  publisher =	 {University of Toronto, Canada},
}

@Article{gas,
  author =	 {Prater, N.H.},
  title =	 {Estimate Gasoline Yields from Crudes},
  journal =	 {Petroleum Refiner},
  year =	 1956,
  volume =	 35,
  pages =	 {236--238}
}

@Article{ando07,
  author =	 {Ando, Tomohir},
  title =	 {Bayesian predictive information criterion for the
                  evaluation of hierarchical {B}ayesian and empirical
                  {B}ayes models},
  journal =	 {Biometrika},
  year =	 2007,
  volume =	 94,
  pages =	 {443--458}
}

@Article{ando11,
  author =	 {Ando, Tomohir},
  title =	 {Predictive {B}ayesian model selection},
  journal =	 {American Journal of Mathematical and Management
                  Sciences},
  year =	 2011,
  volume =	 31,
  pages =	 {13--38}
}

@Article{beta,
  author =	 {Ferrari, S.L.P and Cribari-Neto, F.},
  title =	 {Beta Regression for Modelling Rates and Proportions},
  journal =	 {Journal of the Royal Statistical Society, Series B},
  year =	 2004,
  volume =	 31,
  pages =	 {799--815}
}

@Article{meng,
  author =	 { Barnard John and McCulloch Robert and Meng Xiao-Li},
  title =	 {Modeling covariance matrices in terms of standard
                  deviations and correlations, with application to
                  shrinkage},
  journal =	 {Statistics Sinica},
  year =	 2000,
  volume =	 10,
  number =	 4,
  pages =	 {1281--1311}
}

@Article{prentice,
  author =	 {Prentice, R.L.},
  title =	 {Binary Regression Using an Extended Beta-Binomial
                  Distribution, With Discussion of Correlation Induced
                  by Covariate Measurement},
  journal =	 {Journal of the American Statistical Association},
  year =	 1986,
  volume =	 81,
  pages =	 {321--327}
}

@Article{williams,
  author =	 {Williams, D.A.},
  title =	 {Extra Binomial Variation in Logistic Linear Models},
  journal =	 {Applied Statistics},
  year =	 1982,
  volume =	 31,
  pages =	 {144--148}
}

@Article{hatfield,
  author =	 {Hatfield, L.A. and Boye, M.E. and Hackshaw, M.D. and
                  Carlin, B.P.},
  title =	 {Models for Survival Times and Longitudinal
                  Patient-Reported Outcomes With Many Zeros},
  journal =	 {Journal of the American Statistical Association},
  year =	 2012,
  volume =	 107,
  pages =	 {875--885}
}

@Article{sas2012,
  author =	 {Swearingen, C.J. and Melguizo Castro, M.S.  and
                  Bursac, Z.},
  title =	 {Inflated Beta Regression: Zero, One, and Everything
                  in Between},
  journal =	 {SAS Global Forum 2012: Statistics and Data Analysis},
  year =	 2012,
  volume =	 {paper 325}
}

@Article{sas2011,
  author =	 {Swearingen, C.J. and Melguizo Castro, M.S.  and
                  Bursac, Z.},
  title =	 {Modeling Percentage Outcomes: The \%Beta\_Regression
                  Macro},
  journal =	 {SAS Global Forum 2011: Statistics and Data Analysis},
  year =	 2011,
  volume =	 {paper 335}
}

@Book{gupta,
  author =	 {Gupta, A. K. and Saraless, N. (Editor)},
  year =	 2004,
  title =	 {Handbook of Beta Distribution and Its Applications},
  publisher =	 {CRC Press, New York}
}

@Book{rose,
  author =	 {Rose, C. and Smith, M.D.},
  year =	 2002,
  title =	 {Mathematical Statistics with MATHEMATICA},
  publisher =	 {Springer}
}

@Book{jags,
  year =	 2014,
  author =	 {Plummer, M.},
  title =	 {JAGS},
  publisher =	 {\url{http://mcmc-jags.sourceforge.net/}}
}

@Book{rjags,
  author =	 {Plummer, M.  and Stukalov, A.},
  title =
                  {\url{https://CRAN.R-project.org/web/packages/rjags/rjags.pdf}}
}

@Article{psrf,
  author =	 {Gelman, A. and Rubin, D.B.},
  title =	 {Inference from iterative simulation using multiple
                  sequences},
  journal =	 {Statistical Science},
  year =	 1992,
  volume =	 7,
  number =	 4,
  pages =	 {457--511}
}

@Article{mpsrf,
  author =	 {Brooks, S.P. and Gelman, A},
  title =	 {General methods for monitoring convergence of
                  iterative simulations},
  journal =	 {Journal of Computational and Graphical Statistics},
  year =	 1998,
  volume =	 7,
  pages =	 {434--455}
}

@Article{gelman,
  author =	 {Gelman, A},
  title =	 {Prior distributions for variance parameters in
                  hierarchical models},
  journal =	 {Bayesian Analysis},
  year =	 2006,
  volume =	 1,
  pages =	 {515--533}
}

@Book{atkinson,
  author =	 "Atkinson, A.C.",
  year =	 1985,
  title =	 "Plots, Transformations and Regression: An
                  Introduction to Graphical Methods of Diagnostic
                  Regression Analysis",
  publisher =	 "New York: Oxford University Press"
}

@Article{iq,
  author =	 {Pammer, K. and Kevan, A. },
  title =	 {The Contribution of Visual Sensitivity, Phonological
                  Processing and Non-Verbal IQ to Children's Reading
                  (Unpublished manuscript )},
  journal =	 {The Australian National University, Canberra},
  year =	 2004
}

@Article{plummer2006coda,
  title =	 {{CODA}: Convergence Diagnosis and Output Analysis for
                  {MCMC}},
  author =	 {Martyn Plummer and Nicky Best and Kate Cowles and
                  Karen Vines},
  journal =	 {R News},
  year =	 2006,
  volume =	 6,
  number =	 1,
  pages =	 {7--11},
  url =		 {https://CRAN.R-project.org/doc/Rnews/},
  pdf =
                  {https://CRAN.R-project.org/doc/Rnews/Rnews_2006-1.pdf},
}

@Manual{plummer2014rjags,
  title =	 {rjags: Bayesian Graphical Models using MCMC},
  author =	 {Martyn Plummer},
  year =	 2014,
  note =	 {R package version 3-14},
  url =		 {https://CRAN.R-project.org/package=rjags},
}



