@article{DunsonXing2009JASA,

Author = {Dunson, D. B. and Xing, C.},

Year = {2009},

Title = {Nonparametric Bayes modeling of multivariate categorical data},

Journal = {Journal of the American Statistical Association},

Volume = {104},

Number = {487},

Pages = {1042--1051},

URL = {https://doi.org/10.1198/jasa.2009.tm08439}}



@article{SiReiter2013JEBS,

Author = {Si, Y. and Reiter, J. P.},

Year = {2013},
 
Title =  {Nonparametric {B}ayesian multiple imputation for incomplete categorical variables in large-scale assessment surveys}, 

Journal = {Journal of Educational and Behavioral Statistics},

Volume = {38}, 

Pages = {499--521},

URL = {https://doi.org/10.3102/1076998613480394}}


@article{AkandeLiReiter2017TAS,

Author = {Akande, O. and Li, F. and Reiter, J. P.},

Year = {2017},

Journal = {The American Statistician},

Title = {An empirical comparison of multiple imputation methods for categorical data},

Volume = {71},

Number = {2},

Pages = {162--170},

URL = {https://doi.org/10.1080/00031305.2016.1277158}}


@article{ManriqueReiter2014SM,

Author = {Manrique-Vallier, D. and Reiter, J. P.},

Journal = {Survey Methodology},

Year = {2014},

Title = {Bayesian multiple imputation for large-scale categorical data with structural zeros},

Volume = {40},

Number = {1},

Pages = {125--134},

URL = {https://www150.statcan.gc.ca/n1/en/catalogue/12-001-X201400114002}}


@article{Murray2018SS,

Author = {Murray, J. S.},

Year = {2018},

Journal = {Statistical Science},

Title = {Multiple imputation: a review of practical and theoretical findings},

Volume = {33},

Number = {2},

Pages = {142--149},

URL = {https://doi.org/10.1214/18-STS644}}



@incollection{HuReiterWang2014PSD,

Author = {Hu, J. and Reiter, J. P. and Wang, Q.},

Title = {Disclosure risk evaluation for fully synthetic categorical data},

Booktitle = {Privacy in Statistical Databases},

Publisher    = {Springer},

Year         = {2014},

Editor       = {Domingo-Ferrer, J.},

Volume = {8744},

Series = {Lecture Notes in Computer Science},

Pages = {185--199},

URL = {https://doi.org/10.1007/978-3-319-11257-2_15}}


@article{DrechslerHu2018,

Author = {Drechsler, J. and Hu, J.},

Year = {2021},

Title = {Synthesizing geocodes to facilitate access to detailed geographical information in large scale administrative data},

Journal = {Journal of Statistics and Survey Methodology},

Volume = {9},

Number = {3},

Pages = {523--548},

URL = {https://doi.org/10.1093/jssam/smaa035}}


@article{HuSavitsky2018,

Author = {Hu, J. and Savitsky, T.},

Year = {2018},

Title = {Bayesian data synthesis and disclosure risks quantification: an application to the Consumer Expenditure Surveys.},

Pages = {arXiv:1809.10074},

URL = {https://arxiv.org/abs/1809.10074}}



@article{ManriqueReiter2014JCGS,

Author = {Manrique-Vallier, D. and Reiter, J. P.},

Journal = {Journal of Computational and Graphical Statistics},

Year = {2014},

Title = {Bayesian estimation of discrete multivariate latent structure models with structural zeros},

Volume = {23},

Number = {4},

Pages = {1061--1079},

URL = {https://doi.org/10.1080/10618600.2013.844700}}



@article{ManriqueHu2018JRSSA,

Author = {Manrique-Vallier, D. and Hu, J.},

Journal = {Journal of the Royal Statistical Society, Series A},

Year = {2018},

Title = {Bayesian non-parametric generation of fully synthetic multivariate categorical data in the presence of structural zeros},

Volume = {181},

Number = {3},

Pages = {635--647},

URL = {https://doi.org/10.1111/rssa.12352}}


@incollection{HuHoshino2018PSD,
 
 Author = {Hu, J. and Hoshino, N.},

Booktitle = {Privacy in Statistical Databases},
 
 Year = {2018},
 
Title = {The {Q}uasi-{M}ultinomial synthesizer for categorical data.},

Editor       = {Domingo-Ferrer, J. and Montes, F.},

Volume = {11126},

Series = {Lecture Notes in Computer Science},

Pages = {75--91},

Publisher = {Springer},

URL = {https://doi.org/10.1007/978-3-319-99771-1_6}}



@article{Sethuraman1994SS,

Author = {Sethuraman, J.},

Year = {1994},

Title = {A constructive definition of Dirichlet priors},

Journal = {Statistica Sinica},

Volume = {4},

Number = {2},

Pages = {639--650},

URL = {www.jstor.org/stable/24305538}}


@article{IshwaranJames2001JASA,

Title = {Gibbs sampling methods for stick-breaking priors},

Author = {Ishwaran, H. and James, L. F.},

Journal = {Journal of the American Statistical Association},

Year = {2001},

Volume = {96},

Issue = {453},

Pages = {161--173},

URL = {https://doi.org/10.1198/016214501750332758}}


@book{Rubin1987,

Author = {Rubin, D. B.},

Title = {Multiple imputation for nonresponse in surveys},

Year = {1987},

Publisher = {John Wiley \& Sons},

Address = {New York, NY},

URL = {https://www.wiley.com/en-us/Multiple+Imputation+for+Nonresponse+in+Surveys-p-9780471655749}
}



@article{Rubin1993,

Title = {Discussion: Statistical Disclosure Limitation},

Author = {Rubin, D. B.},

Journal = {Journal of Official Statistics},

Year = {1993},

Volume = {9},

Number = {2},

Pages = {461--468}}



@article{Little1993,

Title = {Statistical Analysis of Masked Data},

Author = {Little, R. J. A.},

Journal = {Journal of Official Statistics},

Year = {1993},

Volume = {9},

Number = {2},

pages = {407--426}}



@article{ReiterRaghu2007JASA,

Title = {The Multiple Adaptations of Multiple Imputation},

Author = {Reiter, J. P. and Raghunathan, E.},

Journal = {Journal of the American Statistical Society},

Year = {2007},

Volume = {102},

Number = {480},

Pages = {1462--1471},

URL = {https://doi.org/10.1198/016214507000000932}}




@book{Drechsler2011book,

Author = {Drechsler, J.},

Title = {Synthetic datasets for statistical disclosure control},

Year = {2011},

Publisher = {Springer-Verlag},

URL = {https://www.springer.com/gp/book/9781461403258}
}


@article{Rubin1996,
	author = {Rubin, D. B.},
	title = {Multiple imputation after 18+ years},
	journal = {Journal of the American Statistical Association},
	year = {1996},
	volume = {91},
	number = {434},
	pages = {473--489},
	ULR = {https://www.jstor.org/stable/2291635}}


@article{HarelZhou2007,
	author = {Harel, O. and Zhou, X. H.},
	title = {Multiple imputation: review of theory, implementation and software},
	journal = {Statistics in Medicine},
	year = {2007},
	volume = {26},
	number = {16},
	pages = {3057--3077},
	URL = {https://doi.org/10.1002/sim.2787}}







@Book{Cameron+Trivedi:2013,
  author = {A. Colin Cameron and Pravin K. Trivedi},
  title = {Regression Analysis of Count Data},
  year = {2013},
  edition = {2nd},
  publisher = {Cambridge University Press},
  address = {Cambridge},
  URL = {https://www.cambridge.org/core/books/regression-analysis-of-count-data/2AB83B406C5798030F7C91ECC99B1BE4}
}

@Book{Chambers+Hastie:1992,
  editor = {John M. Chambers and Trevor J. Hastie},
  title = {Statistical Models in S},
  publisher = {Chapman \& Hall},
  year = {1992},
  address = {London},
  URL = {https://www.routledge.com/Statistical-Models-in-S/Chambers-Hastie/p/book/9780412830402}
}

@Manual{Jackman:2015,
  title = {\pkg{pscl}: Classes and Methods for R Developed in the Political Science Computational Laboratory, Stanford University},
  author = {Simon Jackman},
  year = {2015},
  note = {R package version 1.4.9},
  url = {https://CRAN.R-project.org/package=pscl},
}

@Article{Mullahy:1986,
  author = {John Mullahy},
  title = {Specification and Testing of Some Modified Count Data Models},
  year = {1986},
  journal = {Journal of Econometrics},
  volume = {33},
  number = {3},
  pages = {341--365},
  URL = {https://doi.org/10.1016/0304-4076(86)90002-3},
}

@Book{McCullagh+Nelder:1989,
  author = {Peter McCullagh and John A. Nelder},
  title = {Generalized Linear Models},
  edition = {2nd},
  year = {1989},
  publisher = {Chapman \& Hall},
  address = {London},
  URL = {https://doi.org/10.1007/978-1-4899-3242-6},
}

@Manual{R,
  title = {R: {A} Language and Environment for Statistical Computing},
  author = {R Core Team}},
  organization = {R Foundation for Statistical Computing},
  address = {Vienna, Austria},
  year = {2017},
  url = {https://www.R-project.org/},
}

@Article{Stasinopoulos+Rigby:2007,
  author = {D. Mikis Stasinopoulos and Robert A. Rigby},
  title = {Generalized Additive Models for Location Scale and Shape ({GAMLSS}) in R},
  journal = {Journal of Statistical Software},
  year = {2007},
  volume = {23},
  number = {7},
  pages = {1--46},
  ULR = {https://doi.org/10.18637/jss.v023.i07},
}

@Book{Venables+Ripley:2002,
  author = {William N. Venables and Brian D. Ripley},
  title = {Modern Applied Statistics with S},
  edition = {4th},
  year = {2002},
  pages = {495},
  publisher = {Springer-Verlag},
  address = {New York},
  ULR = {https://doi.org/10.1007/978-0-387-21706-2},
}

@Book{Wood:2006,
  author = {Simon N. Wood},
  title = {Generalized Additive Models: An Introduction with R},
  year = {2006},
  publisher = {Chapman \& Hall/CRC},
  address = {Boca Raton},
  URL = {https://www.routledge.com/Generalized-Additive-Models-An-Introduction-with-R-Second-Edition/Wood/p/book/9781498728331}
}

@Article{Yee:2009,
  author = {Thomas W. Yee},
  title = {The \pkg{VGAM} Package for Categorical Data Analysis},
  journal = {Journal of Statistical Software},
  year = {2010},
  volume = {32},
  number = {10},
  pages = {1--34},
  URL = {https://doi.org/10.18637/jss.v032.i10},
}

@Article{Zeileis+Kleiber+Jackman:2008,
  author = {Achim Zeileis and Christian Kleiber and Simon Jackman},
  title = {Regression Models for Count Data in R},
  journal = {Journal of Statistical Software},
  year = {2008},
  volume = {27},
  number = {8},
  pages = {1--25},
  URL = {https://doi.org/10.18637/jss.v027.i08},
}

@article{MICE,
	author = {Buuren, Stef and Groothuis-Oudshoorn, Catharina},
	year = {2011},
	month = {12},
	pages = {},
	title = {MICE: Multivariate Imputation by Chained Equations in R},
	volume = {45},
	journal = {Journal of Statistical Software},
	URL = {https://doi.org/10.18637/jss.v045.i03}
}

@article{Reiter2005CART,

Title = {Using {CART} to generate partially synthetic public use microdata},

Author = {Reiter, J. P.},

Journal = {Journal of Official Statistics},

Year = {2005},

Volume = {21},

pages = {441--462}}


@book{SDC2012,

Author = {Hundepool, A. and Domingo-Ferrer, J. and Franconi, L. and Giessing, S. and Nordhold, E. S. and Spicer, K. and de Wolf, P.},

Title = {Statistical Disclosure Control},

Year = {2012},

Publisher = {Wiley Series in Survey Methodology},

URL = {https://doi.org/10.1002/9781118348239}

}


@book{breiman:1984,
	author = {Breiman, L. and Friedman, J. H. and Olshen, R. A. and Stone, C. J.},
	title = {Classification and Regression Trees},
	Year = 1984,
	Publisher = {Belmont, CA: Wadsworh, Inc.},
	URL = {https://www.routledge.com/Classification-and-Regression-Trees/Breiman-Friedman-Stone-Olshen/p/book/9780412048418}
}


@article{burgreit10,
	author = {Burgette, L. and Reiter, J. P.},
	Journal = {American Journal of Epidemiology},
	Year = {2010},
	title = {Multiple imputation via sequential regression trees},
	Pages = {1070--1076},
	Volume = {172},
	Number = {9},
	URL = {https://doi.org/10.1093/aje/kwq260}}


@article{Doove:2014,
	author = {Doove, Lisa and Buuren, S. and Dusseldorp, Elise},
	year = {2014},
	month = {04},
	pages = {92–104},
	title = {Recursive partitioning for missing data imputation in the presence of interaction effects},
	volume = {72},
	journal = {Computational Statistics \& Data Analysis},
	URL= {https://doi.org/10.1016/j.csda.2013.10.025}
}

