@Article{aniart,
  title = {{animation}: An {R} Package for Creating Animations and Demonstrating Statistical Methods},
  author = {Yihui Xie},
  journal = {Journal of Statistical Software},
  year = {2013},
  volume = {53},
  number = {1},
  pages = {1--27},
  url = {http://www.jstatsoft.org/v53/i01/},
}

@Manual{anipkg,
  title = {animation: A Gallery of Animations in Statistics and Utilities to Create
Animations},
  author = {Yihui Xie and Christian Mueller and Lijia Yu and Weicheng Zhu},
  year = {2018},
  note = {R package version 2.6},
  url = {https://yihui.name/animation},
}

@Manual{ariExtra,
  title = {ariExtra: Tools for Creating Automated Courses},
  author = {John Muschelli},
  year = {2020},
  note = {R package version 0.2.7},
  url = {https://CRAN.R-project.org/package=ariExtra},
}

@Manual{rmarkdown,
  title = {{rmarkdown}: Dynamic Documents for {R}},
  author = {JJ Allaire and Yihui Xie and Jonathan McPherson and Javier Luraschi and Kevin Ushey and Aron Atkins and Hadley Wickham and Joe Cheng and Winston Chang and Richard Iannone},
  year = {2019},
  note = {R package version 1.12},
  url = {https://rmarkdown.rstudio.com},
}

@Manual{webshot,
  title = {{webshot}: Take Screenshots of Web Pages},
  author = {Winston Chang},
  year = {2018},
  note = {R package version 0.5.1},
  url = {https://CRAN.R-project.org/package=webshot},
}

@Manual{googleLanguageR,
  title = {{googleLanguageR}: Call {Google}'s 'Natural Language' {API}, 'Cloud Translation' {API},
'Cloud Speech' {API} and 'Cloud Text-to-Speech' {API}},
  author = {Mark Edmondson},
  note = {http://code.markedmondson.me/googleLanguageR/, https://github.com/ropensci/googleLanguageR},
  year = {2019},
}

@Manual{aws.polly,
  title = {{aws.polly}: Client for {AWS} {Polly}},
  author = {Thomas J. Leeper},
  year = {2017},
  note = {R package version 0.1.5},
}

@Manual{aws.signature,
  title = {{aws.signature}: {Amazon} Web Services Request Signatures},
  author = {Thomas J. Leeper},
  year = {2019},
  note = {R package version 0.5.1},
}

@Manual{tuneR,
  title = {{tuneR}: Analysis of Music and Speech},
  author = {Uwe Ligges and Sebastian Krey and Olaf Mersmann and Sarah Schnackenberg},
  year = {2018},
  url = {https://CRAN.R-project.org/package=tuneR},
}

@Manual{mscstts,
  title = {{mscstts}: {R} Client for the {Microsoft} Cognitive Services 'Text-to-Speech'
{REST} {API}},
  author = {John Muschelli},
  year = {2019},
  note = {R package version 0.5.1},
  url = {https://CRAN.R-project.org/package=mscstts},
}

@Book{rmarkdownbook,
  title = {{R} {Markdown}: The Definitive Guide},
  author = {Yihui Xie and J.J. Allaire and Garrett Grolemund},
  publisher = {Chapman and Hall/CRC},
  address = {Boca Raton, Florida},
  year = {2018},
  note = {ISBN 9781138359338},
  url = {https://bookdown.org/yihui/rmarkdown},
}

@Manual{xaringan,
  title = {{xaringan}: Presentation Ninja},
  author = {Yihui Xie},
  year = {2018},
  note = {R package version 0.8},
  url = {https://CRAN.R-project.org/package=xaringan},
}


  @Manual{text2speech,
    title = {{text2speech}: Text to Speech},
    author = {John Muschelli},
    year = {2019},
    note = {R package version 0.2.4},
    url = {https://github.com/muschellij2/text2speech},
  }


@article{van2016wavenet,
  title={{WaveNet}: A generative model for raw audio},
  author={Van Den Oord, A{\"a}ron and Dieleman, Sander and Zen, Heiga and Simonyan, Karen and Vinyals, Oriol and Graves, Alex and Kalchbrenner, Nal and Senior, Andrew W and Kavukcuoglu, Koray},
  journal={SSW},
  volume={125},
  year={2016}
}


@book{shakespeare2003romeo,
  title={{Romeo} and {Juliet}},
  author={Shakespeare, William},
  year={2003},
  publisher={Cambridge University Press}
}


  @Manual{rgoogleslides,
    title = {{rgoogleslides}: {R} Interface to {G}oogle {S}lides},
    author = {Hairizuan Bin Noorazman},
    year = {2018},
    note = {R package version 0.3.1},
    url = {https://CRAN.R-project.org/package=rgoogleslides},
  }

  @Manual{officer,
    title = {{officer}: Manipulation of {M}icrosoft {W}ord and {P}ower{P}oint Documents},
    author = {David Gohel},
    year = {2019},
    note = {R package version 0.3.5},
    url = {https://CRAN.R-project.org/package=officer},
  }


  @Manual{pdftools,
    title = {{pdftools}: Text Extraction, Rendering and Converting of {PDF} Documents},
    author = {Jeroen Ooms},
    year = {2019},
    note = {R package version 2.2},
    url = {https://CRAN.R-project.org/package=pdftools},
  }


  @Manual{readOffice,
    title = {{readOffice}: Read Text Out of Modern {Office} Files},
    author = {Mark Ewing},
    year = {2017},
    note = {R package version 0.2.2},
    url = {https://CRAN.R-project.org/package=readOffice},
  }

  @Manual{docxtractr,
    title = {{docxtractr}: Extract Data Tables and Comments from {Microsoft} {Word} Documents},
    author = {Bob Rudis and Chris Muir},
    note = {R package version 0.6.2},
    year = {2019},
    url = {http://gitlab.com/hrbrmstr/docxtractr},
  }
  
@inproceedings{Kross-2019,
 author = {Kross, Sean and Guo, Philip J.},
 title = {End-User Programmers Repurposing End-User Programming Tools to Foster Diversity in Adult End-User Programming Education},
 booktitle = {Proceedings of {VL/HCC} 2019: IEEE Symposium on Visual Languages and Human-Centric Computing},
 series = {{VL/HCC} '19},
 year = {2019},
 isbn = {978-1-4503-5886-6},
 location = {Memphis, TN, USA},
} 

@inproceedings{ChenLAS2019,
 author = {Chen, Charles and Guo, Philip J.},
 title = {Improv: Teaching Programming at Scale via Live Coding},
 booktitle = {Proceedings of the Sixth Annual ACM Conference on Learning at Scale},
 series = {L@S '19},
 year = {2019},
 numpages = {10},
 url = {https://doi.org/10.1145/3330430.3333627},
 publisher = {ACM},
 address = {New York, NY, USA},
}


@article{hsin2013short,
  title={Short videos improve student learning in online education},
  author={Hsin, Wen-Jung and Cigas, John},
  journal={Journal of Computing Sciences in Colleges},
  volume={28},
  number={5},
  pages={253--259},
  year={2013},
  publisher={Consortium for Computing Sciences in Colleges}
}


@article{hartsell2006video,
  title={Video streaming in online learning},
  author={Hartsell, Taralynn and Yuen, Steve Chi-Yin},
  journal={AACE Journal},
  volume={14},
  number={1},
  pages={31--43},
  year={2006},
  publisher={Association for the Advancement of Computing in Education (AACE)}
}
