@Article{gelfand1995bayesian,
  author = {A. E. Gelfand and B. K. Mallick},
  title = {Bayesian Analysis of Proportional Hazards Models Built from Monotone Functions},
  journal = {Biometrics},
  year = {1995},
  volume = {51},
  number = {3},
  pages = {843--852},
  url = {https://doi.org/10.2307/2532986},
}

@Article{geisser1979predictive,
  author = {S. Geisser and W. F. Eddy},
  title = {A Predictive Approach to Model Selection},
  journal = {Journal of the American Statistical Association},
  year = {1979},
  volume = {74},
  number = {365},
  pages = {153--160},
  url = {https://doi.org/10.2307/2286745},
}

@Article{celeux2006deviance,
  author = {G. Celeux and F. Forbes and C. P. Robert and D. M. Titterington},
  title = {Deviance Information Criteria for Missing Data Models},
  journal = {Bayesian Analysis},
  year = {2006},
  volume = {1},
  number = {4},
  pages = {651--673},
  url = {https://doi.org/10.1214/06-BA122},
}

@Article{spiegelhalter2002bayesian,
  author = {D. J. Spiegelhalter and N. G. Best and B. P. Carlin and A. {van der Linde}},
  title = {Bayesian Measures of Model Complexity and Fit},
  journal = {Journal of the Royal Statistical Society B},
  year = {2002},
  volume = {64},
  number = {4},
  pages = {583--639},
  url = {https://doi.org/10.1111/1467-9868.00353},
}

@Article{allignol2008,
  author = {A. Allignol and J. Beyersmann and M. Schumacher},
  title = {Mvna: {A}n {R} Package for the {Nelson-Aalen} Estimator in Multistate Models},
  journal = {R News},
  year = {2008},
  volume = {8},
  number = {2},
  pages = {48--50},
  url = {http://cran.r-project.org/doc/Rnews/Rnews_2008-2.pdf},
}

@Article{allignol2011,
  author = {A. Allignol and M. Schumacher and J. Beyersmann},
  title = {Empirical Transition Matrix of Multi-State Models: {T}he Etm Package},
  journal = {Journal of Statistical Software},
  year = {2011},
  volume = {38},
  number = {4},
  pages = {1--15},
  url = {https://doi.org/10.18637/jss.v038.i04},
}

@Article{araujo2014,
  author = {A. Araújo and L. Meira-Machado and J. Roca-Pardiñas},
  title = {{TPmsm}: {E}stimation of the Transition Probabilities in 3-State Models},
  journal = {Journal of Statistical Software},
  year = {2014},
  volume = {62},
  number = {4},
  pages = {1--29},
  url = {https://doi.org/10.18637/jss.v062.i04},
}

@Article{ferguson2012,
  author = {N. Ferguson and S. Datta and G. Brock},
  title = {{msSurv}: {A}n {R} Package for Nonparametric Estimation of Multistate Models},
  journal = {Journal of Statistical Software},
  year = {2012},
  volume = {50},
  number = {14},
  pages = {1--24},
  url = {https://doi.org/10.18637/jss.v050.i14},
}

@Article{jackson2016,
  author = {C. H. Jackson},
  title = {Flexsurv: {A} Platform for Parametric Survival Modeling in {R}},
  journal = {Journal of Statistical Software},
  year = {2016},
  volume = {70},
  number = {8},
  pages = {1--33},
  url = {https://doi.org/10.18637/jss.v070.i08},
}

@Article{jackson2011alv,
  author = {C. H. Jackson},
  title = {Multi-State Models for Panel Data: {T}he Msm Package for {R}},
  journal = {Journal of Statistical Software},
  year = {2011},
  volume = {38},
  number = {8},
  pages = {1--28},
  url = {https://doi.org/10.18637/jss.v038.i08},
}

@Article{krol2015,
  author = {A. Król and P. Saint-Pierre},
  title = {{SemiMarkov}: {A}n {R} Package for Parametric Estimation in Multi-State Semi-{M}arkov Models},
  journal = {Journal of Statistical Software},
  year = {2015},
  volume = {66},
  number = {6},
  pages = {1--16},
  url = {https://doi.org/10.18637/jss.v066.i06},
}

@Article{clee2017,
  author = {C. Lee and S. J. Lee and S. Haneuse},
  title = {Time-to-Event Analysis When the Event Is Defined on a Finite Time Interval},
  journal = {Submitted},
  year = {2017},
}

@Article{khlee2016,
  author = {K. H. Lee and F. Dominici and D. Schrag and S. Haneuse},
  title = {Hierarchical Models for Semicompeting Risks Data with Application to Quality of End-of-Life Care for Pancreatic Cancer},
  journal = {Journal of the American Statistical Association},
  year = {2016},
  volume = {111},
  number = {515},
  pages = {1075--1095},
  url = {https://doi.org/10.1080/01621459.2016.1164052},
}

@Article{khlee2015,
  author = {K. H. Lee and S. Haneuse and D. Schrag and F. Dominici},
  title = {Bayesian Semiparametric Analysis of Semicompeting Risks Data: {I}nvestigating Hospital Readmission after a Pancreatic Cancer Diagnosis},
  journal = {Journal of the Royal Statistical Society C},
  year = {2015},
  volume = {64},
  number = {2},
  pages = {253--273},
  url = {https://doi.org/10.1111/rssc.12078},
}

@Article{khlee2017a,
  author = {K. H. Lee and V. Rondeau and S. Haneuse},
  title = {Accelerated Failure Time Models for Semi-Competing Risks Data in the Presence of Complex Censoring},
  journal = {Biometrics},
  year = {2017},
  volume = {73},
  number = {4},
  pages = {1401--1412},
  url = {https://doi.org/10.1111/biom.12696},
}

@Article{meira2007,
  author = {L. Meira-Machado and C. Cadarso-Suárez and J. Uña-Álvarez},
  title = {Tdc.msm: {A}n{R} Library for the Analysis of Multi-State Survival Data},
  journal = {Computer Methods and Programs in Biomedicine},
  year = {2007},
  volume = {86},
  number = {2},
  pages = {131--140},
  url = {https://doi.org/10.1016/j.cmpb.2007.01.010},
}

@Article{meira2011,
  author = {L. Meira-Machado and J. Roca-Pardiñas},
  title = {P3state.msm: {A}nalyzing Survival Data from an Illness-Death Model},
  journal = {Journal of Statistical Software},
  year = {2011},
  volume = {38},
  number = {3},
  pages = {1--18},
  url = {https://doi.org/10.18637/jss.v038.i03},
}

@Article{rondeau2012,
  author = {V. Rondeau and Y. Mazroui and J. R. Gonzalez},
  title = {Frailtypack: {A}n {R} Package for the Analysis of Correlated Survival Data with Frailty Models Using Penalized Likelihood Estimation or Parametrical Estimation},
  journal = {Journal of Statistical Software},
  year = {2012},
  volume = {47},
  number = {4},
  pages = {1--28},
  url = {https://doi.org/10.18637/jss.v047.i04},
}

@Article{wreede2011,
  author = {L. C. Wreede and M. Fiocco and H. Putter},
  title = {Mstate: {A}n {R} Package for the Analysis of Competing Risks and Multi-State Models},
  journal = {Journal of Statistical Software},
  year = {2011},
  volume = {38},
  number = {7},
  pages = {1--30},
  url = {https://doi.org/10.18637/jss.v038.i07},
}

@Article{varadhan2014,
  author = {R. Varadhan and Q. L. Xue and K. Bandeen-Roche},
  title = {Semicompeting Risks in Aging Research: {M}ethods, Issues and Needs},
  journal = {Lifetime Data Analysis},
  year = {2014},
  volume = {20},
  number = {4},
  pages = {538--562},
  url = {https://doi.org/10.1007/s10985-014-9295-7},
}

@Article{tchetgen2014,
  author = {E. J. {Tchetgen Tchetgen}},
  title = {Identification and Estimation of Survivor Average Causal Effects},
  journal = {Statistics in Medicine},
  year = {2014},
  volume = {33},
  number = {21},
  pages = {3601--3628},
  url = {https://doi.org/10.1002/sim.6181},
}

@Article{egleston2007,
  author = {B. L. Egleston and D. O. Scharfstein and E. E. Freeman and S. K. West},
  title = {Causal Inference for Non-Mortality Outcomes in the Presence of Death},
  journal = {Biostatistics},
  year = {2007},
  volume = {8},
  number = {3},
  pages = {526--545},
  url = {https://doi.org/10.1093/biostatistics/kxl027},
}

@Article{zhang2003,
  author = {J. L. Zhang and D. B. Rubin},
  title = {Estimation of Causal Effects via Principal Stratification When Some Outcomes Are Truncated by ``death''},
  journal = {Journal of Educational and Behavioral Statistics},
  year = {2003},
  volume = {28},
  number = {4},
  pages = {353--368},
  url = {https://doi.org/10.3102/10769986028004353},
}

@Article{fine2001,
  author = {J. P. Fine and H. Jiang and R. Chappell},
  title = {On Semi-Competing Risks Data},
  journal = {Biometrika},
  year = {2001},
  volume = {88},
  number = {4},
  pages = {907--919},
  url = {https://doi.org/10.1093/biomet/88.4.907},
}

@Article{jiang2005,
  author = {H. Jiang and J. P. Fine and R. Chappell},
  title = {Semiparametric Analysis of Survival Data with Left Truncation and Dependent Right Censoring},
  journal = {Biometrics},
  year = {2005},
  volume = {61},
  number = {2},
  pages = {567--575},
  url = {https://doi.org/10.1111/j.1541-0420.2005.00335.x},
}

@Article{ghosh2006,
  author = {D. Ghosh},
  title = {Semiparametric Inferences for Association with Semi-Competing Risks Data},
  journal = {Statistics in Medicine},
  year = {2006},
  volume = {25},
  number = {12},
  pages = {2059--2070},
  url = {https://doi.org/10.1002/sim.2327},
}

@Article{peng2007,
  author = {L. Peng and J. P. Fine},
  title = {Regression Modeling of Semicompeting Risks Data},
  journal = {Biometrics},
  year = {2007},
  volume = {63},
  number = {1},
  pages = {96--108},
  url = {https://doi.org/10.1111/j.1541-0420.2006.00621.x},
}

@Article{lakhal2008,
  author = {L. Lakhal and L. P. Rivest and B. Abdous},
  title = {Estimating Survival and Association in a Semicompeting Risks Model},
  journal = {Biometrics},
  year = {2008},
  volume = {64},
  number = {1},
  pages = {180--188},
  url = {https://doi.org/10.1111/j.1541-0420.2007.00872.x},
}

@Article{hsieh2008,
  author = {J. J. Hsieh and W. Wang and A. A. Ding},
  title = {Regression Analysis Based on Semicompeting Risks Data},
  journal = {Journal of the Royal Statistical Society B},
  year = {2008},
  volume = {70},
  number = {1},
  pages = {3--20},
  url = {https://doi.org/10.1111/j.1467-9868.2007.00621.x},
}

@Article{fu2013,
  author = {H. Fu and Y. Wang and J. Liu and P. M. Kulkarni and A. S. Melemed},
  title = {Joint Modeling of Progression-Free Survival and Overall Survival by a {B}ayesian Normal Induced Copula Estimation Model},
  journal = {Statistics in Medicine},
  year = {2013},
  volume = {32},
  number = {2},
  pages = {240--254},
  url = {https://doi.org/10.1002/sim.5487},
}

@Article{putter2007,
  author = {H. Putter and M. Fiocco and R. B. Geskus},
  title = {Tutorial in Biostatistics: {C}ompeting Risks and Multi-State Models},
  journal = {Statistics in Medicine},
  year = {2007},
  volume = {26},
  number = {11},
  pages = {2389--2430},
  url = {https://doi.org/10.1002/sim.2712},
}

@Article{kneib2008,
  author = {T. Kneib and A. Hennerfeind},
  title = {Bayesian Semi Parametric Multi-State Models},
  journal = {Statistical Modelling},
  year = {2008},
  volume = {8},
  number = {2},
  pages = {169--198},
  url = {https://doi.org/10.1177/1471082X0800800203},
}

@Article{xu2010,
  author = {J. Xu and J. D. Kalbfleisch and B. Tai},
  title = {Statistical Analysis of Illness-Death Processes and Semicompeting Risks Data},
  journal = {Biometrics},
  year = {2010},
  volume = {66},
  number = {3},
  pages = {716--725},
  url = {https://doi.org/10.1111/j.1541-0420.2009.01340.x},
}

@Article{zeng2012,
  author = {D. Zeng and Q. Chen and M. H. Chen and J. G. Ibrahim},
  title = {Estimating Treatment Effects with Treatment Switching via Semicompeting Risks Models: {A}n Application to a Colorectal Cancer Study},
  journal = {Biometrika},
  year = {2012},
  volume = {99},
  number = {1},
  pages = {167--184},
  url = {https://doi.org/10.1093/biomet/asr062},
}

@Article{han2014,
  author = {B. Han and M. Yu and J. J. Dignam and P. J. Rathouz},
  title = {Bayesian Approach for Flexible Modeling of Semicompeting Risks Data},
  journal = {Statistics in Medicine},
  year = {2014},
  volume = {33},
  number = {29},
  pages = {5111--5125},
  url = {https://doi.org/10.1002/sim.6313},
}

@Article{zhang2014,
  author = {Y. Zhang and M. H. Chen and J. G. Ibrahim and D. Zeng and Q. Chen and Z. Pan and X. Xue},
  title = {Bayesian Gamma Frailty Models for Survival Data with Semi-Competing Risks and Treatment Switching},
  journal = {Lifetime Data Analysis},
  year = {2014},
  volume = {20},
  number = {1},
  pages = {76--105},
  url = {https://doi.org/10.1007/s10985-013-9254-8},
}

@Article{wang2003,
  author = {W. Wang},
  title = {Estimating the Association Parameter for Copula Models under Dependent Censoring},
  journal = {Journal of the Royal Statistical Society B},
  year = {2003},
  volume = {65},
  number = {1},
  pages = {257--273},
  url = {https://doi.org/10.1111/1467-9868.00385},
}

@Article{liu2004,
  author = {L. Liu and R. A. Wolfe and X. Huang},
  title = {Shared Frailty Models for Recurrent Events and a Terminal Event},
  journal = {Biometrics},
  year = {2004},
  volume = {60},
  number = {3},
  pages = {747--756},
  url = {https://doi.org/10.1111/j.0006-341X.2004.00225.x},
}

@Article{ye2007,
  author = {Y. Ye and J. D. Kalbfleisch and D. E. Schaubel},
  title = {Semiparametric Analysis of Correlated Recurrent and Terminal Events},
  journal = {Biometrics},
  year = {2007},
  volume = {63},
  number = {1},
  pages = {78--87},
  url = {https://doi.org/10.1111/j.1541-0420.2006.00677.x},
}

@Article{zeng2009,
  author = {D. Zeng and D. Y. Lin},
  title = {Semiparametric Transformation Models with Random Effects for Joint Analysis of Recurrent and Terminal Events},
  journal = {Biometrics},
  year = {2009},
  volume = {65},
  number = {3},
  pages = {746--752},
  url = {https://doi.org/10.1111/j.1541-0420.2008.01126.x},
}

@Article{jazic2016,
  author = {I. Jazić and D. Schrag and D. J. Sargent and S. Haneuse},
  title = {Beyond Composite Endpoints Analysis: {S}emicompeting Risks as an Underutilized Framework for Cancer Research},
  journal = {Journal of the National Cancer Institute},
  year = {2016},
  volume = {108},
  number = {12},
  pages = {djw154},
  url = {https://doi.org/10.1093/jnci/djw154},
}

@Article{haneuse2016,
  author = {S. Haneuse and K. H. Lee},
  title = {Semi-Competing Risks Data Analysis: {A}ccounting for Death as a Competing Risk When the Outcome of Interest Is Nonterminal},
  journal = {Circulation: Cardiovascular Quality and Outcomes},
  year = {2016},
  volume = {9},
  number = {3},
  pages = {322--331},
  url = {https://doi.org/10.1161/CIRCOUTCOMES.115.001841},
}

@Article{wei1992,
  author = {L. J. Wei},
  title = {The Accelerated Failure Time Model: {A} Useful Alternative to the {C}ox Regression Model in Survival Analysis},
  journal = {Statistics in Medicine},
  year = {1992},
  volume = {11},
  number = {14-15},
  pages = {1871--1879},
  url = {https://doi.org/10.1002/sim.4780111409},
}

@Manual{khlee2017b,
  author = {K. H. Lee and C. Lee and D. Alvares and S. Haneuse},
  note = {R package version 3.30},
  title = {{SemiCompRisks: Hierarchical Models for Parametric and Semi-Parametric Analyses of Semi-Competing Risks Data}},
  url = {https://cran.r-project.org/web/packages/SemiCompRisks/vignettes/SemiCompRisks.pdf},
  year = {2017},
}

@Book{klein2003,
  author = {J. P. Klein and M. L. Moeschberger},
  edition = {2nd},
  publisher = {Springer-Verlag},
  title = {Survival Analysis: {T}echniques for Censored and Truncated Data},
  year = {2003},
}

@Article{liquet2012,
  author = {B. Liquet and J. F. Timsit and V. Rondeau},
  title = {Investigating Hospital Heterogeneity with a Multi-State Frailty Model: {A}pplication to Nosocomial Pneumonia Disease in Intensive Care Units},
  journal = {{BMC} Medical Research Methodology},
  year = {2012},
  volume = {12},
  number = {1},
  pages = {1--14},
  url = {https://doi.org/10.1186/1471-2288-12-79},
}

@Article{gelman1992,
  author = {A. Gelman and D. B. Rubin},
  title = {Inference from Iterative Simulation Using Multiple Sequences},
  journal = {Statistical Science},
  year = {1992},
  volume = {7},
  number = {4},
  pages = {457--472},
  url = {https://doi.org/10.1214/ss/1177011136},
}

@Article{brooks1998,
  author = {S. P. Brooks and A. Gelman},
  title = {General Methods for Monitoring Convergence of Iterative Simulations},
  journal = {Journal of Computational and Graphical Statistics},
  year = {1998},
  volume = {7},
  number = {4},
  pages = {434--455},
  url = {https://doi.org/10.1080/10618600.1998.10474787},
}

@Article{neal2000,
  author = {R. M. Neal},
  title = {Markov Chain Sampling Methods for {D}irichlet Process Mixture Models},
  journal = {Journal of Computational and Graphical Statistics},
  year = {2000},
  volume = {9},
  number = {2},
  pages = {249--265},
  url = {https://doi.org/10.1080/10618600.2000.10474879},
}

@Manual{boruvka2015,
  author = {A. Boruvka and R. J. Cook},
  note = {R package version 1.2},
  title = {Coxinterval: {C}ox-Type Models for Interval-Censored Data},
  url = {https://cran.r-project.org/package=coxinterval},
  year = {2015},
}

@Article{touraine2017,
  author = {C. Touraine and T. A. Gerds and P. Joly},
  title = {{SmoothHazard}: {A}n {R} Package for Fitting Regression Models to Interval-Censored Observations of Illness-Death Models},
  journal = {Journal of Statistical Software},
  year = {2017},
  volume = {79},
  number = {7},
  pages = {1--22},
  url = {https://doi.org/10.18637/jss.v079.i07},
}
