@Article{ali_66_general,
  author = {S. M. Ali and S. D. Silvey},
  journal = {Journal of the Royal Statistical Society B},
  number = {1},
  pages = {131--142},
  publisher = {John Wiley \& Sons},
  title = {{A General Class of Coefficients of Divergence of One Distribution from Another}},
  url = {http://www.jstor.org/stable/2984279},
  volume = {28},
  year = {1966},
}

@Article{279292,
  author = {J. Bruske and G. Sommer},
  title = {Intrinsic Dimensionality Estimation With Optimally Topology Preserving Maps},
  journal = {IEEE Trans. Pattern Anal. Mach. Intell.},
  year = {1998},
  volume = {20},
  pages = {572--575},
  number = {5},
  address = {Washington, DC, USA},
  issn = {0162-8828},
  publisher = {IEEE Computer Society},
  url = {https://doi.org/10.1109/34.682189},
}

@Article{DBLP:journals/pr/Camastra03,
  author = {Francesco Camastra},
  title = {Data Dimensionality Estimation Methods: a Survey},
  journal = {Pattern Recognition},
  volume = {36},
  number = {12},
  pages = {2945--2954},
  year = {2003},
  url = {https://doi.org/10.1016/s0031-3203(03)00176-6},
}

@Article{1039212,
  author = {F. Camastra and A. Vinciarelli},
  journal = {IEEE Transactions on Pattern Analysis and Machine Intelligence},
  title = {Estimating the Intrinsic Dimension of Data with a Fractal-Based Method},
  year = {2002},
  volume = {24},
  number = {10},
  pages = {1404-1407},
  issn = {0162-8828},
  url = {https://doi.org/10.1109/tpami.2002.1039212},
}

@Article{5233815,
  author = {K. M. Carter and R. Raich and A. O. Hero III},
  journal = {IEEE Transactions on Signal Processing},
  title = {On Local Intrinsic Dimension Estimation and Its Applications},
  year = {2010},
  volume = {58},
  number = {2},
  pages = {650--663},
  issn = {1053-587X},
  url = {https://doi.org/10.1109/tsp.2009.2031722},
}

@Article{r.cook01:_dimen_reduc_and_visual_in,
  author = {R. Dennis Cook and Xiangrong Yin},
  title = {Dimension Reduction and Visualization in Discriminant Analysis~(with Discussion)},
  journal = {Australian and New Zealand Journal of Statistics},
  year = {2001},
  volume = {43},
  pages = {147--199},
  number = {2},
  url = {https://doi.org/10.1111/1467-842x.00164},
}

@InBook{Costa2006,
  author = {Jose A. Costa and Alfred O. Hero},
  editor = {Hamid Krim and Anthony Yezzi},
  title = {Determining Intrinsic Dimension and Entropy of High-Dimensional Shape Spaces},
  booktitle = {Statistics and Analysis of Shapes},
  year = {2006},
  publisher = {Birkh{\"a}user Boston},
  address = {Boston, MA},
  pages = {231--252},
  chapter = {8},
  isbn = {978-0-8176-4481-9},
  url = {https://doi.org/10.1007/0-8176-4481-4_9},
}

@Article{Costa04geodesicentropic,
  author = {Jose A. Costa and Alfred O. Hero and {III}},
  title = {Geodesic Entropic Graphs for Dimension and Entropy Estimation in Manifold Learning},
  journal = {IEEE Transactions on Signal Processing},
  year = {2004},
  volume = {52},
  pages = {2210--2221},
  url = {https://doi.org/10.1109/tsp.2004.831130},
}

@Article{Csiszar:2004:ITS:1166379.1166380,
  author = {Imre Csiszár and Paul C. Shields},
  title = {Information Theory and Statistics: A Tutorial},
  journal = {Commun. Inf. Theory},
  issue_date = {December 2004},
  volume = {1},
  number = {4},
  year = {2004},
  issn = {1567-2190},
  pages = {417--528},
  numpages = {112},
  acmid = {1166380},
  publisher = {Now Publishers Inc.},
  address = {Hanover, MA, USA},
  url = {https://doi.org/10.1561/0100000004},
}

@Book{GLM2002,
  title = { An Introduction to Generalized Linear Models},
  publisher = { Chapman \& Hall/CRC, Boca Raton :},
  year = { 2002 },
  author = {Annette J. Dobson},
  edition = { 2nd ed.},
  url = {https://doi.org/10.4135/9781412983273},
}

@InProceedings{6319815,
  author = {B. Eriksson and M. Crovella},
  booktitle = {Statistical Signal Processing Workshop (SSP), 2012 IEEE},
  title = {Estimating Intrinsic Dimension via Clustering},
  year = {2012},
  pages = {760--763},
  url = {https://doi.org/10.1109/ssp.2012.6319815},
}

@Article{1497775,
  author = {Mingyu Fan and Hong Qiao and Bo Zhang},
  title = {Intrinsic Dimension Estimation of Manifolds by Incising Balls},
  journal = {Pattern Recogn.},
  year = {2009},
  volume = {42},
  pages = {780--787},
  number = {5},
  address = {New York, NY, USA},
  issn = {0031-3203},
  publisher = {Elsevier Science Inc.},
  url = {https://doi.org/10.1016/j.patcog.2008.09.016},
}

@InProceedings{DBLP:conf/icml/FarahmandSA07,
  author = {Amir Massoud Farahmand and Csaba Szepesvári and Jean-Yves Audibert},
  title = {Manifold-Adaptive Dimension Estimation},
  booktitle = {Machine Learning, Proceedings of the Twenty-Fourth International Conference   {(ICML} 2007), Corvallis, Oregon, USA, June 20-24, 2007},
  pages = {265--272},
  year = {2007},
  url = {https://doi.org/10.1145/1273496.1273530},
}

@Article{1309587,
  author = {K. Fukunaga and D. R. Olsen},
  title = {An Algorithm for Finding Intrinsic Dimensionality of Data},
  journal = {IEEE Trans. Comput.},
  year = {1971},
  volume = {20},
  pages = {176--183},
  number = {2},
  address = {Washington, DC, USA},
  issn = {0018-9340},
  publisher = {IEEE Computer Society},
  url = {https://doi.org/10.1109/t-c.1971.223208},
}

@Article{Grassberger1983189,
  title = {Measuring the Strangeness of Strange Attractors},
  journal = {Physica D: Nonlinear Phenomena},
  volume = {9},
  number = {1–2},
  pages = {189--208},
  year = {1983},
  issn = {0167-2789},
  author = {Peter Grassberger and Itamar Procaccia},
  url = {https://doi.org/10.1016/0167-2789(83)90298-1},
}

@InProceedings{DBLP:conf/uai/GuptaH10,
  author = {Mithun Das Gupta and Thomas S. Huang},
  title = {Regularized Maximum Likelihood for Intrinsic Dimension Estimation},
  booktitle = {{UAI} 2010, Proceedings of the Twenty-Sixth Conference on Uncertainty   in Artificial Intelligence, Catalina Island, CA, USA, July 8-11, 2010},
  pages = {220--227},
  year = {2010},
  biburl = {http://dblp.uni-trier.de/rec/bib/conf/uai/GuptaH10},
}

@InProceedings{DBLP:conf/icml/HeinA05,
  author = {Matthias Hein and Jean-Yves Audibert},
  title = {Intrinsic Dimensionality Estimation of Submanifolds in {R}\({}^{\mbox{d}}\)},
  booktitle = {Machine Learning, Proceedings of the Twenty-Second International Conference   {(ICML} 2005), Bonn, Germany, August 7-11, 2005},
  pages = {289--296},
  year = {2005},
  url = {https://doi.org/10.1145/1102351.1102388},
}

@Article{HENTSCHEL1983435,
  title = {The Infinite Number of Generalized Dimensions of Fractals and Strange Attractors},
  journal = {Physica D: Nonlinear Phenomena},
  volume = {8},
  number = {3},
  pages = {435--444},
  year = {1983},
  issn = {0167-2789},
  author = {H. G. E. Hentschel and Itamar Procaccia},
  url = {https://doi.org/10.1016/0167-2789(83)90235-x},
}

@Article{Hino2017IDE,
  title = {Local Intrinsic Dimension Estimation by Generalized Linear Modeling},
  journal = {Neural Computation},
  volume = {29},
  number = {7},
  pages = {1838--1878},
  year = {2017},
  author = {Hideitsu Hino and Jun Fujiki and Shotaro Akaho and Noboru Murata},
  url = {https://doi.org/10.1162/neco_a_00969},
}

@Article{DBLP:journals/neco/KambhatlaL97,
  author = {Nanda Kambhatla and Todd K. Leen},
  title = {Dimension Reduction by Local Principal Component Analysis},
  journal = {Neural Computation},
  volume = {9},
  number = {7},
  pages = {1493--1516},
  year = {1997},
  url = {https://doi.org/10.1162/neco.1997.9.7.1493},
}

@InProceedings{DBLP:conf/nips/Kegl02,
  author = {Balázs Kégl},
  title = {Intrinsic Dimension Estimation Using Packing Numbers},
  booktitle = {Advances in Neural Information Processing Systems 15 [Neural Information   Processing Systems, {NIPS} 2002, December 9-14, 2002, Vancouver, British   Columbia, Canada]},
  pages = {681--688},
  year = {2002},
  biburl = {http://dblp.uni-trier.de/rec/bib/conf/nips/Kegl02},
}

@Article{PhysRevA.45.3403,
  title = {Determining Embedding Dimension for Phase-Space Reconstruction Using a Geometrical Construction},
  author = {Matthew B. Kennel and Reggie Brown and Henry D. I. Abarbanel},
  journal = {Phys. Rev. A},
  volume = {45},
  issue = {6},
  pages = {3403--3411},
  year = {1992},
  publisher = {American Physical Society},
  url = {https://doi.org/10.1103/physreva.45.3403},
}

@Article{Kokiopoulou2006_1475/LTS,
  author = {Effrosyni Kokiopoulou and Yousef Saad},
  title = {Orthogonal {N}eighborhood {P}reserving {P}rojections: {A} Projection-Based Dimensionality Reduction Technique},
  journal = {{IEEE} {T}ransactions on {P}attern {A}nalysis and {M}achine {I}ntelligence},
  year = {2007},
  volume = {29},
  pages = {2143--2156},
  number = {12},
  affiliation = {EPFL},
  url = {https://doi.org/10.1109/tpami.2007.1131},
}

@InCollection{NIPS2005_94,
  author = {Elizaveta Levina and Peter J. Bickel},
  title = {Maximum Likelihood Estimation of Intrinsic Dimension},
  booktitle = {Advances in Neural Information Processing Systems 17},
  publisher = {MIT Press},
  year = {2005},
  editor = {Lawrence K. Saul and Yair Weiss and Léon Bottou},
  pages = {777--784},
  address = {Cambridge, MA},
  original = {0777_094.PDF},
}

@Book{Mandelbrot77a,
  title = {The Fractal Geometry of Nature},
  author = {Benoit B. Mandelbrot},
  publisher = {W. H. Freeman and Company},
  year = {1977},
  place = {Favoritenstrasse 9/4th Floor/1863},
  url = {https://doi.org/10.1119/1.13295},
}

@Article{4766873,
  author = {Karl W. Pettis and Thomas A. Bailey and Anil K. Jain and Richard C. Dubes},
  journal = {Pattern Analysis and Machine Intelligence, IEEE Transactions on},
  title = {An Intrinsic Dimensionality Estimator from Near-Neighbor Information},
  year = {1979},
  volume = {PAMI-1},
  number = {1},
  pages = {25--37},
  issn = {0162-8828},
  url = {https://doi.org/10.1109/tpami.1979.4766873},
}

@Article{Verveer:1995:EID:200846.200859,
  author = {Peter J. Verveer and Robert P. W. Duin},
  title = {An Evaluation of Intrinsic Dimensionality Estimators},
  journal = {IEEE Trans. Pattern Anal. Mach. Intell.},
  issue_date = {January 1995},
  volume = {17},
  number = {1},
  year = {1995},
  issn = {0162-8828},
  pages = {81--86},
  publisher = {IEEE Computer Society},
  address = {Washington, DC, USA},
  url = {https://doi.org/10.1109/34.368147},
}

@Book{citeulike:2226990,
  title = {Kernel Smoothing},
  publisher = {{Chapman \& Hall/CRC}},
  year = {1994},
  author = {M. P. Wand and M. C. Jones},
  isbn = {0412552701},
}
