@Article{alb15,
  author =	 {G Alberti},
  title =	 {{CAinterprTools}: An {R} Package to Help
                  Interpreting Correspondence Analysis Results},
  journal =	 {SoftwareX},
  volume =	 {1--2},
  year =	 2015,
  pages =	 {26--31},
  doi =		 {10.1016/j.softx.2015.07.001},
}

@Article{draduf07,
  author =	 {S Dray and A B Dufour},
  title =	 {The ade4 Package: Implementing the Duality Diagram
                  for Ecologists},
  journal =	 {Journal of Statistical Software},
  volume =	 22,
  number =	 4,
  year =	 2007,
  pages =	 {1--20},
  doi =		 {10.18637/jss.v022.i04},
}

@Article{dra07,
  author =	 {S Dray and A B Dufour and D Chessel},
  title =	 {The ade4 Package {II}: Two-Table and $K$-Table Methods},
  journal =	 {R News},
  volume =	 7,
  number =	 2,
  year =	 2007,
  pages =	 {47--52},
  url =
                  {https://www.R-project.org/doc/Rnews/Rnews_2007-2.pdf},
}

@Article{drathi07,
  author =	 {S Dray and J Thioulouse},
  title =	 {Interactive Multivariate Data Analysis in {R} with
                  the {ade4} and {ade4TkGUI} Packages},
  journal =	 {Journal of Statistical Software},
  volume =	 22,
  number =	 5,
  year =	 2007,
  pages =	 {1--20},
  doi =		 {10.18637/jss.v022.i05},
}

@Article{bax10,
  author =	 {{M} J Baxter and H E M Cool},
  title =	 {Correspondence Analysis in {R} for Archaeologists:
                  An Educational Account},
  journal =	 {Archeologia e Calcolatori},
  volume =	 21,
  year =	 2010,
  pages =	 {211--228},
}

@Article{beh97,
  author =	 {E J Beh},
  title =	 {Simple Correspondence Analysis of Ordinal
                  Cross-Classifications Using Orthogonal Polynomials},
  journal =	 {Biometrical Journal},
  volume =	 39,
  year =	 1997,
  pages =	 {589--613},
  doi =		 {10.1002/bimj.4710390507},
}

@Article{beh98,
  author =	 {E J Beh},
  title =	 {A Comparative Study of Scores for Correspondence
                  Analysis with Ordered Categories},
  journal =	 {Biometrical Journal},
  volume =	 40,
  year =	 1998,
  pages =	 {413--429},
  doi =
                  {10.1002/(sici)1521-4036(199808)40:4<413::aid-bimj413>3.0.co;2-v},
}

@Article{behdav98,
  author =	 {E J Beh and J. P Davy},
  title =	 {Partitioning {P}earson's Chi-Squared Statistic for a
                  Completely Ordered Three-Way Contingency Table},
  journal =	 {The Australian and New Zealand Journal of
                  Statistics},
  volume =	 40,
  year =	 1998,
  pages =	 {465--477},
  doi =		 {10.1111/1467-842x.00050},
}

@Article{beh99,
  author =	 {E J Beh and J P Davy},
  title =	 {Partitioning {P}earson's Chi-Squared Statistic for a
                  Partially Ordered Three-Way Contingency Table},
  journal =	 {The Australian and New Zealand Journal of
                  Statistics},
  volume =	 41,
  year =	 1999,
  pages =	 {233--246},
  doi =		 {10.1111/1467-842x.00077},
}

@Article{beh01,
  author =	 {E J Beh},
  title =	 {Partitioning {P}earson's Chi-Squared Statistic for
                  Singly Ordered Two-Way Contingency Tables},
  journal =	 {The Australian and New Zealand Journal of
                  Statistics},
  volume =	 43,
  year =	 2001,
  pages =	 {327--333},
  doi =		 {10.1111/1467-842x.00179},
}

@Article{beh04a,
  author =	 {E J Beh},
  title =	 {Simple Correspondence Analysis: A Bibliographic
                  Review},
  journal =	 {International Statistical Review},
  volume =	 72,
  year =	 2004,
  pages =	 {257--284},
  doi =		 {10.1111/j.1751-5823.2004.tb00236.x},
}

@Article{beh04b,
  author =	 {E J Beh},
  title =	 {{S-PLUS} Code for Ordinal Correspondence Analysis},
  journal =	 {Computational Statistics},
  volume =	 19,
  year =	 2004,
  pages =	 {593--612},
  doi =		 {10.1007/bf02753914},
}

@Article{beh08,
  author =	 {E J Beh},
  title =	 {Simple Correspondence Analysis of Nominal-Ordinal
                  Contingency Tables},
  journal =	 {Journal of Applied Mathematics and Computer
                  Sciences},
  volume =	 8,
  year =	 2008,
  pages =	 {1--12},
  doi =		 {10.1155/2008/218140},
}

@Article{beh10,
  author =	 {E J Beh},
  title =	 {Elliptical Confidence Regions for Simple
                  Correspondence Analysis},
  journal =	 {Journal of Statistical Planning and Inference},
  volume =	 140,
  year =	 2010,
  pages =	 {2582--2588},
  doi =		 {10.1016/j.jspi.2010.03.018},
}

@Article{behlom15,
  author =	 {E J Beh and R Lombardo},
  title =	 {Confidence Regions and $p$-Values for Classical and
                  Non-Symmetric Correspondence Analysis},
  journal =	 {Communications in Statistics -- Theory and Methods},
  volume =	 44,
  year =	 2015,
  pages =	 {95--114},
  doi =		 {10.1080/03610926.2013.768665},
}

@Book{behlom14,
  author =	 {E J Beh and R Lombardo},
  title =	 {Correspondence Analysis: Theory, Practice and New
                  Strategies},
  publisher =	 {John Wiley \& Sons},
  year =	 2014,
  doi =		 {10.1002/9781118762875},
}

@Book{ben73,
  author =	 {J P. Benz\'{e}cri},
  title =	 {Analyse des Donn\'{e}es},
  publisher =	 {Dunod, Paris},
  year =	 1973,
}

@Book{ben92,
  author =	 {P. J Benz\'{e}cri},
  title =	 {Correspondence Analysis Handbook},
  publisher =	 {Marcel-Dekker},
  year =	 1992,
}

@Article{bes96,
  author =	 {{D} J Best and J C W Rayner},
  title =	 {Nonparametric Analysis for Doubly Ordered Two-Way
                  Contingency Tables},
  journal =	 {Biometrics},
  volume =	 52,
  year =	 1996,
  pages =	 {1153--1156},
  doi =		 {10.2307/2533077},
}

@Article{car96,
  author =	 {A Carlier and P M Kroonenberg},
  title =	 {Decompositions and Biplots in Three-Way
                  Correspondence Analysis},
  journal =	 {Psychometrika},
  volume =	 61,
  year =	 1996,
  pages =	 {355--373},
  doi =		 {10.1007/bf02294344},
}

@Article{che04,
  author =	 {D Chessel and A {B} Dufour and J Thioulouse},
  title =	 {The ade4 Package {I}: One-Table Methods},
  journal =	 {R News},
  volume =	 4,
  number =	 1,
  year =	 2004,
  pages =	 {5--10},
  url =
                  {https://www.R-project.org/doc/Rnews/Rnews_2004-1.pdf},
}

@InCollection{dam89,
  author =	 {L D'Ambra and N C Lauro},
  title =	 {Non-Symmetrical Correspondence Analysis for
                  Three-Way Contingency Table},
  booktitle =	 {Multiway Data Analysis},
  editor =	 {R. Coppi and S. Bolasco},
  publisher =	 {Elsevier},
  address =	 {Amsterdam},
  year =	 1989,
  pages =	 {301--315},
}

@Misc{dam93,
  author =	 {L D'Ambra and R Lombardo},
  title =	 {Normalized Non Symmetrical Coorespondence Analysis
                  for Three-Way Data Sets},
  note =	 {Bulletin of The international Statistical Institute,
                  49th session book 1, pp.301-302},
  year =	 1993,
}

@Misc{dam02,
  author =	 {L D'Ambra and R Lombardo and P Amenta},
  title =	 {Non Symmetric Correspondence Analysis for Ordered
                  Two-Way Contingency Table},
  note =	 {Act of the XLI Italian Statistics Society
                  Conference, University of Milano Bicocca,
                  pp. 191-201},
  year =	 2002,
}

@Article{dam05,
  author =	 {L D'Ambra and E J Beh and P Amenta},
  title =	 {{CATANOVA} for Two-Way Contingency Tables with
                  Ordinal Variables Using Orthogonal Polynomials},
  journal =	 {Communication in Statistics},
  volume =	 34,
  year =	 2005,
  pages =	 {1755--1769},
  doi =		 {10.1081/sta-200066325},
}

@Misc{dam06,
  author =	 {L D'Ambra and B Simonetti and E J Beh},
  title =	 {A Dimensional Reduction Method for Ordinal Three-Way
                  Contingency Tables},
  note =	 {Proceedings of Compstat 2006},
  pages =	 {271--283},
  editor =	 {A Rizzi and M Vichi},
  year =	 2006,
}

@Article{del09a,
  author =	 {J {De Leeuw} and P Mair},
  title =	 {Simple and Canonical Correspondence Analysis Using
                  the {R} Package {anacor}},
  journal =	 {Journal of Statistical Software},
  volume =	 31,
  number =	 5,
  year =	 2009,
  pages =	 {1--18},
  doi =		 {10.18637/jss.v031.i01},
}

@Article{del09b,
  author =	 {J {De Leeuw} and P Mair},
  title =	 {Gifi Methods for Optimal Scaling in {R}: The Package
                  {homals}},
  journal =	 {Journal of Statistical Software},
  volume =	 31,
  number =	 4,
  year =	 2009,
  pages =	 {1--20},
  doi =		 {10.18637/jss.v031.i04},
}

@Article{del04,
  author =	 {J {De Leeuw} and G Michailides},
  title =	 {Weber Correspondence Analysis. The One-Dimensional
                  Case},
  journal =	 {Journal of Computational and Graphical Statistics},
  volume =	 13,
  year =	 2004,
  pages =	 {946--953},
  doi =		 {10.1198/106186004x15404},
}

@Misc{del06,
  author =	 {J {De Leeuw}},
  title =	 {Correspondence Analysis in {R}},
  year =	 2006,
  howpublished = {\url{www.cuddyvalley.org/psychoR/ca}},
}

@Article{dix03,
  author =	 {P Dixon},
  title =	 {{VEGAN}, A Package of {R} Functions for Community
                  Ecology},
  journal =	 {Journal of Vegetation Science},
  volume =	 24,
  year =	 2003,
  pages =	 {927--930},
  doi =		 {10.1111/j.1654-1103.2003.tb02228.x},
}

@Article{eme68,
  author =	 {P {L} Emerson},
  title =	 {Numerical Construction of Orthogonal Polynomials
                  from a General Recurrence Formula},
  journal =	 {Biometrics},
  volume =	 24,
  year =	 1968,
  pages =	 {696--701},
  doi =		 {10.2307/2528328},
}

@Article{goo86,
  author =	 {{A} L Goodman},
  title =	 {Some Useful Extensions of the Usual Correspondence
                  Analysis Approach and the Usual Log-Linear Models
                  Approach in the Analysis of Contingency Tables},
  journal =	 {International Statistical Review},
  volume =	 54,
  year =	 1986,
  pages =	 {243--309},
  doi =		 {10.2307/1403053},
}

@Article{goo54,
  author =	 {{A} L Goodman and {H} W Kruskal},
  title =	 {Measures of Association for Cross Classifications},
  journal =	 {Journal of the American Statistical Association},
  volume =	 49,
  year =	 1954,
  pages =	 {732--764},
  doi =		 {10.1080/01621459.1954.10501231},
}

@Book{gow11,
  author =	 {J Gower and S Lubbe and N {le Roux}},
  title =	 {Understanding Biplots},
  publisher =	 {John Wiley \& Sons},
  address =	 {Chichester},
  year =	 2011,
  doi =		 {10.1002/9780470973196},
}

@Book{gre84,
  author =	 {M Greenacre},
  title =	 {Theory and Application of Correspondence Analysis},
  publisher =	 {London Academic Press},
  address =	 {London},
  year =	 1984,
}

@Book{gre10,
  author =	 {M Greenacre},
  title =	 {Biplots in Practice},
  publisher =	 {Fundaci\'{o}n BBVA},
  address =	 {Barcelona},
  year =	 2010,
}

@Article{kro98,
  author =	 {P {M} Kroonenberg and R Lombardo},
  title =	 {Non-Symmetric Correspondence Analysis: A Tutorial},
  journal =	 {Kwantitatieve Methoden},
  volume =	 58,
  year =	 1998,
  pages =	 {57--83},
  doi =		 {10.1007/bf03178961},
}

@Article{kos15,
  author =	 {B Kostov and M B\'{e}cue-Bertaut and F Husson},
  title =	 {Correspondence Analysis on Generalised Aggregated
                  Lexical Tables {(CA-GALT)} in the {FactoMineR}
                  Package},
  journal =	 {The R Journal},
  volume =	 7,
  number =	 1,
  year =	 2015,
  pages =	 {109--117},
  url =
                  {https://journal.r-project.org/archive/2015-1/kostov-becuebertaut-husson.pdf},
}

@Article{kro99,
  author =	 {P M. Kroonenberg and R Lombardo},
  title =	 {Nonsymmetric Correspondence Analysis: A Tool for
                  Analysing Contingency Tables with a Dependence
                  Structure},
  journal =	 {Multivariate Behavioral Research Journal},
  volume =	 34,
  year =	 1999,
  pages =	 {367--397},
  doi =		 {10.1207/s15327906mbr3403_4},
}

@Book{isr87,
  author =	 {A Isra\"{e}ls},
  title =	 {Eigenvalue Techniques for Qualitative Data},
  publisher =	 {DSWO Press},
  address =	 {Leiden},
  year =	 1987,
}

@Article{lan53,
  author =	 {O. H Lancaster},
  title =	 {A Reconstitution of $\chi^2$ Considered from
                  Metrical and Enumerative Aspects},
  journal =	 {Sankhya},
  volume =	 13,
  year =	 1953,
  pages =	 {1--107},
  doi =		 {10.1007/s13571-010-0007-3},
}

@InCollection{lau84,
  author =	 {N C Lauro and L D'Ambra},
  title =	 {L'Analyse Non Symmetrique Des Correspondances},
  booktitle =	 {Data Analysis and Informatics III},
  editor =	 {E Diday},
  publisher =	 {Elsevier},
  address =	 {Amsterdam},
  year =	 1984,
  pages =	 {433--446},
}

@Article{le08,
  author =	 {S L{\^ e} and J Josse and F Husson},
  title =	 {{FactoMineR}: An {R} Package for Multivariate
                  Analysis},
  journal =	 {Journal of Statistical Software},
  volume =	 {25},
  number =	 1,
  year =	 2008,
  pages =	 {1--18},
  doi =		 {10.18637/jss.v025.i01},
}

@Book{leb84,
  author =	 {L Lebart and A Morineau and K M Warwick},
  title =	 {Multivariate Descriptive Statistical Analysis},
  publisher =	 {John Wiley \& Sons},
  address =	 {New-York, USA},
  year =	 1984,
}

@Article{lei10,
  author =	 {D G Leibovici},
  title =	 {Spatio-Temporal Multiway Decomposition Using
                  Principal Tensor Analysis on $k$-Modes: The {R}
                  Package {PTAk}},
  journal =	 {Journal of Statistical Software},
  volume =	 34,
  number =	 10,
  year =	 2010,
  pages =	 {1--34},
  doi =		 {10.18637/jss.v034.i10},
}

@Misc{lei15,
  author =	 {{D} G Leibovici},
  title =	 {Principal Tensor Analysis on $k$ Modes},
  howpublished = {\url{http://c3s2i.free.fr/}},
  year =	 2015,
}

@Manual{libwilvil15,
  title =	 {cncaGUI: Canonical Non-Symmetrical Correspondence
                  Analysis in R},
  author =	 {Ana Belen Nieto Librero and Priscila Willems and
                  Purificacion Galindo Villardon},
  year =	 {2015},
  note =	 {R package version 1.0},
  url =		 {https://CRAN.R-project.org/package=cncaGUI},
}


@Article{lig71,
  author =	 {R J. Light and B H Margolin},
  title =	 {An Analysis of Variance for Categorical Data},
  journal =	 {Journal of the American Statistical Association},
  volume =	 66,
  number =	 335,
  year =	 1971,
  pages =	 {534--544},
  doi =		 {10.1080/01621459.1971.10482297},
}

@Article{lin07,
  author =	 {M Linting and {J} J Meulman and P F J Groenen and A
                  {J} {Van der Kooij}},
  title =	 {Stability of Nonlinear Principal Components
                  Analysis: An Empirical Study Using the Balanced
                  Bootstrap},
  journal =	 {Psychological Methods},
  volume =	 {12},
  number =	 3,
  year =	 2007,
  pages =	 {359--379},
  doi =		 {10.1037/1082-989x.12.3.359},
}

@Article{lom96,
  author =	 {R Lombardo and A Carlier and L D'Ambra},
  title =	 {Nonsymmetric Correspondence Analysis for Three-Way
                  Contingency Tables},
  journal =	 {Methodologica},
  volume =	 4,
  year =	 1996,
  pages =	 {59--80},
  doi =		 {10.1007/bf02294550},
}

@Article{lom07,
  author =	 {R Lombardo and E {J} Beh and L D'Ambra},
  title =	 {Non-Symmetric Correspondence Analysis with Ordinal
                  Variables},
  journal =	 {Computational Statistics \& Data Analysis},
  volume =	 52,
  year =	 2007,
  pages =	 {566--577},
  doi =		 {10.1016/j.csda.2006.12.040},
}

@Article{lom11,
  author =	 {R Lombardo and E J Beh and A D'Ambra},
  title =	 {Studying the Dependence between Ordinal-Nominal
                  Categorical Variables via Orthogonal Polynomials},
  journal =	 {Journal of Applied Statistics},
  volume =	 38,
  year =	 2011,
  pages =	 {2119--2132},
  doi =		 {10.1080/02664763.2010.545118},
}

@Article{lomrin12,
  author =	 {R Lombardo and T J. Ringrose},
  title =	 {Bootstrap Confidence Regions in Non-Symmetrical
                  Correspondence Analysis},
  journal =	 {Electronic Journal of Applied Statistical Analysis},
  volume =	 5,
  year =	 2012,
  pages =	 {413--417},
  doi =		 {10.1080/00949655.2011.579968},
}

@Article{lom16,
  author =	 {R Lombardo and E J Beh and P M Kroonenberg},
  title =	 {Modelling Trends in Ordered Correspondence Analysis
                  Using Orthogonal Polynomials},
  journal =	 {Psychometrika},
  volume =	 81,
  year =	 2016,
  pages =	 {325--349},
  doi =		 {10.1007/s11336-015-9448-y},
}

@Book{mar82,
  author =	 {V K Mardia and T J Kent and M J Bibby},
  title =	 {Multivariate Analysis},
  publisher =	 {Academic Press},
  address =	 {London},
  year =	 1982,
}

@Book{mark94,
  author =	 {M T Markus},
  title =	 {Bootstrap Confidence Regions in Non-Linear
                  Multivariate Analysis},
  publisher =	 {DSWO Press},
  year =	 1994,
}

@Book{mur05,
  author =	 {F Murtagh},
  title =	 {Correspondence Analysis and Data Coding with {Java}
                  and {R}},
  publisher =	 {Chapman \& Hall/CRC},
  address =	 {Boca Raton, FL},
  year =	 2005,
  doi =		 {10.1201/9781420034943},
}

@Article{nai86,
  author =	 {V Nair},
  title =	 {Testing an Industrial Reduction Method with Ordered
                  Categorical Data},
  journal =	 {Technometrics},
  volume =	 28,
  year =	 1986,
  pages =	 {283--311},
  doi =		 {10.2307/1268974},
}

@Article{nen07,
  author =	 {O Nenadic and M Greenacre},
  title =	 {Correspondence Analysis in {R}, with Two- And
                  Three-Dimensional Graphics: The {ca} Package},
  journal =	 {Journal of Statistical Software},
  volume =	 20,
  year =	 2007,
  pages =	 {1--13},
  doi =		 {10.18637/jss.v020.i03},
}

@Article{nis75,
  author =	 {S Nishisato and S P Arri},
  title =	 {Non-Linear Programming Approach to Optimal Scaling
                  of Partially Ordered Categories},
  journal =	 {Psychometrika},
  volume =	 40,
  year =	 1975,
  pages =	 {525--547},
  doi =		 {10.1007/bf02291554},
}

@Book{nis07,
  author =	 {S Nishisato},
  title =	 {Multidimensional Nonlinear Descriptive Analysis},
  publisher =	 {Taylor \& Francis Group, LLC},
  year =	 2007,
}

@Manual{niscla14,
  title =	 {dualScale: Dual Scaling Analysis of Multiple Choice
                  Data},
  author =	 {Jose G. Clavel and Shizuiko Nishisato and Antonio
                  Pita},
  year =	 {2014},
  note =	 {R package version 0.9.1},
  url =		 {https://CRAN.R-project.org/package=dualScale},
}


@Article{olk91,
  author =	 {I Olkin},
  title =	 {A Conversation with {W}. {A}llen {W}allis},
  journal =	 {Statistical Science},
  volume =	 6,
  year =	 1991,
  pages =	 {121-140},
  doi =		 {10.1214/ss/1177011818},
}

@Manual{oks13,
  title =	 {vegan: Community Ecology Package},
  author =	 {Jari Oksanen and F. Guillaume Blanchet and Michael
                  Friendly and Roeland Kindt and Pierre Legendre and
                  Dan McGlinn and Peter R. Minchin and R. B. O'Hara
                  and Gavin L. Simpson and Peter Solymos and M. Henry
                  H. Stevens and Eduard Szoecs and Helene Wagner},
  year =	 {2016},
  note =	 {R package version 2.4-1},
  url =		 {https://CRAN.R-project.org/package=vegan},
}

@Article{ray09,
  author =	 {J C W Rayner and E {J} Beh},
  title =	 {Towards a Better Understanding of Correlation},
  journal =	 {Statistica Neerlandica},
  volume =	 63,
  year =	 2009,
  pages =	 {324--333},
  doi =		 {10.1111/j.1467-9574.2009.00425.x},
}

@Article{rin92,
  author =	 {T J Ringrose},
  title =	 {Bootstrapping and Correspondence Analysis in
                  Archaeology},
  journal =	 {Journal of Archaeological Science},
  volume =	 19,
  year =	 1992,
  pages =	 {615--629},
  doi =		 {10.1016/0305-4403(92)90032-x},
}

@Article{rin96,
  author =	 {T J Ringrose},
  title =	 {Alternative Confidence Regions for Canonical Variate
                  Analysis},
  journal =	 {Biometrika},
  volume =	 83,
  year =	 1996,
  pages =	 {575--587},
  doi =		 {10.1093/biomet/83.3.575},
}

@Article{rin12,
  author =	 {T J Ringrose},
  title =	 {Bootstrap Confidence Regions for Correspondence
                  Analysis},
  journal =	 {Journal of Statistical Computation and Simulation},
  volume =	 83,
  year =	 2012,
  pages =	 {1397--1413},
  doi =		 {10.1080/00949655.2011.579968},
}

@Manual{rip02,
  title =	 {MASS: Support Functions and Datasets for Venables
                  and Ripley's MASS},
  author =	 {Brian Ripley},
  year =	 2016,
  note =	 {R package version 7.3-45},
  url =		 {https://CRAN.R-project.org/package=MASS},
}

@Misc{tat99,
  author =	 {K Tateneni and W M Browne},
  title =	 {CorAna: Simple and Joint Correspondence Analysis},
  howpublished =
                  {\url{http://faculty.psy.ohio-state.edu/browne/software.php},
                  (last date accessed 2nd July, 2008)},
  year =	 1999,
}

@Article{tal86,
  author =	 {B Tallur},
  title =	 {Un Nouvel Indice d'Agr\'{e}gation en Classification
                  Ascendante Hi\'{e}rarchique.},
  journal =	 {Revue de Statistique Appliqu\'{e}e},
  volume =	 34,
  number =	 2,
  year =	 1986,
  pages =	 {25--35},
  doi =		 {10.3406/estat.1972.1210},
}

@Article{thi97,
  author =	 {J Thioulouse and D Chessel and S Dol\'{e}dec and {J}
                  M Olivier},
  title =	 {{ADE-4}: A Multivariate Analysis and Graphical
                  Display Software},
  journal =	 {Statistics and Computing},
  volume =	 7,
  year =	 1997,
  pages =	 {75--83},
  doi =		 {10.1023/a:1018513530268},
}

@Article{tim07,
  author =	 {E M Timmerman and L A H Kiers and K A Smilde},
  title =	 {Estimating Confidence Intervals for Principal
                  Component Loadings: A Comparison Between the
                  Bootstrap and Asymptotic Results},
  journal =	 {British Journal of Mathematical and Statistical
                  Psychology},
  volume =	 60,
  year =	 2007,
  pages =	 {295--314},
  doi =		 {10.1348/000711006x109636},
}

@Article{van95,
  author =	 {H M {Van IJzendoorn}},
  title =	 {Adult Attachment Representations, Parental
                  Responsiveness and Infant Attachment. A
                  Meta-Analysis on the Predictive Validity of the
                  Adult Attachment Interview},
  journal =	 {Psychological Bulletin},
  volume =	 117,
  year =	 1995,
  pages =	 {387--403},
  doi =		 {10.1037/0033-2909.117.3.387},
}

@Book{venrip99,
  author =	 {W N Venables and B D Ripley},
  title =	 {Modern Applied Statistics with {S}},
  publisher =	 {Springer-Verlag},
  edition =	 {4th},
  year =	 2002,
  doi =		 {10.1007/978-0-387-21706-2},
}

@Article{ExPosition,
  title =	 {An {ExPosition} of Multivariate Analysis with the
                  Singular Value Decomposition in {R}},
  author =	 {Derek Beaton and Cherise R. Chin Fatt and Herve
                  Abdi},
  journal =	 {Computational Statistics \& Data Analysis},
  volume =	 72,
  pages =	 {176-189},
  year =	 2014,
  doi =		 {10.1016/j.csda.2013.11.006},
}

@Manual{cavariants,
  title =	 {{CAvariants}: Correspondence Analysis Variants},
  author =	 {Rosaria Lombardo and Eric J Beh},
  year =	 {2017},
  note =	 {R package version 3.4},
  url =		 {https://CRAN.R-project.org/package=CAvariants},
}

@InCollection{abd07,
  author =	 {Abdi, H},
  title =	 {Discriminant Correspondence Analysis},
  publisher =	 {Sage Publications, Inc.},
  pages =	 {270-275},
  booktitle =	 {Encyclopedia of Measurement and Statistics},
  editor =	 {Neil J. Salkind},
  year =	 {2007}
}

@Article{will10,
  author =	 {Williams, J L and Abdi, H and French, R and Orange,
                  B J},
  title =	 {A Tutorial on Multi-Block Discriminant
                  Correspondence Analysis ({MUDICA}): A New Method for
                  Analyzing Discourse Data from Clinical Populations},
  journal =	 {Journal of Speech Language and Hearing Research},
  volume =	 {53},
  year =	 {2010},
  pages =	 {1372--1393}
}

@book{CAvariants,
author = {R.~{Lombardo and E.~J. Beh}},
title = {{CAvariants: Correspondence Analysis Variants, }},
publisher = {R package version 3.4},
year = {2017},
url = {https://CRAN.R-project.org/package=CAvariants}
}

