@book{Cooke:expert:1991,
author = {R.~{Cooke}},
title = {{Experts in Uncertainty}},
publisher = {Oxford University Press},
year = {1991}
}
@book{Cooke:database:2008,
author = {R.~{Cooke and L.~Goossens}},
title = {{TU Delft expert judgment data base}},
publisher = {Reliability Engineering and System Safety 93(5):},
pages = {657--674},
year = {2008}
}
@book{actuar,
author = {C.~{Dutang, V.~Goulet, and M.~Pigeon}},
title = {{pkgactuar: An R package for actuarial science}},
publisher = {Journal of Statistical Software 25 (7)},
year = {2008},
url = {http://www.jstatsoft.org/v25/i07}
}
@book{Goulet:lossdist:2008,
author = {V.~{Goulet and M.~Pigeon}},
title = {{Statistical modeling of loss distributions using pkgactuar}},
publisher = {R News 8 (1):  May},
pages = {34--40},
year = {2008},
url = {http://cran.r-project.org/doc/Rnews/Rnews_2008-1.pdf}
}
@book{Goulet:expert-intro:2009,
author = {V.~{Goulet, M.~Jacques, and M.~Pigeon}},
title = {{Modeling of data using expert opinion: An actuarial perspective}},
publisher = {In preparation},
year = {2008}
}
@book{Kadane:elicitation:1988,
author = {J.~B. {Kadane and R.~L. Winkler}},
title = {{Separating probability elicitation from utilities}},
publisher = {Journal of the American Statistical Association 83(402):},
pages = {357--363},
year = {1988}
}
@book{Kadane:elicitation:1998,
author = {J.~B. {Kadane and L.~J. Wolfson}},
title = {{Experiences in elicitation}},
publisher = {The Statistician 47 (1):},
pages = {3--19},
year = {1998}
}
@book{Klugman:lossmodels:1998,
author = {S.~A. {Klugman, H.~H. Panjer, and G.~Willmot}},
title = {{Loss Models: From Data to Decisions}},
publisher = {Wiley New York},
year = {1998},
isbn = {0-4712388-4-8}
}
@book{Mendel:expert:1989,
author = {M.~{Mendel and T.~Sheridan}},
title = {{Filtering information from human experts}},
publisher = {IEEE Transactions on Systems Man and Cybernetics,36 (1):},
pages = {6--16},
year = {1989}
}
@book{Ohagan:expert:2006,
author = {A.~O'{Hagan, C.~Buck, C.~Daneshkhah, J.~Eiser, P.~Garthwaite, D.~Jenkinson, J.~Oakley, and T.~Rakow}},
title = {{Uncertain Judgements}},
publisher = {Wiley},
year = {2006}
}
@book{Ouchi:expert:2004,
author = {F.~{Ouchi}},
title = {{A literature review on the use of expert opinion in probabilistic risk analysis}},
publisher = {Policy Research Working Paper 3201 World Bank},
year = {2004},
url = {http://econ.worldbank.org/}
}
@book{Pigeon:msc:2008,
author = {M.~{Pigeon}},
title = {{Utilisation d'avis d'experts en actuariat}},
publisher = {Master's thesis Universit√© Laval},
year = {2008}
}
@book{Tversky:judgment:1974,
author = {A.~{Tversky and D.~Kahneman}},
title = {{Judgment under uncertainty: Heuristics and biases}},
publisher = {Science New Series 185 (4157):},
pages = {1124--1131},
year = {1974}
}








