% This file was created with JabRef 2.10.
% Encoding: MacRoman


@article{PLot12,
  title={Nomenclature for immune correlates of protection after vaccination},
  author={Plotkin, Stanley A and Gilbert, Peter B},
  journal={Clinical Infectious Diseases},
  volume={54},
  number={11},
  pages={1615--1617},
  year={2012},
  publisher={Oxford University Press}
}

@Article{AHern88,
  Title                    = {Does chemotherapy improve survival in advanced breast cancer? A statistical overview},
  Author                   = {A'Hern, RP and Ebbs, SR and Baum, MB},
  Journal                  = {Br J Cancer},
  Year                     = {1988},

  Month                    = {06},
  Number                   = {6},
  Pages                    = {615--618},
  Volume                   = {57}
}

@Article{Zosterpap2,
  Title                    = {Epidemiology and burden of herpes zoster and post-herpetic neuralgia in Australia, Asia and South America},
  Author                   = {LQ Araujo and CR Macintyre and C Vujacich},
  Journal                  = {the Journal of the IHMF},
  Year                     = {2007},
  Pages                    = {40--44},
  Volume                   = {14}
}

@Article{Barlow94,
  Title                    = {Robust Variance Estimation for the Case-Cohort Design},
  Author                   = {Barlow, William E.},
  Journal                  = {Biometrics},
  Year                     = {1994},
  Number                   = {4},
  Pages                    = {pp. 1064-1072},
  Volume                   = {50}
}

@Article{Barlow99,
  Title                    = {Analysis of Case-Cohort Designs},
  Author                   = {William E. Barlow and Laura Ichikawa and Dan Rosner and Shizue Izumi},
  Journal                  = {Journal of Clinical Epidemiology},
  Year                     = {1999},
  Number                   = {12},
  Pages                    = {pp. 1165-1172},
  Volume                   = {52}
}

@Article{Bhatia14,
  Title                    = {Microfluidic organs-on-chips},
  Author                   = {Bhatia, Sangeeta N. and Ingber, Donald E.},
  Journal                  = {nature biotechnology},
  Year                     = {2014},
  Number                   = {8},
  Pages                    = {760-772},
  Volume                   = {32}
}

@Article{Biller00,
  Title                    = {Adaptive Bayesian Regression Splines in Semiparametric Generalized Linear Models},
  Author                   = {Biller, Clemens},
  Journal                  = {Journal of Computational and Graphical Statistics},
  Year                     = {2000},
  Number                   = {1},
  Pages                    = {122-140},
  Volume                   = {9}
}

@Article{Boehme10,
  Title                    = {Rapid Molecular Detection of Tuberculosis and Rifampin Resistance},
  Author                   = {Boehme, Catharina C. and Nabeta, Pamela and Hillemann, Doris and Nicol, Mark P. and Shenai, Shubhada and Krapp, Fiorella and Allen, Jenny and Tahirli, Rasim and Blakemore, Robert and Rustomjee, Roxana and Milovic, Ana and Jones, Martin and O'Brien, Sean M. and Persing, David H. and Ruesch-Gerdes, Sabine and Gotuzzo, Eduardo and Rodrigues, Camilla and Alland, David and Perkins, Mark D.},
  Journal                  = {New England Journal of Medicine},
  Year                     = {2010},
  Number                   = {11},
  Pages                    = {1005-1015},
  Volume                   = {363}
}

@Article{Borgan00,
  Title                    = {Exposure Stratified Case-Cohort Designs},
  Author                   = {Borgan, Ornulf and Langholz, Bryan and Samuelsen, SvenOve and Goldstein, Larry and Pogoda, Janice},
  Journal                  = {Lifetime Data Analysis},
  Year                     = {2000},
  Pages                    = {39-58},
  Volume                   = {6},

  Issue                    = {1},
  Publisher                = {Springer Netherlands}
}

@Article{Breslow88,
  Title                    = {Logistic Regression for Two-Stage Case-Control Data},
  Author                   = {Breslow, N. E. and Cain, K. C.},
  Journal                  = {Biometrika},
  Year                     = {1988},
  Number                   = {1},
  Pages                    = {pp. 11-20},
  Volume                   = {75},

  Publisher                = {Biometrika Trust}
}

@Article{Breslow97,
  Title                    = {Maximum Likelihood Estimation of Logistic Regression Parameters under Two-phase, Outcome-dependent Sampling},
  Author                   = {Breslow, Norman E. and Holubkov, Richard},
  Journal                  = {Journal of the Royal Statistical Society: Series B (Statistical Methodology)},
  Year                     = {1997},
  Number                   = {2},
  Pages                    = {447--461},
  Volume                   = {59},

  Publisher                = {Blackwell Publishers Ltd.}
}

@Article{Breslow09,
  Title                    = {Improved Horvitz-Thompson Estimation of Model Parameters from Two-phase Stratified Samples: Applications in Epidemiology},
  Author                   = {Breslow, Norman E. and Lumley, Thomas and Ballantyne, Christie M. and Chambless, Lloyd E. and Kulich, Michal},
  Journal                  = {Statistics in Biosciences},
  Year                     = {2009},
  Volume                   = {1},

  Issue                    = {32},
  Publisher                = {Stat Biosci.}
}

@Article{Breslow07,
  Title                    = {Weighted Likelihood for Semiparametric Models and Two-phase Stratified Samples, with Application to Cox Regression},
  Author                   = {Breslow, Norman E. and Wellner, Jon A.},
  Journal                  = {Scandinavian Journal of Statistics},
  Year                     = {2007},
  Number                   = {1},
  Pages                    = {86--102},
  Volume                   = {34},

  Publisher                = {Blackwell Publishing Ltd}
}

@Article{STEP,
  Title                    = {Efficacy assessment of a cell-mediated immunity HIV-1 vaccine (the Step Study): a double-blind, randomised, placebo-controlled, test-of-concept trial},
  Author                   = {SP Buchbinder and DV Mehrotra and A Duerr and DW Fitzgerald and R Mogg and D Li and PB Gilbert and JR Lama and M Marmor and C del Rio and MJ Mcelrath and DR Casimiro and KM Gottesdiener and JA Chodakewitz and L Corey and MN Robertson},
  Journal                  = {The Lancet},
  Year                     = {2008},
  Number                   = {9653},
  Pages                    = {1881--1893},
  Volume                   = {372}
}

@Article{Buchbinder08,
  Title                    = {Efficacy assessment of a cell-mediated immunity HIV-1 vaccine (the Step Study): a double-blind, randomised, placebo-controlled, test-of-concept trial},
  Author                   = {Susan P Buchbinder and Devan V Mehrotra and Ann Duerr and Daniel W Fitzgerald and Robin Mogg and David Li and Peter B Gilbert and Javier R Lama and Michael Marmor and Carlos del Rio and M Juliana McElrath and Danilo R Casimiro and Keith M Gottesdiener and Jeffrey A Chodakewitz and Lawrence Corey and Michael N Robertson},
  Journal                  = {The Lancet},
  Year                     = {2008},
  Number                   = {9653},
  Pages                    = {1881 - 1893},
  Volume                   = {372}
}

@Article{Bura01,
  Title                    = {The Binary Regression Quantile Plot: Assessing the Importance of Predictors in Binary Regression Visually},
  Author                   = {Bura, Efstathia and Gastwirth, Joseph L.},
  Journal                  = {Biometrical Journal},
  Year                     = {2001},
  Number                   = {1},
  Pages                    = {5--21},
  Volume                   = {43}
}

@Article{Burgess12,
  Title                    = {Combining multiple imputation and meta-analysis with individual participant data},
  Author                   = {Burgess, Stephen and White, Ian R. and Resche-Rigon, Matthieu and Wood, Angela M.},
  Journal                  = {Statistics in Medicine},
  Year                     = {2013},

  Bdsk-url-1               = {http://dx.doi.org/10.1002/sim.5844},
  Doi                      = {10.1002/sim.5844},
  ISSN                     = {1097-0258}
}

@Article{Buyse00,
  Title                    = {The validation of surrogate endpoints in meta-analyses of randomized experiments},
  Author                   = {Buyse, M. and Molenberghs, G. and Burzykowski, T. and Renard, D. and Geys, H.},
  Journal                  = {Biostatistics},
  Year                     = {2000},
  Number                   = {1},
  Pages                    = {49-67},
  Volume                   = {1}
}

@Article{Carroll95,
  Title                    = {Prospective Analysis of Logistic Case-Control Studies},
  Author                   = {Carroll, R. J. and Wang, Suojin and Wang, C. Y.},
  Journal                  = {Journal of the American Statistical Association},
  Year                     = {1995},
  Number                   = {429},
  Pages                    = {pp. 157-169},
  Volume                   = {90},

  Publisher                = {American Statistical Association}
}

@PhdThesis{ChatterjeeDiss,
  Title                    = {A Pseudoscore Estimator for Regression Problems With Two-Phase Sampling},
  Author                   = {Chatterjee, Nilanjan},
  School                   = {University of Washington; Department of Statistics},
  Year                     = {1999},

  Address                  = {Chair: Wellner, Jon and Norman Breslow},
  Type                     = {Doctor of Philosophy Dissertation}
}

@Article{Chatterjee07,
  Title                    = {A semiparametric pseudo-score method for analysis of two-phase studies with continuous phase-I covariates},
  Author                   = {Chatterjee, Nilanjan and Chen, Yi-Hau},
  Journal                  = {Lifetime Data Analysis},
  Year                     = {2007},
  Pages                    = {607--22},
  Volume                   = {13},

  Issue                    = {4},
  Publisher                = {Springer Netherlands}
}

@Article{Chatterjee03,
  Title                    = {A Pseudoscore Estimator for Regression Problems With Two-Phase Sampling},
  Author                   = {Chatterjee, Nilanjan and Chen, Yi-Hau and Breslow, Norman E.},
  Journal                  = {Journal of the American Statistical Association},
  Year                     = {2003},
  Number                   = {461},
  Pages                    = {158--68},
  Volume                   = {98}
}

@Article{Chen07,
  Title                    = {Criteria for surrogate end points},
  Author                   = {Chen, Hua and Geng, Zhi and Jia, Jinzhu},
  Journal                  = {Journal of the Royal Statistical Society: Series B (Statistical Methodology)},
  Year                     = {2007},
  Number                   = {5},
  Pages                    = {919--932},
  Volume                   = {69},

  Keywords                 = {Causal inference, Causal network, Surrogate end point}
}

@Article{Chen99,
  Title                    = {Proportional Hazards Regression with Missing Covariates},
  Author                   = {Chen, Hua Yun and Little, Roderick J. A.},
  Journal                  = {Journal of the American Statistical Association},
  Year                     = {1999},
  Number                   = {447},
  Pages                    = {896-908},
  Volume                   = {94}
}

@Article{Chen05,
  Title                    = {Pseudo-likelihood ratio tests for semiparametric multivariate copula model selection},
  Author                   = {Chen, Xiaohong and Fan, Yanqin},
  Journal                  = {Canadian Journal of Statistics},
  Year                     = {2005},
  Number                   = {3},
  Pages                    = {389--414},
  Volume                   = {33},

  Publisher                = {Wiley-Blackwell}
}

@Article{Clements98,
  Title                    = {Lessons for AIDS vaccine development from non-AIDS vaccines},
  Author                   = {Clements-Mann, ML},
  Journal                  = {AIDS Research Human Retroviruses},
  Year                     = {1998},
  Pages                    = {197--203},
  Volume                   = {Supplement 3}
}

@Article{Conlon14,
  Title                    = {Surrogacy assessment using principal stratification when surrogate and outcome measures are multivariate normal},
  Author                   = {Conlon, Anna SC and Taylor, Jeremy MG and Elliott, Michael R},
  Journal                  = {Biostatistics},
  Year                     = {2014},
  Number                   = {2},
  Pages                    = {266--283},
  Volume                   = {15},

  Publisher                = {Biometrika Trust}
}

@Article{Cox,
  Title                    = {Regression Models and Life-Tables},
  Author                   = {Cox, D. R.},
  Journal                  = {Journal of the Royal Statistical Society. Series B (Methodological)},
  Year                     = {1972},
  Number                   = {2},
  Pages                    = {187-220},
  Volume                   = {34}
}

@Article{Dai12,
  Title                    = {A unified procedure for meta-analytic evaluation of surrogate end points in randomized clinical trials},
  Author                   = {Dai, J. Y. and Hughes, J. P.},
  Journal                  = {Biostatistics},
  Year                     = {2012},
  Number                   = {4},
  Pages                    = {609-624},
  Volume                   = {13}
}

@Article{Daniels97,
  Title                    = {Meta-analysis for the evaluation of potential surrogate markers},
  Author                   = {Daniels, Michael J. and Hughes, Michael D.},
  Journal                  = {Statistics in Medicine},
  Year                     = {1997},
  Number                   = {17},
  Pages                    = {1965--1982},
  Volume                   = {16}
}

@Article{Dasgupta07,
  Title                    = {Non-identifiable parametric probability models and reparametrization},
  Author                   = {Abhijit Dasgupta and Steven G. Self and Somesh Das Gupta},
  Journal                  = {Journal of Statistical Planning and Inference},
  Year                     = {2007},
  Number                   = {11},
  Pages                    = {3380--93},
  Volume                   = {137}
}

@Article{Dunning08,
  Title                    = {Comment on Evaluating a surrogate endpoint at three levels, with application to vaccine development},
  Author                   = {Dunning, AJ},
  Journal                  = {Statistics in Medicine},
  Year                     = {2008},
  Number                   = {29},
  Pages                    = {6268--6270},
  Volume                   = {27}
}

@Article{Efron97,
  Title                    = {Improvements on Cross-Validation: The 632+ Bootstrap Method},
  Author                   = {Efron, Bradley and Tibshirani, Robert},
  Journal                  = {Journal of the American Statistical Association},
  Year                     = {1997},
  Number                   = {438},
  Pages                    = {548-560},
  Volume                   = {92}
}

@Article{Elliott14,
  Title                    = {Surrogacy marker paradox measures in meta-analytic settings},
  Author                   = {Elliott, Michael R. and Conlon, Anna S.C. and Li, Yun and Kaciroti, Nico and Taylor, Jeremy M.G.},
  Journal                  = {Biostatistics},
  Year                     = {2014}
}

@Manual{surrogate,
  Title                    = {Surrogate: Evaluation of Surrogate Endpoints in Clinical Trials},
  Author                   = {Wim Van der Elst and Paul Meyvisch and Ariel Alonso and Hannah M. Ensor and Christopher J. Weir \& Geert Molenberghs},
  Note                     = {R package version 0.1-79},
  Year                     = {2016},

  Url                      = {https://CRAN.R-project.org/package=Surrogate}
}

@Article{Ferguson74,
  Title                    = {Prior Distributions on Spaces of Probability Measure},
  Author                   = {Ferguson, Thomas S.},
  Journal                  = {The Annals of Statistics},
  Year                     = {1974},
  Number                   = {4},
  Pages                    = {615-629},
  Volume                   = {2}
}

@Article{flemming96,
  Title                    = {Surrogate End Points in Clinical Trials: Are We Being Misled?},
  Author                   = {Fleming, TR and Demets, DL},
  Journal                  = {Annals of Internal Medicine},
  Year                     = {1996},
  Number                   = {7},
  Pages                    = {605--613},
  Volume                   = {125}
}

@Article{Fleming94,
  Title                    = {Surrogate markers in aids and cancer trials},
  Author                   = {Fleming, Thomas R.},
  Journal                  = {Statistics in Medicine},
  Year                     = {1994},
  Number                   = {13-14},
  Pages                    = {1423--1435},
  Volume                   = {13}
}

@Article{vaxgen004,
  Title                    = {Placebo-controlled phase 3 trial of a recombinant glycoprotein 120 vaccine to prevent HIV-1 infection},
  Author                   = {Flynn, MN and Forthal, DN and Harro, CD and Judson, FN and Mayer, KH and Para, MF and Gilbert, PB and Hudgens, MG and Metch, BJ and Self, SG and Berman, PW and Francis, DP and Gurwith, M and Heyward, WL and Jobes, DV and Peterson, ML and Popovic, V and Sinangil, FM and Gurwith, M and Jobes, DV and Peterson, ML and Sinangil, FM and Berman, PW and Francis, DP and Heyward, WL and Gilbert, PB and Hudgens, MG and Metch, BJ and Self, SG and Adamczyk, A and Baker, RL and Brand, D and Brown, SJ and Buchbinder, S and Buggy, BP and Cade, J and Caldwell, MC and Celum, C and Creticos, C and Coutinho, RA and Lindenburg, K and Daly, P and DeJesus, E and Di-Carlo, R and Fenstersheib, M and Flynn, N and Forthal, D and Gripshover, B and Gorse, GJ and Belshe, R and Grossman, H and Harro, CD and Henry, K and Hewitt, RG and Hogg, R and Jacobson, JM and Jemsek, J and Judson, F and Kahn, JO and Keefer, MC and Kessler, H and Koblin, B and Kostman, J and Lally, M and Logue, K and Marmor, M and Mayer, K and McKinsey, D and Miskin, BM and Morales, JO and Mulligan, MJ and Myers, RA and Novak, R and Para, M and Piliero, P and Poblete, R and Rhame, F and Riddler, S and Richter, RW and Sampson, JH and Sands, M and Santiago, S and Shikuma, C and Somero, MS and Thomas, E and Thompson, M and Tyring, SK and Vincelette, J and Vrooman, PS and Yangco, BG and {rgp120 HIV Vaccine Study Grp}},
  Journal                  = {Journal of Infectious Diseases},
  Year                     = {2005},
  Number                   = {5},
  Pages                    = {654--665},
  Volume                   = {191}
}

@Article{Follmann06,
  Title                    = {Augmented Designs to Assess Immune Response in Vaccine Trials},
  Author                   = {Follmann, D},
  Journal                  = {Biometrics},
  Year                     = {2006},
  Number                   = {4},
  Pages                    = {1161--1169},
  Volume                   = {62}
}

@Article{Frangakis02,
  Title                    = {Principal Stratification in Causal Inference},
  Author                   = {Frangakis, CE and Rubin, DB},
  Journal                  = {Biometrics},
  Year                     = {2002},
  Number                   = {1},
  Pages                    = {21--29},
  Volume                   = {58}
}

@Article{Freedman92,
  Title                    = {Statistical validation of intermediate endpoints for chronic diseases},
  Author                   = {Freedman, Laurence S. and Graubard, Barry I. and Schatzkin, Arthur},
  Journal                  = {Statistics in Medicine},
  Year                     = {1992},
  Number                   = {2},
  Pages                    = {167--178},
  Volume                   = {11}
}

@Article{Gabriel15b,
  Title                    = {Augmented Trial Designs for Evaluation of Principal Surrogates},
  Author                   = {Erin E Gabriel and Dean Follmann},
  Journal                  = {Biostatistics},
  Year                     = {2016},
  Number                   = {3},
  Pages                    = {453--467},
  Volume                   = {17},

  Date-added               = {2015-11-03 16:28:37 +0000},
  Date-modified            = {2015-11-03 16:29:40 +0000}
}

@Article{Gabriel14,
  Title                    = {Evaluating principal surrogate endpoints with time-to-event data accounting for time-varying treatment efficacy},
  Author                   = {Gabriel, Erin E. and Gilbert, Peter B.},
  Journal                  = {Biostatistics},
  Year                     = {2014},
  Number                   = {2},
  Pages                    = {251-265},
  Volume                   = {15}
}

@Article{Gabriel15,
  Title                    = {Comparing and combining biomarkers as principle surrogates for time-to-event clinical endpoints},
  Author                   = {Gabriel, Erin E. and Sachs, Michael C. and Gilbert, Peter B.},
  Journal                  = {Statistics in Medicine},
  Year                     = {2015},
  Number                   = {3},
  Pages                    = {381--395},
  Volume                   = {34},

  Bdsk-url-1               = {http://dx.doi.org/10.1002/sim.6349},
  Doi                      = {10.1002/sim.6349},
  ISSN                     = {1097-0258}
}

@Article{Gail00,
  Title                    = {On meta-analytic assessment of surrogate outcomes},
  Author                   = {Gail, MH and Pfeiffer, R and van Houwelingen, HC. and Carroll, RJ},
  Journal                  = {Biostatistics},
  Year                     = {2000},
  Number                   = {3},
  Pages                    = {231--246},
  Volume                   = {1}
}

@Article{Gilbert11rv144,
  Title                    = {Statistical Interpretation of the RV144 HIV Vaccine Efficacy Trial in Thailand: A Case Study for Statistical Issues in Efficacy Trials},
  Author                   = {Gilbert, PB. and Berger, JO. and Stablein, D and Becker, S and Essex, M and Hammer, SM. and Kim, JH. and DeGruttola, VG.},
  Journal                  = {Journal of Infectious Diseases},
  Year                     = {2011},
  Number                   = {7},
  Pages                    = {969--975},
  Volume                   = {203}
}

@Article{Gilbert11,
  Title                    = {A Sequential Phase 2b Trial Design for Evaluating Vaccine Efficacy and Immune Correlates for Multiple HIV Vaccine Regimens},
  Author                   = {PB Gilbert and D Grove and E Gabriel and Y Huang and G Gray and SM Hammer and SP Buchbinder and J Kublin and L Corey and SG Self},
  Journal                  = {Statistical Communications in Infectious Diseases},
  Year                     = {2011},
  Number                   = {1},
  Volume                   = {3}
}

@Article{Gilbert08,
  Title                    = {Evaluating Candidate Principal Surrogate Endpoints},
  Author                   = {Gilbert, PB and Hudgens, MG},
  Journal                  = {Biometrics},
  Year                     = {2008},
  Number                   = {4},
  Pages                    = {1146--1154},
  Volume                   = {64}
}

@Article{Gilbertvax,
  Title                    = {Correlation between immunologic responses to a recombinant glycoprotein 120 vaccine and incidence of HIV-1 infection in a phase 3 HIV-1 preventive vaccine trial},
  Author                   = {PB Gilbert and ML Peterson and D Follmann and MG Hudgens and DP Francis and M Gurwith and WL Heyward and DV Jobes and V Popovic and SG Self and F Sinangil and D Burke and PW Berman},
  Journal                  = {Journal of Infectious Diseases},
  Year                     = {2005},
  Number                   = {5},
  Pages                    = {666--677},
  Volume                   = {191}
}

@Article{Gilbert08b,
  Title                    = {Evaluating a surrogate endpoint at three levels, with application to vaccine development},
  Author                   = {Gilbert, PB and Qin, L and Self, SG},
  Journal                  = {Statistics in Medicine},
  Year                     = {2008},
  Number                   = {23},
  Pages                    = {4758--4778},
  Volume                   = {27}
}

@Article{gabriel14b,
  Title                    = {Fold rise in antibody titers by measured by glycoprotein-based enzyme-linked immunosorbent assay is an excellent correlate of protection for a herpes zoster vaccine, demonstrated via the vaccine efficacy curve},
  Author                   = {Gilbert, Peter B and Gabriel, Erin E and Miao, Xiaopeng and Li, Xiaoming and Su, Shu-Chih and Parrino, Janie and Chan, Ivan SF},
  Journal                  = {Journal of Infectious Diseases},
  Year                     = {2014},
  Number                   = {10},
  Pages                    = {1573--1581},
  Volume                   = {210},

  Publisher                = {Oxford University Press}
}

@Article{Gilbert14,
  Title                    = {Surrogate Endpoint Evaluation: Principal Surrogate Criteria and the Prentice Definition},
  Author                   = {Gilbert, Peter B and Huang, Ying and Gabriel, Erin E.},
  Journal                  = {Submitted},
  Year                     = {2014}
}

@Article{Comment1,
  Title                    = {Commentary on "Principal Stratification‚ a Goal or a Tool?" by Judea Pearl},
  Author                   = {Gilbert, Peter B. and Hudgens, Michael G. and Wolfson, Julian},
  Journal                  = {The International Journal of Biostatistics},
  Year                     = {2011},
  Number                   = {1},
  Volume                   = {7}
}

@Article{Grambsch94,
  Title                    = {Proportional Hazards Tests and Diagnostics Based on Weighted Residuals},
  Author                   = {Grambsch, Patricia M. and Therneau, Terry M.},
  Journal                  = {Biometrika},
  Year                     = {1994},
  Number                   = {3},
  Pages                    = {pp. 515-526},
  Volume                   = {81}
}

@Article{Gu10,
  Title                    = {Measures to Summarize and Compare the Predictive Capacity of Markers},
  Author                   = {Wen Gu and Margaret Pepe},
  Journal                  = {The International Journal of Biostatistics},
  Year                     = {2011},
  Number                   = {1},
  Pages                    = {1-30},
  Volume                   = {5}
}

@Article{Haynes12,
  Title                    = {Immune-Correlates Analysis of an HIV-1 Vaccine Efficacy Trial},
  Author                   = {Haynes, Barton F. and Gilbert, Peter B. and McElrath, M. Juliana and et al.},
  Journal                  = {New England Journal of Medicine},
  Year                     = {2012},
  Number                   = {14},
  Pages                    = {1275-1286},
  Volume                   = {366}
}

@Article{Heagerty99,
  Title                    = {Semiparametric estimation of regression quantiles with application to standardizing weight for height and age in US children},
  Author                   = {Heagerty, PJ and Pepe, MS},
  Journal                  = {Journal of the Royal Statistical Society: Series C (Applied Statistics)},
  Year                     = {1999},
  Number                   = {4},
  Pages                    = {533--551},
  Volume                   = {48}
}

@Article{Heagerty00,
  Title                    = {Time-Dependent ROC Curves for Censored Survival Data and a Diagnostic Marker},
  Author                   = {Heagerty, Patrick J. and Lumley, Thomas and Pepe, Margaret S.},
  Journal                  = {Biometrics},
  Year                     = {2000},
  Number                   = {2},
  Pages                    = {337--44},
  Volume                   = {56}
}

@Article{Hernan10,
  Title                    = {The Hazards of Hazard Ratios},
  Author                   = {Hern{\'a}n, M.},
  Journal                  = {Epidemiology},
  Year                     = {2010},
  Number                   = {1},
  Volume                   = {21}
}

@Article{Zosterpap4,
  Title                    = {Estimating the cost-effectiveness of vaccination against herpes zoster in England and Wales},
  Author                   = {A.J. van Hoek and N. Gay and A. Melegaro and W. Opstelten and W.J. Edmunds},
  Journal                  = {Vaccine},
  Year                     = {2009},
  Number                   = {9},
  Pages                    = {1454--1467},
  Volume                   = {27}
}

@Article{Holmes01,
  Title                    = {Bayesian Regression with Multivariate Linear Splines},
  Author                   = {Holmes, CC and Mallick, BK},
  Journal                  = {Journal of the Royal Statistical Society Series B (Statistical Methodology)},
  Year                     = {2001},
  Number                   = {1},
  Pages                    = {3-17},
  Volume                   = {63}
}

@Article{Hope-Simpson65,
  Title                    = {The Nature of Herpes Zoster: A Long-term Study and a New Hypothesis},
  Author                   = {R Edgar Hope-Simpson},
  Journal                  = {Journal of the Royal Society of Medicine},
  Year                     = {1965},
  Number                   = {1},
  Pages                    = {9-20},
  Volume                   = {58}
}

@Article{Horvitz52,
  Title                    = {A Generalization of Sampling Without Replacement From a Finite Universe},
  Author                   = {Horvitz, D. G. and Thompson, D. J.},
  Journal                  = {Journal of the American Statistical Association},
  Year                     = {1952},
  Number                   = {260},
  Pages                    = {pp. 663-685},
  Volume                   = {47},

  Publisher                = {American Statistical Association}
}

@Article{Huang11,
  title={Comparing biomarkers as principal surrogate endpoints},
  author={Huang, Ying and Gilbert, Peter B},
  journal={Biometrics},
  volume={67},
  number={4},
  pages={1442--1451},
  year={2011},
  publisher={Wiley Online Library}
}

@Article{Huang12b,
  Title                    = {Assessing Treatment-Selection Markers using a Potential Outcomes Framework},
  Author                   = {Huang, Ying and Gilbert, Peter B. and Janes, Holly},
  Journal                  = {Biometrics},
  Year                     = {2012},

  ISSN                     = {1541-0420},
  Publisher                = {Blackwell Publishing Inc}
}

@Article{Huang12,
  Title                    = {Design and estimation for evaluating principal surrogate markers in vaccine trials},
  Author                   = {Huang, Ying and Gilbert, Peter B and Wolfson, Julian},
  Journal                  = {Biometrics},
  Year                     = {2013},
  Number                   = {2},
  Pages                    = {301--309},
  Volume                   = {69}
}

@Article{Huang07,
  Title                    = {Evaluating the Predictiveness of a Continuous Marker},
  Author                   = {Huang, Ying and Sullivan Pepe, Margaret and Feng, Ziding},
  Journal                  = {Biometrics},
  Year                     = {2007},
  Number                   = {4},
  Pages                    = {1181--188},
  Volume                   = {63}
}

@Article{Hughes02,
  Title                    = {Evaluating surrogate endpoints},
  Author                   = {MD Hughes},
  Journal                  = {Controlled Clinical Trials},
  Year                     = {2002},
  Number                   = {6},
  Pages                    = {703--707},
  Volume                   = {23}
}

@TechReport{HVTN505,
  Title                    = {Phase 2, randomized, placebo-controlled trial to evaluate the safety and effect on post-HIV acquisition viremia of a multiclade HIV-1 DNA plasmid vaccine followed by a multiclade HIV-1 recombinant adenoviral vector vaccine in HIV- uninfected, adenovirus type 5 neutralizing antibody negative, circumcised men},
  Author                   = {HVTN},
  Institution              = {DAIDS, NIAID, NIH, DHHS},
  Year                     = {2009},
  Number                   = {DAIDS DOCUMENT ID 10753},
  Type                     = {Study Protocol}
}

@Article{imai13,
  Title                    = {Experimental designs for identifying causal mechanisms},
  Author                   = {Imai, Kosuke and Tingley, Dustin and Yamamoto, Teppei},
  Journal                  = {Journal of the Royal Statistical Society: Series A (Statistics in Society)},
  Year                     = {2013},
  Number                   = {1},
  Pages                    = {5--51},
  Volume                   = {176},

  Publisher                = {Wiley Online Library}
}

@Article{Joffe09,
  Title                    = {Related Causal Frameworks for Surrogate Outcomes},
  Author                   = {Joffe, MM and Greene, T},
  Journal                  = {Biometrics},
  Year                     = {2009},
  Number                   = {2},
  Pages                    = {530--538},
  Volume                   = {65}
}

@Article{Zosterpap6,
  Title                    = {Pain following herpes zoster: The influence of changing population characteristics and medical developments},
  Author                   = {Robert W. Johnson and Andrew S.C. Rice},
  Journal                  = {Pain},
  Year                     = {2007},
  Number                   = {1‚{\"A}{\`\i}2},
  Pages                    = {3--5},
  Volume                   = {128}
}

@Article{Lee12,
  Title                    = {Linezolid for treatment of chronic extensively drug-resistant tuberculosis},
  Author                   = {Lee, Myungsun and Lee, Jongseok and Carroll, Matthew W and Choi, Hongjo and Min, Seonyeong and Song, Taeksun and Via, Laura E and Goldfeder, Lisa C and Kang, Eunhwa and Jin, Boyoung and others},
  Journal                  = {New England Journal of Medicine},
  Year                     = {2012},
  Number                   = {16},
  Pages                    = {1508--1518},
  Volume                   = {367},

  Publisher                = {Mass Medical Soc}
}

@Article{Li10,
  Title                    = {A Bayesian approach to surrogacy assessment using principal stratification in clinical trials},
  Author                   = {Li, Yun and Taylor, Jeremy MG and Elliott, Michael R},
  Journal                  = {Biometrics},
  Year                     = {2010},
  Number                   = {2},
  Pages                    = {523--531},
  Volume                   = {66},

  Publisher                = {Wiley Online Library}
}

@Article{Li08,
  Title                    = {Weighted Likelihood Method for Grouped Survival Data in Case-Cohort Studies with Application to HIV Vaccine Trials},
  Author                   = {Li, Zhiguo and Gilbert, Peter B. and Nan, Bin},
  Journal                  = {The University of Michigan Department of Biostatistics Working Paper Series},
  Year                     = {2007},
  Volume                   = {70}
}

@Book{Little02,
  Title                    = {Statistical analysis with Missing Data},
  Author                   = {Little, R.J.A. and Rubin, D. B.},
  Publisher                = {Wiley},
  Year                     = {2002},
  Edition                  = {2nd}
}

@Manual{survey,
  Title                    = {Survey: analysis of complex survey samples},
  Author                   = {Thomas Lumley},
  Note                     = {R package version 3.30},
  Year                     = {2014},

  Owner                    = {sachsmc},
  Timestamp                = {2016.03.11}
}

@Article{surveya,
  Title                    = {Analysis of complex survey samples},
  Author                   = {Thomas Lumley},
  Journal                  = {Journal of Statistical Software},
  Year                     = {2004},
  Number                   = {1},
  Pages                    = {1--19},
  Volume                   = {9},

  Owner                    = {sachsmc},
  Timestamp                = {2016.03.11}
}

@Article{McElrath08,
  Title                    = {HIV-1 vaccine-induced immunity in the test-of-concept Step Study: a case‚{\"A}{\`\i}cohort analysis},
  Author                   = {M Juliana McElrath and Stephen C De Rosa and Zoe Moodie and Sheri Dubey and Lisa Kierstead and Holly Janes and Olivier D Defawe and Donald K Carter and John Hural and Rama Akondy and Susan P Buchbinder and Michael N Robertson and Devan V Mehrotra and Steven G Self and Lawrence Corey and John W Shiver and Danilo R Casimiro},
  Journal                  = {The Lancet},
  Year                     = {2008},
  Number                   = {9653},
  Pages                    = {1894 - 1905},
  Volume                   = {372}
}

@Article{Moskowitz04a,
  Title                    = {Quantifying and comparing the accuracy of binary biomarkers when predicting a failure time outcome},
  Author                   = {Moskowitz, Chaya S. and Pepe, Margaret S.},
  Journal                  = {Statistics in Medicine},
  Year                     = {2004},
  Number                   = {10},
  Pages                    = {1555--1570},
  Volume                   = {23}
}

@Article{Moskowitz04b,
  Title                    = {Quantifying and Comparing the Predictive Accuracy of Continuous Prognostic Factors for Binary Outcomes},
  Author                   = {Moskowitz, Chaya S. and Pepe, Margaret S.},
  Journal                  = {Biostatistics},
  Year                     = {2004},
  Pages                    = {113--127},
  Volume                   = {5}
}

@Article{Mulligan09,
  Title                    = {Advances in human clinical trials of vaccines to prevent HIV/AIDS and other HIV prevention interventions},
  Author                   = {MJ Mulligan},
  Journal                  = {Current Infectious Disease Reports},
  Year                     = {2009},
  Number                   = {5},
  Pages                    = {399--406},
  Volume                   = {11}
}

@Book{Janeway7,
  Title                    = {Janeway's Immuno Biology: Seventh Edition},
  Author                   = {Murphy, K and Travers, P and Walport, M},
  Publisher                = {Garland Science, Taylor and Francis Group},
  Year                     = {2008}
}

@Article{Neyman38,
  Title                    = {Contribution to the Theory of Sampling Human Populations},
  Author                   = {Neyman, J.},
  Journal                  = {Journal of the American Statistical Association},
  Year                     = {1938},
  Number                   = {201},
  Pages                    = {pp. 101-116},
  Volume                   = {33},

  Publisher                = {American Statistical Association}
}

@Article{Zoster1,
  Title                    = {A Vaccine to Prevent Herpes Zoster and Postherpetic Neuralgia in Older Adults},
  Author                   = {Oxman, M.N. and Levin, M.J. and Johnson, G.R. and Schmader, K.E. and Straus, S.E. and Gelb, L.D. and Arbeit, R.D. and Simberkoff, M.S. and Gershon, A.A. and Davis, L.E. and Weinberg, A. and Boardman, K.D. and Williams, H.M. and Zhang, J. Hongyuan and Peduzzi, P.N. and Beisel, C.E. and Morrison, V.A. and Guatelli, J.C. and Brooks, P.A. and Kauffman, C.A. and Pachucki, C.T. and Neuzil, K.M. and Betts, R.F. and Wright, P.F. and Griffin, M.R. and Brunell, P. and Soto, N.E. and Marques, A.R. and Keay, S.K. and Goodman, R.P. and Cotton, D.J. and Gnann, J.W. and Loutit, J. and Holodniy, M. and Keitel, W.A. and Crawford, G.E. and Yeh, S.-S. and Lobo, Z. and Toney, J.F. and Greenberg, R.N. and Keller, P.M. and Harbecke, R. and Hayward, A.R. and Irwin, M.R. and Kyriakides, T.C. and Chan, C.Y. and Chan, I.S.F. and Wang, W.W.B. and Annunziato, P.W. and Silber, J.L.},
  Journal                  = {New England Journal of Medicine},
  Year                     = {2005},
  Number                   = {22},
  Pages                    = {2271-2284},
  Volume                   = {352}
}

@Article{Oxman10,
  Title                    = {Zoster Vaccine: Current Status and Future Prospects},
  Author                   = {Oxman, Michael N.},
  Journal                  = {Clinical Infectious Diseases},
  Year                     = {2010},
  Number                   = {2},
  Pages                    = {197-213},
  Volume                   = {51}
}

@Article{Pearl11A,
  Title                    = {Principal Stratification --- a Goal or a Tool?},
  Author                   = {Pearl, J},
  Journal                  = {International Journal of Biostatistics},
  Year                     = {2011},
  Note                     = {Article 20},
  Number                   = {1},
  Volume                   = {7}
}

@Book{Pearl00,
  Title                    = {Causality: Models, Reasoning, and Inference},
  Author                   = {Pearl, J.},
  Publisher                = {Cambridge University Press},
  Year                     = {2000}
}

@TechReport{Pearl11B,
  Title                    = {Transportability across studies: A formal approach},
  Author                   = {Pearl, J and Bareinboim, E},
  Institution              = {University of California, Los Angeles},
  Year                     = {2011},
  Month                    = {March},
  Number                   = {R-372}
}

@Article{Pepe91,
  Title                    = {A Nonparametric Method for Dealing With Mismeasured Covariate Data},
  Author                   = {Pepe, MS and Fleming, TR},
  Journal                  = {Journal of the American Statistical Association},
  Year                     = {1991},
  Number                   = {413},
  Pages                    = {108--113},
  Volume                   = {86}
}

@Article{vaxgen003,
  Title                    = {Randomized, double-blind, placebo-controlled efficacy trial of a bivalent recombinant glycoprotein 120 HIV-1 vaccine among injection drug users in Bangkok, Thailand},
  Author                   = {P Pitisuttithum and PB Gilbert and M Gurwith and W Heyward and M Martin and F van Griensven and D Hu and JW Tappero and K Choopanya and Bangkok Vaccine Evaluation},
  Journal                  = {Journal of Infectious Diseases},
  Year                     = {2005},
  Number                   = {12},
  Pages                    = {1661--1671},
  Volume                   = {194}
}

@Article{Plotkin09,
  Title                    = {Vaccines: the fourth century},
  Author                   = {Stanley A Plotkin},
  Journal                  = {Clin Vaccine Immunol},
  Year                     = {2009},

  Month                    = {Dec},
  Number                   = {12},
  Pages                    = {1709--19},
  Volume                   = {16}
}

@Article{Plotkin08,
  Title                    = {Correlates of Vaccine-Induced Immunity},
  Author                   = {Plotkin, Stanley A.},
  Journal                  = {Clinical Infectious Diseases},
  Year                     = {2008},
  Number                   = {3},
  Pages                    = {401-409},
  Volume                   = {47}
}

@Article{Plotkin12,
  Title                    = {Nomenclature for immune correlates of protection after vaccination.},
  Author                   = {Plotkin, SA and Gilbert, PB},
  Journal                  = {Clinical Infectious Diseases},
  Year                     = {2012},

  Month                    = {Jun},
  Number                   = {54},
  Pages                    = {1615--7},
  Volume                   = {11}
}

@Article{Prentice89,
  Title                    = {Surrogate endpoints in clinical trials: Definition and operational criteria},
  Author                   = {Prentice, RL},
  Journal                  = {Statistics in Medicine},
  Year                     = {1989},
  Number                   = {4},
  Pages                    = {431--440},
  Volume                   = {8}
}

@Article{Prentice86,
  Title                    = {On the Design of Synthetic Case-Control Studies},
  Author                   = {Prentice, Ross L.},
  Journal                  = {Biometrics},
  Year                     = {1986},
  Number                   = {2},
  Pages                    = {301--310},
  Volume                   = {42}
}

@Article{Prentice82,
  Title                    = {Covariate Measurement Errors and Parameter Estimation in a Failure Time Regression Model},
  Author                   = {Prentice, R. L.},
  Journal                  = {Biometrika},
  Year                     = {1982},
  Number                   = {2},
  Pages                    = {331-342},
  Volume                   = {69}
}

@Article{Pulendran10,
  Title                    = {Systems Vaccinology},
  Author                   = {Pulendran, B and Li, S and Nakaya, HI.},
  Journal                  = {Immunity},
  Year                     = {2010},

  Month                    = {10},
  Number                   = {4},
  Pages                    = {516--529},
  Volume                   = {33}
}

@Article{Qin07,
  Title                    = {A framework for assessing immunological correlates of protection in vaccine trials},
  Author                   = {Qin, L and Gilbert, PB and Corey, L and McElrath, MJ and Self, SG},
  Journal                  = {The Joutnal of Infectious Diseases},
  Year                     = {2007},
  Number                   = {9},
  Pages                    = {1304--1312},
  Volume                   = {196}
}

@Article{Qin08,
  Title                    = {Assesing Surrogate Endpoints in Vaccine Trails with Case-Cohort Sampling and the Cox Model},
  Author                   = {Qin, L and Gilbert, PB and Follmann, D and Dongfeng, L},
  Journal                  = {Annals of Applied Statistics},
  Year                     = {2008},
  Number                   = {1},
  Pages                    = {386--407},
  Volume                   = {2}
}

@Article{RV144,
  Title                    = {Vaccination with ALVAC and AIDSVAX to Prevent HIV-1 Infection in Thailand},
  Author                   = {S Rerks-Ngarm and P Pitisuttithum and S Nitayaphan and J Kaewkungwal and J Chiu and R Paris and N Premsri and C Namwat and M de Souza and E Adams and M Benenson and S Gurunathan and J Tartaglia and J McNeil and D Francis and D Stablein and D Birx and S Chunsuttiwat and C Khamboonruang and P Thongcharoen and M Robb and N Michael and P Kunasol and J Kim and the MOPH--TAVEG Investigators},
  Journal                  = {New England Journal of Medicine},
  Year                     = {2009},
  Number                   = {23},
  Pages                    = {2209--2220},
  Volume                   = {361}
}

@Article{robins86,
  Title                    = {A new approach to causal inference in mortality studies with a sustained exposure period?application to control of the healthy worker survivor effect},
  Author                   = {Robins, James},
  Journal                  = {Mathematical Modelling},
  Year                     = {1986},
  Number                   = {9},
  Pages                    = {1393--1512},
  Volume                   = {7},

  Publisher                = {Elsevier}
}

@Article{Robin92,
  Title                    = {Identifiability and Exchangeability for Direct and Indirect Effects},
  Author                   = {Robins, JM and Greenland, S},
  Journal                  = {Epidemiology},
  Year                     = {1992},
  Number                   = {2},
  Pages                    = {143--155},
  Volume                   = {3}
}

@Article{Robins92,
  Title                    = {Identifiability and exchangeability for direct and indirect effects},
  Author                   = {J M Robins and S Greenland},
  Journal                  = {Epidemiology},
  Year                     = {1992},

  Month                    = {Mar},
  Number                   = {2},
  Pages                    = {143--55},
  Volume                   = {3}
}

@Article{Robins94,
  Title                    = {Estimation of Regression Coefficients When Some Regressors Are Not Always Observed},
  Author                   = {Robins, James M. and Rotnitzky, Andrea and Zhao, Lue Ping},
  Journal                  = {Journal of the American Statistical Association},
  Year                     = {1994},
  Number                   = {427},
  Pages                    = {pp. 846-866},
  Volume                   = {89}
}

@InBook{Zosterpap2_20,
  Title                    = {The Family Herpesviridae: A Brief Introduction},
  Author                   = {Roizman, Bernard and Pellett, Philip},
  Pages                    = {2479--2500},
  Publisher                = {Lippincott Williams \& Wilkins},
  Year                     = {2007},
  Volume                   = {5},

  Booktitle                = {Fields Virology}
}

@Article{Rubin04,
  Title                    = {Direct and Indirect Causal Effects via Potential Outcomes},
  Author                   = {Rubin, DB},
  Journal                  = {Scandinavian Journal of Statistics},
  Year                     = {2004},
  Number                   = {2},
  Pages                    = {161--170},
  Volume                   = {31}
}

@Book{Rubin87,
  Title                    = {Multiple Imputation for Nonresponse in Surveys},
  Author                   = {Rubin, D.B.},
  Publisher                = {Wiley},
  Year                     = {1987},
  Edition                  = {2nd}
}

@Book{lattice,
    title = {Lattice: Multivariate Data Visualization with R},
    author = {Deepayan Sarkar},
    publisher = {Springer},
    address = {New York},
    year = {2008},
    note = {ISBN 978-0-387-75968-5},
    url = {http://lmdvr.r-forge.r-project.org},
  }

@Article{Zosterpap1,
  Title                    = {Herpes zoster and postherpetic neuralgia: optimizing management in the elderly patient},
  Author                   = {Johnson RW and G Wasner and P Saddier and R Baron},
  Journal                  = {Drugs and Aging},
  Year                     = {2008},
  Number                   = {12},
  Pages                    = {991--1006},
  Volume                   = {25}
}

@PhdThesis{Sachs12,
  Title                    = {Statistical Methods to Assess the Prospective Predictive Accuracy of a Medical Test},
  Author                   = {Sachs, Michael},
  School                   = {University of Washington; Department of Biostatistics},
  Year                     = {2011},

  Address                  = {Chair: Zhou, XH Andrew},
  Type                     = {Doctor of Philosophy Dissertation}
}

@Manual{pseval,
  Title                    = {pseval: Methods for Evaluating Principal Surrogates of Treatment Response},
  Author                   = {Michael C. Sachs and Erin E. Gabriel},
  Note                     = {R package version 1.3.0},
  Year                     = {2016}
}

@Article{Scheike04,
  Title                    = {Maximum Likelihood Estimation for Cox's Regression Model Under Case‚{\"A}{\`\i}Cohort Sampling},
  Author                   = {Scheike, Thomas H. and Martinussen, Torben},
  Journal                  = {Scandinavian Journal of Statistics},
  Year                     = {2004},
  Number                   = {2},
  Pages                    = {283--293},
  Volume                   = {31},

  Publisher                = {Blackwell Publishing Ltd}
}

@Article{Zosterpap9,
  Title                    = {Herpes Zoster in Older Adults},
  Author                   = {Schmader, Kenneth},
  Journal                  = {Clinical Infectious Diseases},
  Year                     = {2001},
  Number                   = {10},
  Pages                    = {pp. 1481-1486},
  Volume                   = {32}
}

@Article{ZEST,
  Title                    = {Effect of a Zoster Vaccine on Herpes Zoster‚{\"A}{\`\i}Related Interference with Functional Status and Health-Related Quality-of-Life Measures in Older Adults},
  Author                   = {Schmader, Kenneth E. and Johnson, Gary R. and Saddier, Patricia and Ciarleglio, Maria and Wang, William W.B. and Zhang, Jane H. and Chan, Ivan S.F. and Yeh, Shing-Shing and Levin, Myron J. and Harbecke, Ruth M. and Oxman, Michael N. and for the Shingles Prevention Study Group},
  Journal                  = {Journal of the American Geriatrics Society},
  Year                     = {2010},
  Number                   = {9},
  Pages                    = {1634--1641},
  Volume                   = {58}
}

@Article{Schmader12,
  Title                    = {Efficacy, Safety, and Tolerability of Herpes Zoster Vaccine in Persons Aged 50‚{\"A}{\`\i}59 Years},
  Author                   = {Schmader, Kenneth E. and Levin, Myron J. and Gnann, John W. and McNeil, Shelly A. and Vesikari, Timo and Betts, Robert F. and Keay, Susan and Stek, Jon E. and Bundick, Nickoya D. and Su, Shu-Chih and Zhao, Yanli and Li, Xiaoming and Chan, Ivan S.F. and Annunziato, Paula W. and Parrino, Janie},
  Journal                  = {Clinical Infectious Diseases},
  Year                     = {2012}
}

@Article{Song15,
  Title                    = {Linezolid Trough Concentrations Correlate with Mitochondrial Toxicity-Related Adverse Events in the Treatment of Chronic Extensively Drug-Resistant Tuberculosis},
  Author                   = {Song, Taeksun and Lee, Myungsun and Jeon, Han-Seung and Park, Yumi and Dodd, Lori E and Dartois, V{\'e}ronique and Follman, Dean and Wang, Jing and Cai, Ying and Goldfeder, Lisa C and others},
  Journal                  = {EBioMedicine},
  Year                     = {2015},

  Publisher                = {Elsevier}
}

@Article{Zoster,
  Title                    = {Comparison of the levels of immunogenicity and safety of Zostavax in adults 50 to 59 years old and in adults 60 years old or older.},
  Author                   = {Santosh C Sutradhar and William W B Wang and Katia Schlienger and Jon E Stek and Jin Xu and Ivan S F Chan and Jeffrey L Silber},
  Journal                  = {Clin Vaccine Immunol},
  Year                     = {2009},

  Month                    = {May},
  Number                   = {5},
  Pages                    = {646--652},
  Volume                   = {16},

  Institution              = {Merck Research Laboratories, Upper Gwynedd, Pennsylvania, USA.}
}

@Article{Taylor05,
  Title                    = {Counterfactual Links to the Proportion of Treatment Effect Explained by a Surrogate Marker},
  Author                   = {Taylor, Jeremy M. G. and Wang, Yue and Thi¬{\'e}baut, Rodolphe},
  Journal                  = {Biometrics},
  Year                     = {2005},
  Number                   = {4},
  Pages                    = {1102-1111},
  Volume                   = {61}
}

@Article{Taylor2005,
  Title                    = {Counterfactual Links to the Proportion of Treatment Effect Explained by a Surrogate Marker},
  Author                   = {Taylor, Jeremy M. G. and Wang, Yue and Thi√baut, Rodolphe},
  Journal                  = {Biometrics},
  Year                     = {2005},
  Number                   = {4},
  Pages                    = {pp. 1102-1111},
  Volume                   = {61}
}

@Manual{survival,
  Title                    = {A Package for Survival Analysis in S},
  Author                   = {Terry M. Therneau},
  Note                     = {R package version 2.38},
  Year                     = {2015}
}

@Book{survivalb,
  Title                    = {ModModel Survival Data: Extending the Cox Model},
  Author                   = {Terry M. Therneau and Patricia M. Grambsch},
  Publisher                = {Springer, New York},
  Year                     = {2000},

  Owner                    = {sachsmc},
  Timestamp                = {2016.03.11}
}

@Article{Tian07,
  Title                    = {Model evaluation based on the sampling distribution of estimated absolute prediction error},
  Author                   = {Tian, Lu and Cai, Tianxi and Goetghebeur, Els and Wei, L. J.},
  Journal                  = {Biometrika},
  Year                     = {2007},
  Number                   = {2},
  Pages                    = {297-311},
  Volume                   = {94}
}

@Book{WellnerBook,
  Title                    = {Weak Convergence and Empirical Processes},
  Author                   = {van der Vaart, Aad W. and Wellner, Jon A.},
  Publisher                = {Springer},
  Year                     = {1996}
}

@Article{VanderWeele08,
  Title                    = {Simple relations between principal stratification and direct and indirect effects},
  Author                   = {Tyler J. VanderWeele},
  Journal                  = {Statistics \& Probability Letters},
  Year                     = {2008},
  Number                   = {17},
  Pages                    = {2957 - 2962},
  Volume                   = {78},

  Bdsk-url-1               = {http://www.sciencedirect.com/science/article/pii/S0167715208002496},
  Bdsk-url-2               = {http://dx.doi.org/10.1016/j.spl.2008.05.029},
  Doi                      = {10.1016/j.spl.2008.05.029},
  ISSN                     = {0167-7152},
  Url                      = {http://www.sciencedirect.com/science/article/pii/S0167715208002496}
}

@Article{VonHoff83,
  Title                    = {Prospective clinical trial of a human tumor cloning system},
  Author                   = {Von Hoff, Daniel D and Clark, Gary M and Stogdill, Brian J and Sarosdy, Michael F and O'Brien, Michael T and Casper, James T and Mattox, Douglas E and Page, Carey P and Cruz, Anatolio B and Sandbach, John F},
  Journal                  = {Cancer research},
  Year                     = {1983},
  Number                   = {4},
  Pages                    = {1926--1931},
  Volume                   = {43},

  Publisher                = {AACR}
}

@Article{Weir06,
  Title                    = {Statistical evaluation of biomarkers as surrogate endpoints: a literature review},
  Author                   = {Weir, CJ and Walley, RJ},
  Journal                  = {Statistics in Medicine},
  Year                     = {2006},
  Number                   = {2},
  Pages                    = {183--203},
  Volume                   = {25}
}

@Article{White82,
  Title                    = {A two stage design for the study of the relationship between a rare exposure and a rare disease},
  Author                   = {White, JE},
  Journal                  = {American journal of epidemiology},
  Year                     = {1982},
  Number                   = {1},
  Pages                    = {119},
  Volume                   = {115}
}

@Book{ggplot2,
  Title                    = {ggplot2: Elegant Graphics for Data Analysis},
  Author                   = {Hadley Wickham},
  Publisher                = {Springer-Verlag New York},
  Year                     = {2009},

  ISBN                     = {978-0-387-98140-6},
  Url                      = {http://had.co.nz/ggplot2/book}
}

@PhdThesis{WolfsonDiss,
  Title                    = {Statistical Methods for Identifying Surrogate Endpoints in Vaccine Trials},
  Author                   = {Wolfson, J},
  School                   = {University of Washington; Department of Biostatistics},
  Year                     = {2009},

  Address                  = {Chair: Gilbert, Peter},
  Type                     = {Doctor of Philosophy Dissertation},

  Date-modified            = {2016-03-10 19:08:39 +0000}
}

@Article{Wolfson10,
  Title                    = {Statistical Identifiability and the Surrogate Endpoint Problem, with Application to Vaccine Trials},
  Author                   = {Wolfson, J and Gilbert, PB},
  Journal                  = {Biometrics},
  Year                     = {2010},
  Number                   = {4},
  Pages                    = {1153--1161},
  Volume                   = {66}
}

@Article{Wu11,
  Title                    = {Sufficient conditions for concluding surrogacy based on observed data},
  Author                   = {Wu, Zhenguo and He, Ping and Geng, Zhi},
  Journal                  = {Statistics in Medicine},
  Year                     = {2011},
  Number                   = {19},
  Pages                    = {2422--2434},
  Volume                   = {30}
}

@Article{Youden50,
  Title                    = {Index for rating diagnostic tests},
  Author                   = {Youden, W. J.},
  Journal                  = {Cancer},
  Year                     = {1950},
  Number                   = {1},
  Pages                    = {32--35},
  Volume                   = {3}
}

@Article{Zeng07,
  Title                    = {Maximum likelihood estimation in semiparametric regression models with censored data},
  Author                   = {Zeng, D. and Lin, D. Y.},
  Journal                  = {Journal of the Royal Statistical Society: Series B (Statistical Methodology)},
  Year                     = {2007},
  Number                   = {4},
  Pages                    = {507--64},
  Volume                   = {69},

  Publisher                = {Blackwell Publishing Ltd}
}

@Article{Zheng08,
  Title                    = {Time-Dependent Predictive Values of Prognostic Biomarkers With Failure Time Outcome},
  Author                   = {Zheng, Y and Cai, T and Pepe, MS and Levy, WC},
  Journal                  = {Journal of the American Statistical Association},
  Year                     = {2008},
  Number                   = {481},
  Pages                    = {362-368},
  Volume                   = {103}
}

@Article{Zheng10,
  Title                    = {Semiparametric Models of Time-Dependent Predictive Values of Prognostic Biomarkers},
  Author                   = {Zheng, Y and Cai, T and Stanford, JL and Feng, Z},
  Journal                  = {Biometrics},
  Year                     = {2010},
  Number                   = {1},
  Pages                    = {50--60},
  Volume                   = {66}
}

@Article{Zigler12,
  Title                    = {A Bayesian Approach to Improved Estimation of Causal Effect Predictiveness for a Principal Surrogate Endpoint},
  Author                   = {Zigler, C.M. and Belin, T.R.},
  Journal                  = {Biometrics},
  Year                     = {2012},
  Pages                    = {922-932},
  Volume                   = {68}
}

@book{survival-sachs,
author = {T.~M. {Therneau}},
title = {{A Package for Survival Analysis in S, }},
publisher = {R package version 2.38},
year = {2015}
}
@book{ggplot2-sachs,
author = {H.~{Wickham}},
title = {{ggplot2: Elegant Graphics for Data Analysis}},
publisher = {Springer-Verlag New York},
year = {2009},
url = {http://had.co.nz/ggplot2/book},
isbn = {978-0-387-98140-6}
}

