
@Article{Grigg2004oor,
  author = {O. Grigg and V. Farewell},
  title = {An Overview of Risk-Adjusted Charts},
  journal = {Journal of the Royal Statistical Society A},
  year = {2004},
  volume = {167},
  pages = {523--539},
  URL = {https://doi.org/10.1111/j.1467-985X.2004.0apm2.x}
}

@Article{Biswas2008rCi,
  author = {Pinaki Biswas and John D. Kalbfleisch},
  title = {A Risk-Adjusted {CUSUM} in Continuous Time Based on the {C}ox Model},
  journal = {Statistics in Medicine},
  year = {2008},
  volume = {27},
  pages = {3382--3406},
  URL = {https://doi.org/10.1002/sim.3216}
}

@Article{Sego2009Rmo,
  author = {Landon H. Sego and William H. Woodall},
  title = {Risk-Adjusted Monitoring of Survival times},
  journal = {Statistics in Medicine},
  year = {2009},
  volume = {28},
  pages = {1386--1401},
  URL = {https://doi.org/10.1002/sim.3546}
}

@Book{hawkins1998csc,
  author = {Douglas M. Hawkins and David H. Olwell},
  title = {Cumulative Sum Charts and Charting for Quality Improvement},
  year = {1998},
  publisher = {Springer-Verlag},
}

@Article{Gandy2010ram,
  author = {A. Gandy and Jan T. Kval{\o}y and A. Bottle and F. Zhou},
  title = {Risk-Adjusted Monitoring of Time to Event},
  journal = {Biometrika},
  year = {2010},
  volume = {97},
  pages = {375--388},
  URL = {https://doi.org/10.1093/biomet/asq004}
}

@Article{jones2002statistical,
  author = {L. Allison Jones},
  title = {The Statistical Design of {EWMA} Control Charts with Estimated Parameters},
  journal = {Journal of Quality Technology},
  year = {2002},
  volume = {34},
  pages = {277--288},
}

@Article{jones2004rld,
  title = {The Run Length Distribution of the {CUSUM} with Estimated Parameters},
  year = {2004},
  author = {L. Allison Jones and Charles W. Champ and Steven E. Rigdon},
  journal = {Journal of Quality Technology},
  volume = {36},
  pages = {95--108},
}

@Article{Capizzi2009Bdo,
  author = {Giovanna Capizzi and Guido Masarotto},
  journal = {IIE Transactions},
  pages = {275--286},
  title = {Bootstrap-Based Design of Residual Control Charts},
  volume = {41},
  year = {2009},
  URL = {https://doi.org/10.1080/07408170802120059}
}

@Book{Shewhart1931ECo,
  title = {Economic Control of Quality of Manufactured Product},
  publisher = {Van Nostrand, New York},
  year = {1931},
  author = {Walter A. Shewhart},
}

@Article{Steiner2000Msp,
  author = {Stefan H. Steiner and Richard J. Cook and Vern T. Farewell and Tom Treasure},
  title = {Monitoring Surgical Performance Using Risk-Adjusted Cumulative Sum Charts},
  journal = {Biostatistics},
  year = {2000},
  volume = {1},
  pages = {441--452},
  URL = {https://doi.org/10.1093/biostatistics/1.4.441}
}

@Article{Stoumbos2000SoS,
  author = {Zachary G. Stoumbos and Marion R. {Reynolds Jr.} and {Ryan} and Thomas P. and William H. Woodall},
  title = {The State of Statistical Process Control as We Proceed into the 21st Century},
  journal = {Journal of the American Statistical Association},
  year = {2000},
  volume = {95},
  pages = {992--998},
  URL = {https://doi.org/10.1080/01621459.2000.10474292}
}

@Book{Frisen2008FS,
  title = {Financial Surveillance},
  publisher = {John Wiley \& Sons},
  year = {2008},
  editor = {Marianne Fris{\'e}n},
}

@Article{Hawkins1987SCC,
  author = {Douglas M. Hawkins},
  title = {Self-Starting Cusum Charts for Location and Scale},
  journal = {J. R. Statist. Soc. D},
  year = {1987},
  volume = {36},
  pages = {299--316},
  number = {4},
  url = {https://doi.org/10.2307/2348827},
}

@Article{Sullivan2002SCC,
  author = {Joe H Sullivan and L. Allison Jones},
  title = {A Self-Starting Control Chart for Multivariate Individual Observations},
  journal = {Technometrics},
  year = {2002},
  volume = {44},
  pages = {24--33},
  number = {1},
  url = {https://doi.org/10.1198/004017002753398290},
}



@Article{Woodall2006Tuo,
  author = {William H. Woodall},
  title = {The Use of Control Charts in Health-Care and Public-Health Surveillance},
  journal = {Journal of Quality Technology},
  year = {2006},
  volume = {38},
  pages = {89--134},
  note = {With discussion},
}


@Article{Champ2007PoM,
  author = {Charles W. Champ and L. Allison Jones-Farmer},
  title = {Properties of Multivariate Control Charts with Estimated Parameters},
  journal = {Sequential Analysis},
  year = {2007},
  volume = {26},
  pages = {153--169},
  URL = {https://doi.org/10.1080/07474940701247040}
}



@Article{Grigg2004ARA,
  author = {O. A. Grigg and V. T. Farewell},
  title = {A Risk-Adjusted Sets Method for Monitoring Adverse Medical Outcomes},
  journal = {Statist. Med.},
  year = {2004},
  volume = {23},
  pages = {1593--1602},
  URL = {https://doi.org/10.1002/sim.1763}
}



@Article{Horvath2004Mci,
  author = {Lajos Horv\'{a}th and Maria Hu\u{s}kov\' a and Piotr Kokoszka and Josef Steinebach},
  title = {Monitoring Changes in Linear Models},
  journal = {Journal of Statistical Planning and Inference},
  year = {2004},
  volume = {126},
  pages = {225--251},
  URL = {https://doi.org/10.1016/j.jspi.2003.07.014}
}


@Article{Fouladirad2008Otu,
  author = {Mitra Fouladirad and Antoine Grall and Laurence Dieulle},
  title = {On the Use of on-Line Detection for Maintenance of Gradually Deteriorating Systems},
  journal = {Reliability Engineering and System Safety},
  year = {2008},
  volume = {93},
  pages = {1814--1820},
  URL = {https://doi.org/10.1016/j.ress.2008.03.020}
}




@Article{Albers2005Ncf,
  author = {Willem Albers and Wilbert C. M. Kallenberg},
  title = {New Corrections for Old Control Charts},
  journal = {Quality Engineering},
  year = {2005},
  volume = {17},
  pages = {467--473},
  URL = {https://doi.org/10.1081/QEN-200063498}
}

@Article{Albers2005EPF,
  author = {Willem Albers and Wilbert C. M. Kallenberg and Sri Nurdiati},
  title = {Exceedance Probabilities for Parametric Control Charts},
  journal = {Statistics},
  year = {2005},
  volume = {39},
  pages = {429--443},
  URL = {https://doi.org/10.1080/02331880500310181}
}

@Article{Albers2004AEC,
  author = {Willem Albers and Wilbert C. M. Kallenberg},
  title = {Are Estimated Control Charts in Control?},
  journal = {Statistics},
  year = {2004},
  volume = {38},
  pages = {67--79},
  URL = {https://doi.org/10.1080/02669760310001619369}
}



@Article{Zhang2011TSX,
  author = {Ying Zhang and Philippe Castagliola and Zhang Wu and Michael B. C. Khoo},
  title = {The Synthetic {$\bar{X}$} Chart with Estimated Parameters},
  journal = {IIE Transactions},
  year = {2011},
  volume = {43},
  pages = {676--687},
  URL = {https://doi.org/10.1080/0740817X.2010.549547}
}



@Article{Gandy2013gcp,
  author = {A. Gandy and Jan T. Kval{\o}y},
  title = {Guaranteed Conditional Performance of Control Charts via Bootstrap Methods},
  journal = {Scandinavian Journal of Statistics},
  year = {2013},
  volume = {40},
  pages = {647--668},
  URL={https://doi.org/10.1002/sjos.12006}
}

@Article{Saleh2015DDS,
  author = {Nesma A. Saleh and Mahmoud A. Mahmoud and Matthew J. Keefe and William H. Woodall},
  title = {The Difficulty in Designing {S}hewhart {$\bar{X}$} and   {$X$} Control Charts with Estimated Parameters},
  journal = {Journal of Quality Technology},
  year = {2015},
  volume = {47},
  pages = {127--138},
}

@Article{Jones2012AEE,
  author = {Mark A. Jones and Stefan H. Steiner},
  title = {Assessing the Effect of Estimation Error on   Risk-Adjusted {CUSUM} Chart Performance},
  journal = {International Journal for Quality in Health Care},
  year = {2012},
  volume = {24},
  pages = {176--181},
  URL = {https://doi.org/10.1093/intqhc/mzr082}
}

@Article{Zhang2015TEE,
  author = {Min Zhang and Yahui Xu and Zhen He and Xuejun Hou},
  title = {The Effect of Estimation Error on Risk-Adjusted Survival Time {CUSUM} Chart Performance},
  journal = {Quality and Reliability Engineering International},
  pages = {1445--1452},
  year = {2016},
  volume = {32},
  URL = {https://doi.org/10.1002/qre.1849}
}


@Article{Chen2010Comp,
  author = {Huifen Chen and Wei-Lun Kuo},
  title = {Comparison of the Symmetric and Asymmetric Control   Limits for {$\bar X$} and {$R$} Charts},
  journal = {Computers and Industrial Engineering},
  year = {2010},
  volume = {59},
  pages = {903--910},
  URL = {https://doi.org/10.1016/j.cie.2010.08.021}
}

@Manual{Gandy2016pkg,
  title = {Spcadjust: Functions for Calibrating Control Charts},
  author = {A. Gandy and Jan T. Kval{\o}y},
  year = {2016},
  url = {https://CRAN.R-project.org/web/package=spcadjust},
  note = {R package version 1.1},
}

@Manual{Knoth2016spc,
  title = {Spc: Statistical Process Control – Collection of Some Useful Functions},
  author = {S. Knot},
  year = {2016},
  url = {https://CRAN.R-project.org/web/package=spc},
  note = {R package version 0.5.3},
}

@Manual{Scrucca2014qcc,
  title = {Qcc: Quality Control Charts},
  author = {L. Scrucca},
  year = {2014},
  url = {https://CRAN.R-project.org/web/package=qcc},
  note = {R package version 2.6},
}

@Manual{Barbosa2014iqcc,
  title = {{IQCC}: Improved Quality Control Charts},
  author = {L. Scrucca},
  year = {2014},
  url = {https://CRAN.R-project.org/web/package=IQCC},
  note = {R package version 0.6},
}

@Manual{Flores2016qcr,
  title = {Qcr: Quality Control Review},
  author = {M. Flores},
  year = {2016},
  url = {https://CRAN.R-project.org/web/package=qcr},
  note = {R package version 1.0},
}

@Article{Scrucca2004qcc,
  author = {L. Scrucca},
  title = {Qcc: An {R} Package for Quality Control Charting and   Statistical Process Control},
  journal = {R News},
  year = {2004},
  volume = {4},
  pages = {11--17},
}

@Article{Salmon2016mct,
  author = {Maëlle Salmon and Dirk Schumacher and Michael Höhle},
  title = {Monitoring Count Time Series in {R}: Aberration Detection in Public Health Surveillance},
  journal = {Journal of Statistical Software},
  year = {2016},
  volume = {70},
  number = {10},
  pages = {1--35},
  URL = {https://doi.org/10.18637/jss.v070.i10}
}

@Article{Zhu2013edcc,
  title = {{edcc}: An {R} Package for the Economic Design of the Control Chart},
  author = {Weicheng Zhu and Changsoon Park},
  journal = {Journal of Statistical Software},
  year = {2013},
  volume = {52},
  number = {9},
  pages = {1--24},
  URL = {https://doi.org/10.18637/jss.v052.i09}
}

@Book{SantosFernandez2013msqc,
  title = {Multivariate Statistical Quality Control Using R},
  author = {Edgar Santos-Fern{\'a}ndez},
  publisher = {Springer-Verlag},
  year = {2013},
  volume = {14},
  isbn = {9781461454533},
  URL={https://doi.org/10.1007/978-1-4614-5453-3}
}

@Book{SequentialAnalysis_26_2,
  title = {80 Years of the Control Chart},
  editor = {Wolfgang Schmid},
  publisher = {Sequential Analysis, 26(2)},
  year = {2007}
}

@Book{SequentialAnalysis_26_3,
  title = {80 Years of the Control Chart},
  editor = {Wolfgang Schmid},
  publisher = {Sequential Analysis, 26(3)},
  year = {2007}
}

@Article{Bottle2008Iin,
  author = {Alex Bottle and Paul Aylin},
  title = {Intelligent Information: a National System for Monitoring Clinical Performance},
  URL = {https://doi.org/10.1111/j.1475-6773.2007.00742.x},
  journal = {Health Services Research},
  year = {2008},
  volume = {43},
  pages = {10--31},
}

@Article{jensen2006epe,
  title = {Effects of Parameter Estimation on Control Chart Properties: A Literature Review},
  year = {2006},
  author = {Willis A. Jensen and L. Allison Jones-Farmer and Charles W. Champ and William H. Woodall},
  journal = {Journal of Quality Technology},
  volume = {38},
  pages = {349--364},
}

@Article{Chatterjee2009Dcs,
  author = {Snigdhansu Chatterjee and Peihua Qiu},
  title = {Distribution-Free Cumulative Sum Control Charts Using Bootstrap-Based Control Limits},
  journal = {Annals of Applied Statistics},
  year = {2009},
  volume = {3},
  pages = {349--369},
  URL = {https://doi.org/10.1214/08-AOAS197}
}


