@Article{BH,
  author =	 {Y Benjamini and Y Hochberg },
  title =	 {Controlling the false discovery rate: A Practical
                  and Powerful approach to Multiple Testing},
  journal =	 {Journal of the Royal Statistical Society B },
  volume =	 57,
  number =	 1,
  pages =	 {289--300},
  year =	 1995,
}

@Article{Tukey,
  author =	 {JW Tukey},
  title =	 {The higher criticism},
  journal =	 {Princeton University. Course Notes, Statistics},
  year =	 1976,
  volume =	 411,
  number =	 {T13},
}

@Article{BY,
  author =	 {Y Benjamini and D Yekutieli},
  title =	 {The Control of the False Discovery Rate in multiple
                  testing under dependence},
  journal =	 {The Annals of Statistics},
  year =	 2001,
  volume =	 29,
  number =	 4,
  pages =	 {1165--1188},
}

@Article{B1,
  author =	 {J Berger and M Delampady},
  title =	 {Testing precise hypotheses},
  journal =	 {Statistical Science},
  year =	 1987,
  volume =	 2,
  number =       3,
  pages =	 {317--352},
}

@Article{B2,
  author =	 {J Berger and T Sellke},
  title =	 {Testing a point null hypothesis: The
                  irreconcilability of p-values and evidence},
  journal =	 {Journal of the American Statistical Association},
  year =	 1987,
  volume =	 82,
  number =       397,
  pages =	 {112--122},
}

@Article{CUR,
  author =	 {A Carvajal-Rodr\'iguez and J de {U\~na-\'Alvarez}
                  and E Rol\'an-\'Alvarez},
  title =	 {A new multitest correction ({SGoF}) that increases
                  its statistical power when increasing the number of
                  tests},
  journal =	 {BMC Bioinformatics},
  year =	 2009,
  volume =	 10,
  number =	 209,
  pages =	 {1--14},
}

@Article{CUR2,
  author =	 {A Carvajal-Rodr\'iguez and J de {U\~na-\'Alvarez}},
  title =	 {Assessing significance in high-throughput
                  experiments by sequential goodness of fit and
                  q-value estimation},
  journal =	 {PLoS ONE},
  year =	 2011,
  volume =	 6,
  number =	 9,
  pages =	 {e24700},
}

@Article{CDa,
  author =	 {I Castro-Conde and J {de U\~na-\'Alvarez}},
  title =	 {Power, {FDR} and conservativeness of {BB-SGoF}
                  method},
  journal =	 {Computational Statistics},
  year =	 {{in press}},
  doi =		 {10.1007/s00180-015-0553-2},
}

@TechReport{CDb,
  author =	 {I Castro-Conde and J {de U\~na-\'Alvarez}},
  title =	 {{SGoF} multitesting method under the {Bayesian}
                  paradigm},
  institution =	 {Statistics and OR Department},
  year =	 2013,
  number =	 {13/06},
  address =	 {University of Vigo},
  url =		 {https://webs.uvigo.es/depc05/reports/13_06.pdf},
  note =	 {Under revision in Statistical Applications in Genetics and Molecular Biology},
}

@Article{CDc,
  author =	 {I Castro-Conde and J {de U\~na-\'Alvarez}},
  title =	 {Adjusted p-values for {SGoF} multiple test
                  procedure},
  journal =	 {Biometrical Journal},
  volume =	 57,
  number =	 1,
  pages =        {108--122},
  year =	 2015,
}

@Article{DB,
  author =	 {C Dalmasso and P Broet and T Moreau},
  title =	 {A simple procedure for estimating the false
                  discovery rate},
  journal =	 {Bioinformatics},
  year =	 2005,
  volume =	 21,
  number =	 5,
  pages =	 {660--668},
}

@Article{D1,
  author =	 {J {de U\~na-\'Alvarez}},
  title =	 {On the statistical properties of {SGoF} multitesting
                  method},
  journal =	 {Statistical Applications in Genetics and Molecular
                  Biology},
  year =	 2011,
  volume =	 10,
  number =	 1,
  pages =	 {1--30},
}

@Article{D2,
  author =	 {J {de U\~na-\'Alvarez}},
  title =	 {The {Beta-Binomial SGoF} method for multiple
                  dependent tests},
  journal =	 {Statistical Applications in Genetics and Molecular
                  Biology},
  year =	 2012,
  volume =	 11,
  number =	 3,
  article =	 14
}

@Book{DV,
  author =	 {Sandrine Dudoit and Mark J. van der Laan},
  title =	 {Multiple Testing Procedures with Applications to
                  Genomics},
  publisher =	 {Springer-Verlag},
  year =	 2007,
  note =	 {ISBN: 978-0-387-49316-9},
}

@Article{bio,
  author =	 {Gentleman, Robert C. and Carey, Vincent J. and
                  Bates, Douglas M. and Bolstad, Ben and Dettling,
                  Marcel and Dudoit, Sandrine and Ellis, Byron and
                  Gautier, Laurent and Ge, Yongchao and Gentry, Jeff
                  and Hornik, Kurt and Hothorn, Torsten and Huber,
                  Wolfgang and Iacus, Stefano and Irizarry, Rafael and
                  Leisch, Friedrich and Li, Cheng and Maechler, Martin
                  and Rossini, Anthony J. and Sawitzki, Gunther and
                  Smith, Colin and Smyth, Gordon and Tierney, Luke and
                  Yang, Jean Y. and Zhang, Jianhua},
  title =	 {{Bioconductor: Open software development for
                  computational biology and bioinformatics}},
  journal =	 {Genome Biology},
  year =	 2004,
  volume =	 5,
  number =	 10,
}

@Article{He,
  author =	 {I Hedenfalk and D Duggan and Y Chen and M Radmacher
                  and M Bittner and R Simon and P Meltzer and B
                  Gusterson and M Esteller and OP Kallioniemi and B
                  Wilfond and A Borg and J Trent and M Raffeld and Z
                  Yakhini and A Ben-Dor and E Dougherty and J Kononen
                  and L Bubendorf and W Fehrle and S Pittaluga and G
                  Gruvberger and N Loman and O Johannsson and H Olsson
                  and G Sauter },
  title =	 {Gene-Expression Profiles in Hereditary Breast
                  Cancer},
  journal =	 {New England Journal of Medicine},
  year =	 2001,
  volume =	 344,
  number =	 8,
  pages =	 {539--548},
}

@Article{H,
  author =	 {Y Hochberg },
  title =	 {A Sharper {B}onferroni Procedure for Multiple Tests
                  of Significance},
  journal =	 {Biometrika},
  year =	 1988,
  volume =	 75,
  number =	 4,
  pages =	 {800--802},
}

@Article{HB,
  author =	 {Y Hochberg and Y Benjamini},
  title =	 {More powerful procedures for multiple significance
                  testing},
  journal =	 {Statistics in Medicine},
  year =	 1990,
  volume =	 9,
  number =       7,
  pages =	 {811--818},
}

@Manual{hib,
  title =	 {HybridMTest: Hybrid Multiple Testing},
  author =	 {Stan Pounds and Demba Fofana},
  year =	 2011,
  note =	 {R package version 1.10.0},
}

@Article{HOL,
  author =	 {S Holm},
  title =	 {A Simple Sequentially Rejective Multiple Test
                  Procedure},
  journal =	 {Scandinavian Journal of Statistics},
  year =	 1979,
  volume =	 6,
  number =	 2,
  pages =	 {65--70},
}

@Article{GH,
  author =	 {G Hommel},
  title =	 {A stagewise rejective multiple test procedure based
                  on a modified {B}onferroni test},
  journal =	 {Biometrika},
  year =	 1988,
  volume =	 75,
  number =	 2,
  pages =	 383,
}

@Book{Johnson,
  author =	 {N Johnson and S Kotz and N Balakrishnan },
  title =	 {Distributions in statistics, continuous univariate
                  distributions},
  publisher =	 {Houghton Mifflin},
  year =	 1970,
  volume =	 2,
  address =	 {Boston},
}

@Article{protein,
  author =	 {Jason T Ladner and Daniel J Barshis and Stephen R
                  Palumbi},
  title =	 {Protein evolution in two co-occurring types of
                  {S}ymbiodinium: An exploration into the genetic
                  basis of thermal tolerance in {S}ymbiodinium clade
                  {D}},
  journal =	 {BMC Evolutionary Biology},
  VOLUME =	 12,
  YEAR =	 2012,
  NUMBER =	 1,
  PAGES =	 217,
}

@Book{mul,
  title =	 {Multiple Testing Procedures: {R} multtest Package
                  and Applications to Genomics, in Bioinformatics and
                  Computational Biology Solutions Using {R} and
                  {B}ioconductor},
  year =	 2005,
  author =	 {Katherine S. Pollard and Sandrine Dudoit and Mark
                  J. van der Laan},
  publisher =	 {Springer},
}

@Article{N,
  author =	 {Needleman, H. and Gunnoe, C. and Leviton, A. and
                  Reed, R. and Presie, H. and Maher, C. and Barret,
                  P.},
  title =	 {Deficits in psychologic and classroom performance of
                  children with elevated dentine lead levels},
  journal =	 {The New England Journal of Medicine},
  year =	 1979,
  volume =	 300,
  number =	 13,
  pages =	 {689--695},
}

@article{neuroimaging,
  author =	 {GJ Thompson and WJ Pan and ME Magnuson and D Jaeger
                  and SD Keilholz},
  title =	 {{Quasi-periodic patterns (QPP): Large-scale dynamics
                  in resting state fMRI that correlate with local
                  infraslow electrical activity}},
  journal =	 {NeuroImage},
  pages =	 {1018--1031},
  year =	 2014,
  volume =	 84,
}

@Article{NH,
  author =	 {T Nichols and S Hayasaka },
  title =	 {Controlling the familywise error rate in functional
                  neuroimaging: A comparative review},
  journal =	 {Statistical Methods Medical Research},
  year =	 2003,
  volume =	 12,
  pages =	 {419--446},
}

@Article{Ta,
  author =	 {RE Tarone},
  title =	 {Testing the goodness of fit of the binomial
                  distribution},
  journal =	 {Biometrika},
  year =	 1979,
  volume =	 66,
  number =	 3,
  pages =	 {585--590},
}

@Manual{q,
  title =	 {{qvalue}: Q-Value Estimation for False Discovery
                  Rate Control},
  author =	 {Alan Dabney and John D. Storey},
  note =	 {R package version 1.40.0},
  year =	 2014,
}

@Article{Storey,
  author =	 {John D. Storey},
  title =	 {A direct approach to false discovery rates},
  journal =	 {Journal of the Royal Statistical Society B},
  year =	 2002,
  volume =	 64,
  number =	 3,
  pages =	 {479--498},
}

@article{storey2003,
  author =	 "Storey, John D.",
  journal =	 "The Annals of Statistics",
  number =	 6,
  pages =	 "2013--2035",
  title =	 "The positive false discovery rate: A {B}ayesian
                  interpretation and the q-value",
  volume =	 31,
  year =	 2003
}

@Manual{mutoss,
  title =	 {{mutoss}: Unified Multiple Testing Procedures},
  author =	 {{MuToss Coding Team} and Gilles Blanchard and Thorsten
                  Dickhaus and Niklas Hack and Frank Konietschke and
                  Kornelius Rohmeyer and Jonathan Rosenblatt and
                  Marsel Scheer and Wiebke Werft},
  year =	 2014,
  note =	 {R package version 0.1-8},
  url =		 {http://CRAN.R-project.org/package=mutoss},
}

@Article{multcomp,
  title =	 {Simultaneous Inference in General Parametric Models},
  author =	 {Torsten Hothorn and Frank Bretz and Peter Westfall},
  journal =	 {Biometrical Journal},
  year =	 2008,
  volume =	 50,
  number =	 3,
  pages =	 {346--363},
}

@Manual{R,
  title =	 {R: A Language and Environment for Statistical
                  Computing},
  author =	 {{R Core Team}},
  organization = {R Foundation for Statistical Computing},
  address =	 {Vienna, Austria},
  year =	 2014,
  url =		 {http://www.R-project.org/},
}

@Article{S2,
  author =	 {JD Storey and R Tibshirani},
  title =	 {Statistical significance for genomewide studies},
  journal =	 {Proceedings of National Academy of Sciences of the
                  United States of America},
  year =	 2003,
  volume =	 100,
  number =	 16,
  pages =	 {9440--9445},
}

@Article{STS,
  author =	 {JD Storey and JE Taylor and David Siegmund},
  title =	 {Strong control, conservative point estimation and
                  simultaneous conservative consistency of false
                  discovery rate: A unified approach},
  journal =	 {Journal of the Royal Statistical Society B},
  year =	 2004,
  volume =	 66,
  number =	 1,
  pages =	 {187--205},
}

@Manual{gsofmatlab,
  title =	 {SGoF Algorithm for MATLAB},
  author =	 {Garth Thompson},
  organization = {M.I.N.D. Lab, Georgia Institute of Technology and
                  Emory University},
  year =	 2010,
  url =		 {http://webs.uvigo.es/acraaj/software/matlab_sgof.m}
}




