@book{nber,
author = {K.~B. {Coffman, L.~C. Coffman, and K.~M.~M. Ericson}},
title = {{The size of the LGBT population and the magnitude of anti-Gay sentiment are substantially underestimated}},
publisher = {Working Paper 8 National Bureau of Economic Research October2013},
year = {1950},
url = {http://www.nber.org/papers/w19508}
}
@book{cohen1988,
author = {J.~{Cohen}},
title = {{Statistical power analysis for the behavioral sciences Lawrence Earlbaum Associates}},
publisher = {Lawrence Erlbaum Associates Hillsdale NJ 2 edition},
year = {1988}
}
@book{fox2009,
author = {J.~{Fox}},
title = {{Aspects of the social organization and trajectory of the R project}},
publisher = {The R Journal 1 (2):},
pages = {5--13},
year = {2009}
}
@book{gates2011,
author = {G.~J. {Gates}},
title = {{How many people are lesbian, gay, bisexual, and transgender?, Apr. }},
year = {2011},
url = {http://williamsinstitute.law.ucla.edu/wp-content/uploads/Gates-How-Many-People-LGBT-Apr-2011.pdf}
}
@book{josse2017,
author = {J.~{Josse and H.~Turner}},
title = {{useR!  participants and the R community: a multivariate analysis, June 2017}},
year = {2016},
url = {https://forwards.github.io/docs/MCA/community/useR2016/survey/}
}
@book{mair2015,
author = {P.~{Mair, E.~Hofmann, K.~Gruber, R.~Hatzinger, A.~Zeileis, and K.~Hornik}},
title = {{Motivation, values, and work design as drivers of participation in the R open source project for statistical computing}},
publisher = {Proceedings of the National Academy of Sciences of the UnitedStates of America 112 (48):},
pages = {14788--14792},
year = {2015},
url = {https://doi.org/10.1073/pnas.1506047112}
}

