@Manual{IAEA,
  title = {Safety Report Series No. 52: Best Estimate Safety Analysis for Nuclear Plants: Uncertainty Evaluation},
  author = {{International Atomic Energy Agency}},
  organization = {IAEA Publishing Section},
  address = {Vienna, Austria},
  year = {2008},
  url = {http://www-pub.iaea.org/MTCD/publications/PDF/Pub1306_web.pdf},
}

@Manual{EPA,
  title = {Data Quality Assessment: Statistical Methods for Practitioners},
  author = {{Environmental Protection Agency}},
  organization = {U.S. Environmental Protection Agency},
  address = {Washington, DC, USA},
  year = {2006},
  url = {http://www.epa.gov/sites/production/files/2015-08/documents/g9s-final.pdf},
}

@Manual{ISO,
  title = {{ISO} 16269-6: Statistical Interpretation of Data -- {P}art 6: Determination of Statistical Tolerance Intervals},
  author = {{International Organization for Standardization}},
  organization = {International Organization for Standardization},
  address = {Geneva, Switzerland},
  year = {2014},
  url = {http://www.iso.org/iso/catalogue_detail.htm?csnumber=57191},
}

@ARTICLE{ait,
  AUTHOR =       {Aitchison, J.},
  TITLE =        {Bayesian Tolerance Regions},
  JOURNAL =      {Journal of the Royal Statistical Society, Series B},
  YEAR =         {1964},
  volume =       {26},
  number =			 {2},
  pages =        {161--175},
}

@ARTICLE{burr,
  AUTHOR =       {Burr, Tom and Gavron, Avigdor},
  TITLE =        {Pass/Fail Criterion for a Simple Radiation Portal Monitor Test},
  JOURNAL =      {Modern Instrumentation},
  YEAR =         {2010},
  volume =       {1},
  number =			 {3},
  pages =        {27--33},
}

  @Manual{cranlogs,
    title = {cranlogs: Download Logs from the 'RStudio' 'CRAN' Mirror},
    author = {Csardi, Gabor},
    year = {2015},
    note = {R package version 2.1.0},
    url = {http://CRAN.R-project.org/package=cranlogs},
  }

@ARTICLE{faulkweeks,
  AUTHOR =       {G. D. Faulkenberry and D. L. Weeks},
  TITLE =        {Sample Size Determination for Tolerance Limits},
  JOURNAL =      {Technometrics},
  YEAR =         {1968},
  volume =       {10},
  number =			 {2},
  pages =        {343--348},
}

@ARTICLE{faulkdaly,
  AUTHOR =       {G. D. Faulkenberry and J. C. Daly},
  TITLE =        {Sample Size for Tolerance Limits on a Normal Distribution},
  JOURNAL =      {Technometrics},
  YEAR =         {1970},
  volume =       {12},
  number =			 {4},
  pages =        {813--821},
}


@BOOK{gelman,
  AUTHOR =       {A. Gelman and J. B. Carlin and H. S. Stern and D. B. Dunson and A. Vehtari and D. B. Rubin},
  TITLE =        {Bayesian Data Analysis},
  PUBLISHER =    {CRC Press},
  YEAR =         {2013},
  address =      {Boca Raton, FL},
  edition =      {3$^{\textrm{rd}}$}
}

@BOOK{guttman,
  AUTHOR =       {Guttman, Irwin},
  TITLE =        {Statistical Tolerance Regions: Classical and Bayesian},
  PUBLISHER =    {Charles Griffin and Company},
  YEAR =         {1970},
  address =      {London},
}

@ARTICLE{haf,
  AUTHOR =       {Hafner, Sasha D. and Howard, Cody and Muck, Richard E. and Franco, Roberta B. and Montes, Felipe and Green, Peter G. and Mitloehner, F. and Trabue, Steven L. and Rotz, C. Alan},
  TITLE =        {Emission of Volatile Organic Compounds from Silage: Compounds, Sources, and Implications},
  JOURNAL =      {Atmospheric Environment},
  YEAR =         {2013},
  volume =       {77},
  pages =        {827--839},
}

@BOOK{hahn,
  AUTHOR =       {Hahn, Gerald J. and Meeker, William Q.},
  TITLE =        {{Statistical Intervals: A Guide for Practitioners}},
  PUBLISHER =    {Wiley-Interscience},
  YEAR =         {1991},
  address =      {New York, NY},
}

@ARTICLE{hall,
  AUTHOR =       {Hall, Irving J.},
  TITLE =        {Approximate One-Sided Tolerance Limits for the Difference or Sum of Two Independent Normal Variates},
  JOURNAL =      {Journal of Quality Technology},
  YEAR =         {1984},
  volume =       {16},
  number =		 {1},
  pages =        {15--19},
}

@ARTICLE{heck,
  AUTHOR =       {Heck, Matthias M. and Retz, Margitta and Bandu, Miriam and Souchay, Marc and Vitzthum, Elisabeth and Weirich, Gregor and Mollenhauer, Martin and Schuster, Tibor and Autenrieth, Michael and K\"{u}bler, Hubert and Maurer, Tobias and Thalgott, Mark and Herkommer, Kathleen and Gschwend, J\"{u}rgen E. and Nawroth, Roman},
  TITLE =        {Topography of Lymph Node Metastases in Prostate Cancer Patients Undergoing Radical Prostatectomy and Extended Lymphadenectomy: Results of a Combined Molecular and Histopathologic Mapping Study},
  JOURNAL =      {European Urology},
  YEAR =         {2014},
  volume =       {66},
  number =		{2},
  pages =        {222--229},
}

@ARTICLE{jensen,
  AUTHOR =       {Jensen, William A.},
  TITLE =        {Approximations of Tolerance Intervals for Normally Distributed Data},
  JOURNAL =      {Quality and Reliability Engineering International},
  YEAR =         {2009},
  volume =       {25},
  number =		 {5},
  pages =        {571--580},
}

@BOOK{krishmat,
  AUTHOR =       {Krishnamoorthy, Kalimuthu and Mathew, Thomas},
  TITLE =        {Statistical Tolerance Regions: Theory, Applications, and Computation},
  PUBLISHER =    {Wiley},
  YEAR =         {2009},
  address =      {Hoboken, NJ},
}

@ARTICLE{krishmatmv,
  AUTHOR =       {K. Krishnamoorthy and T. Mathew},
  TITLE =        {Comparison of Approximation Methods for Computing Tolerance Factors for a Multivariate Normal Population},
  JOURNAL =      {Technometrics},
  YEAR =         {1999},
  volume =       {41},
  number = 			 {3},
  pages =        {234--249},
}

@ARTICLE{krishmon,
  AUTHOR =       {K. Krishnamoorthy and S. Mondal},
  TITLE =        {Improved Tolerance Factors for Multivariate Normal Distributions},
  JOURNAL =      {Communications in Statistics - Simulation and Computation},
  YEAR =         {2006},
  volume =       {35},
  number = 			 {2},
  pages =        {461--478},
}



@ARTICLE{matyoung,
  AUTHOR =       {Mathew, Thomas and Young, Derek S.},
  TITLE =        {Fiducial-Based Tolerance Intervals for Some Discrete Distributions},
  JOURNAL =      {Computational Statistics and Data Analysis},
  YEAR =         {2013},
  volume =       {61},
  pages =        {38--49},
}

@ARTICLE{owen,
  AUTHOR =       {Owen, Donald B.},
  TITLE =        {Control of Percentages in Both Tails of the Normal Distribution},
  JOURNAL =      {Technometrics},
  YEAR =         {1964},
  volume =       {6},
  number =       {4},
  pages =        {377--387},
}

@ARTICLE{pas,
  AUTHOR =       {Pasquaretta, Cristian and Bogliani, Giuseppe and Ranghetti, Luigi and Ferrari, Caterina and von Hardenberg, Achaz},
  TITLE =        {The Animal Locator: A New Method for Accurate and Fast Collection of Animal Locations for Visible Species},
  JOURNAL =      {Wildlife Biology},
  YEAR =         {2012},
  volume =       {18},
  number =			 {2},
  pages =        {202--214},
}

@Manual{rgl,
  title = {rgl: 3D visualization device system (OpenGL)},
  author = {Adler, Daniel and Murdoch, Duncan},
  year = {2014},
  note = {R package version 0.95.1201},
  url = {http://CRAN.R-project.org/package=rgl},
}

  @Manual{RStudio,
    title = {RStudio: Integrated Development Environment for R},
    author = {{RStudio Team}},
    organization = {RStudio, Inc.},
    address = {Boston, MA},
    year = {2015},
    url = {http://www.rstudio.com/},
  }
  
@BOOK{tippett,
  AUTHOR =       {Tippett, L. H. C.},
  TITLE =        {Technological Applications of Statistics},
  PUBLISHER =    {Wiley},
  YEAR =         {1950},
  address =      {New York, NY},
}

@ARTICLE{van,
  AUTHOR =       {Van der Borght, Koen and Verbeke, Geert and van Vlijmen, Herman},
  TITLE =        {Multi-Model Inference Using Mixed Effects from a Linear Regression Based Genetic Algorithm},
  JOURNAL =      {BMC Bioinformatics},
  YEAR =         {2014},
  volume =       {15},
  number =			 {88},
  pages =        {1--11},
}

@ARTICLE{youngmat,
  AUTHOR =       {Young, Derek S. and Mathew, Thomas},
  TITLE =        {Ratio Edits Based on Statistical Tolerance Intervals},
  JOURNAL =      {Journal of Official Statistics},
  YEAR =         {2015},
  volume =       {31},
  number =		 {1},
  pages =        {77--100},
}

@ARTICLE{wald,
  AUTHOR =       {Wald, Abraham},
  TITLE =        {An Extension of {W}ilks' Method for Setting Tolerance Limits},
  JOURNAL =      {Annals of Mathematical Statistics},
  YEAR =         {1943},
  volume =       {14},
  number =		 {1},
  pages =        {45--55},
}

@ARTICLE{wilks41,
  AUTHOR =       {Wilks, Samuel S.},
  TITLE =        {Determination of Sample Sizes for Setting Tolerance Limits},
  JOURNAL =      {The Annals of Mathematical Statistics},
  YEAR =         {1941},
  volume =       {12},
  number =			 {1},
  pages =        {91--96},
}

@ARTICLE{wilks42,
  AUTHOR =       {Wilks, Samuel S.},
  TITLE =        {Statistical Prediction with Special Reference to the Problem of Tolerance Limits},
  JOURNAL =      {The Annals of Mathematical Statistics},
  YEAR =         {1942},
  volume =       {13},
  number =			 {4},
  pages =        {400--409},
}

@article{young:qe,
  Author = {Young, Derek S. and Gordon, Charles M. and Zhu, Shihong and Olin, Bryan D.},
	Journal = {Quality Engineering},
	Title = {Sample Size Determination Strategies for Normal Tolerance Intervals Using Historical Data},
	Year = {2016},
	volume = {28},
	number = {3},
	pages = {335--349},
}

@INCOLLECTION{younghost,
  AUTHOR =       {Young, Derek S.},
  TITLE =        {Computing Tolerance Intervals and Regions Using R},
  BOOKTITLE =    {{Handbook of Statistics, Volume 32: Computational Statistics with R}},
  PUBLISHER =    {North Holland - Elsevier},
  YEAR =         {2014},
  address = 	 {Amsterdam, Netherlands},
  editor =       {M. B. Rao and C. R. Rao},
  pages =        {309--338}
}


@Article{tolerance,
    title = {{tolerance}: An {R} Package for Estimating Tolerance Intervals},
    author = {Young, Derek S.},
    journal = {Journal of Statistical Software},
    year = {2010},
    volume = {36},
    number = {5},
    pages = {1--39},
    url = {http://www.jstatsoft.org/v36/i05/},
  }
  
  
@online{color,
  author = {Okabe, Masataka and Ito, Kei},
  title = {{C}olor {U}niversial {D}esign ({CUD}) - How to Make Figures and Presentations that are Friendly to Colorblind People},
  year = {2002},
  url = {http://jfly.iam.u-tokyo.ac.jp/color/},
  urldate = {2016-02-16}
}@book{cranlogs2,
author = {G.~{Csardi}},
title = {{cranlogs: Download Logs from the 'RStudio' 'CRAN' Mirror, }},
publisher = {R package version 2.1.0},
year = {2015},
url = {http://CRAN.R-project.org/package=cranlogs}
}
@book{RStudio,
author = {{R{Studio Team}}},
title = {{RStudio: Integrated Development Environment for R}},
publisher = {RStudio Inc. Boston MA},
year = {2015},
url = {http://www.rstudio.com/}
}

