@article{heller2016consistent,
	title={Consistent distribution-free K-sample and independence tests for univariate random variables},
	author={Heller, Ruth and Heller, Yair and Kaufman, Shachar and Brill, Barak and Gorfine, Malka},
	journal={Journal of Machine Learning Research},
	volume={17},
	number={29},
	pages={1--54},
	year={2016}
}
@article{heller2013consistent,
  title={A consistent multivariate test of association based on ranks of distances},
  author={Heller, Ruth and Heller, Yair and Gorfine, Malka},
  journal={Biometrika},
  volume={100},
  number={2},
  pages={503--510},
  year={2013},
  publisher={Biometrika Trust},
  url = {https://doi.org/10.1093/biomet/ass070}
}
@incollection{HellerMVUV,
	title = {Multivariate tests of association based on univariate tests},
	author = {Heller, Ruth and Heller, Yair},
	booktitle = {Advances in Neural Information Processing Systems 29},
	editor = {D. D. Lee and M. Sugiyama and U. V. Luxburg and I. Guyon and R. Garnett},
	pages = {208--216},
	year = {2016},
	publisher = {Curran Associates, Inc.},
	url = {http://papers.nips.cc/paper/6220-multivariate-tests-of-association-based-on-univariate-tests.pdf}
}
@incollection{NIPS2016_Interpretable,
	title = {Interpretable distribution features with maximum testing power},
	author = {Jitkrittum, Wittawat and Szab{\'o}, Zolt{\'a}n and Chwialkowski, Kacper and Gretton, Arthur},
	booktitle = {Advances in Neural Information Processing Systems 29},
	editor = {D. D. Lee and M. Sugiyama and U. V. Luxburg and I. Guyon and R. Garnett},
	pages = {181--189},
	year = {2016},
	publisher = {Curran Associates, Inc.},
	url = {http://papers.nips.cc/paper/6148-interpretable-distribution-features-with-maximum-testing-power.pdf}
}

@article{paninski2003estimation,
	title={Estimation of entropy and mutual information},
	author={Paninski, Liam},
	journal={Neural computation},
	volume={15},
	number={6},
	pages={1191--1253},
	year={2003},
	publisher={MIT Press},
	url = {https://doi.org/10.1162/089976603321780272}
}
@article{meyer2008minet,
	title={minet: AR/Bioconductor package for inferring large transcriptional networks using mutual information},
	author={Meyer, Patrick E and Lafitte, Frederic and Bontempi, Gianluca},
	journal={BMC bioinformatics},
	volume={9},
	number={1},
	pages={461},
	year={2008},
	publisher={BioMed Central},
	url = {https://doi.org/10.1186/1471-2105-9-461}
}
@article{hausser2009entropy,
	title={Entropy inference and the James-Stein estimator, with application to nonlinear gene association networks},
	author={Hausser, Jean and Strimmer, Korbinian},
	journal={Journal of Machine Learning Research},
	volume={10},
	number={Jul},
	pages={1469--1484},
	year={2009}
}
@article{reshef2011detecting,
	title={Detecting novel associations in large data sets},
	author={Reshef, David N and Reshef, Yakir A and Finucane, Hilary K and Grossman, Sharon R and McVean, Gilean and Turnbaugh, Peter J and Lander, Eric S and Mitzenmacher, Michael and Sabeti, Pardis C},
	journal={science},
	volume={334},
	number={6062},
	pages={1518--1524},
	year={2011},
	publisher={American Association for the Advancement of Science},
	url = {https://doi.org/10.1126/science.1205438}
}
@article{albanese2013minerva,
	title={minerva and minepy: a C engine for the MINE suite and its R, Python and MATLAB wrappers},
	author={Albanese, Davide and Filosi, Michele and Visintainer, Roberto and Riccadonna, Samantha and Jurman, Giuseppe and Furlanello, Cesare},
	journal={Bioinformatics},
	volume={29},
	number={3},
	pages={407--408},
	year={2013},
	publisher={Oxford Univ Press},
	url = {https://doi.org/10.1093/bioinformatics/bts707}
}
@inproceedings{gretton2008kernel,
	title={A kernel statistical test of independence},
	author={Gretton, Arthur and Fukumizu, Kenji and Teo, Choon H and Song, Le and Sch{\"o}lkopf, Bernhard and Smola, Alex J},
	booktitle={Advances in neural information processing systems},
	pages={585--592},
	year={2008}
}

@article{pfister2018kernel,
	title={Kernel-based tests for joint independence},
	author={Pfister, Niklas and B{\"u}hlmann, Peter and Sch{\"o}lkopf, Bernhard and Peters, Jonas},
	journal={Journal of the Royal Statistical Society: Series B (Statistical Methodology)},
	volume={80},
	number={1},
	pages={5--31},
	year={2018},
	url = {https://doi.org/10.1111/rssb.12235},
	publisher={Wiley Online Library}
}

@article{szekely2009brownian,
	title={Brownian distance covariance},
	author={Sz{\'e}kely, G{\'a}bor J and Rizzo, Maria L and others},
	journal={The annals of applied statistics},
	volume={3},
	number={4},
	pages={1236--1265},
	year={2009},
	publisher={Institute of Mathematical Statistics},
	url = {https://doi.org/10.1214/09-aoas312}
}
@article{szekely2007measuring,
	title={Measuring and testing dependence by correlation of distances},
	author={Sz{\'e}kely, G{\'a}bor J and Rizzo, Maria L and Bakirov, Nail K and others},
	journal={The Annals of Statistics},
	volume={35},
	number={6},
	pages={2769--2794},
	year={2007},
	publisher={Institute of Mathematical Statistics},
	url = {https://doi.org/10.1214/009053607000000505 }
}
@MastersThesis{brill2016scalable,
	author     =     {Brill, Barak},
	title     =     {Scalable Non-Parametric Tests of Independence},
	school     =     {Tel Aviv University},
	url = {http://primage.tau.ac.il/libraries/theses/exeng/free/2899741.pdf},
	year     =     {2016}
}
@article{hoeffding1948non,
	title={A non-parametric test of independence},
	author={Hoeffding, Wassily},
	journal={The annals of mathematical statistics},
	pages={546--557},
	year={1948},
	publisher={JSTOR},
	url = {https://doi.org/10.1214/aoms/1177730150}
}
@article{zeileis2004kernlab,
	title={kernlab-an S4 package for kernel methods in R},
	author={Zeileis, Achim and Hornik, Kurt and Smola, Alex and Karatzoglou, Alexandros},
	journal={Journal of statistical software},
	volume={11},
	number={9},
	pages={1--20},
	year={2004},
	publisher={American Statistical Association},
	url = {https://doi.org/10.18637/jss.v011.i09 }
}
@article{gretton2012kernel,
	title={A kernel two-sample test},
	author={Gretton, Arthur and Borgwardt, Karsten M and Rasch, Malte J and Sch{\"o}lkopf, Bernhard and Smola, Alexander},
	journal={Journal of Machine Learning Research},
	volume={13},
	number={Mar},
	pages={723--773},
	year={2012}
}
@article{szekely2004testing,
	title={Testing for equal distributions in high dimension},
	author={Sz{\'e}kely, G{\'a}bor J and Rizzo, Maria L},
	journal={InterStat},
	volume={5},
	number={16.10},
	year={2004},

}



@Manual{package_dHSIC,
	title = {dHSIC: Independence Testing via Hilbert Schmidt Independence Criterion},
	author = {Niklas Pfister and Jonas Peters},
	year = {2017},
	note = {R package version 2.0},
	url = {https://CRAN.R-project.org/package=dHSIC},
}

@Manual{package_minerva,
	title = {minerva: Maximal Information-Based Nonparametric Exploration for Variable
	Analysis},
	author = {Michele Filosi and Roberto Visintainer and Davide Albanese},
	year = {2017},
	note = {R package version 1.4.7},
	url = {https://CRAN.R-project.org/package=minerva},
}
@Manual{package_energy,
	title = {energy: E-Statistics: Multivariate Inference via the Energy of Data},
	author = {Maria L. Rizzo and Gabor J. Szekely},
	year = {2017},
	note = {R package version 1.7-2},
	url = {https://CRAN.R-project.org/package=energy},
}
@Manual{package_kernlab,
	title = {kernlab: Kernel-Based Machine Learning Lab},
	author = {Alexandros Karatzoglou and Alex Smola and Kurt Hornik},
	year = {2016},
	note = {R package version 0.9-25},
	url = {https://CRAN.R-project.org/package=kernlab},
}
@Manual{package_HHG,
	title = {HHG: Heller-Heller-Gorfine Tests of Independence and Equality of
	Distributions},
	author = {Barak Brill & Shachar Kaufman and based in part on an earlier implementation by Ruth Heller and Yair Heller.},
	year = {2017},
	note = {R package version 2.2},
	url = {https://CRAN.R-project.org/package=HHG},
}
@Manual{package_ggplot2,
	title = {ggplot2: Create Elegant Data Visualisations Using the Grammar of Graphics},
	author = {Hadley Wickham and Winston Chang},
	year = {2016},
	note = {R package version 2.2.1},
	url = {https://CRAN.R-project.org/package=ggplot2},
}
@incollection{NIPS2012_4727,
	title = {Optimal kernel choice for large-scale two-sample tests},
	author = {Gretton, Arthur and Sejdinovic, Dino and Strathmann, Heiko and Balakrishnan, Sivaraman and Pontil, Massimiliano and Fukumizu, Kenji and Sriperumbudur, Bharath K.},
	booktitle = {Advances in Neural Information Processing Systems 25},
	editor = {F. Pereira and C. J. C. Burges and L. Bottou and K. Q. Weinberger},
	pages = {1205--1213},
	year = {2012},
	publisher = {Curran Associates, Inc.},
	url = {http://papers.nips.cc/paper/4727-optimal-kernel-choice-for-large-scale-two-sample-tests.pdf}
}
@article{spearman1904proof,
	title={The proof and measurement of association between two things},
	author={Spearman, Charles},
	journal={The American journal of psychology},
	volume={15},
	number={1},
	pages={72--101},
	year={1904},
	publisher={JSTOR},
	url = {https://doi.org/10.2307/1412159}
}
@Manual{package_doRNG,
	title = {doRNG: Generic Reproducible Parallel Backend for 'foreach' Loops},
	author = {Renaud Gaujoux},
	year = {2017},
	note = {R package version 1.6.6},
	url = {https://CRAN.R-project.org/package=doRNG},
}
@Manual{package_foreach,
	title = {foreach: Provides Foreach Looping Construct for R},
	author = {{Microsoft} and Steve Weston},
	year = {2017},
	note = {R package version 1.4.4},
	url = {https://CRAN.R-project.org/package=foreach},
}
@Manual{package_rbenchmark,
	title = {rbenchmark: Benchmarking routine for R},
	author = {Wacek Kusnierczyk},
	year = {2012},
	note = {R package version 1.0.0},
	url = {https://CRAN.R-project.org/package=rbenchmark},
}

@Manual{package_minet,
	title = {minet: Mutual Information NETworks},
	author = {Patrick E. Meyer and Frederic Lafitte and Gianluca Bontempi},
	year = {2017},
	note = {R package version 3.36.0},
	url = {http://minet.meyerp.com},
}

@Manual{package_infotheo,
	title = {infotheo: Information-Theoretic Measures},
	author = {Patrick E. Meyer},
	year = {2014},
	note = {R package version 1.2.0},
	url = {https://CRAN.R-project.org/package=infotheo},
}

@Manual{package_entropy,
	title = {entropy: Estimation of Entropy, Mutual Information and Related Quantities},
	author = {Jean Hausser and Korbinian Strimmer},
	year = {2014},
	note = {R package version 1.2.1},
	url = {https://CRAN.R-project.org/package=entropy},
}
@Manual{package_Hmisc,
	title = {Hmisc: Harrell Miscellaneous},
	author = {Frank E {Harrell Jr} and with contributions from Charles Dupont and many others.},
	year = {2018},
	note = {R package version 4.1-1},
	url = {https://CRAN.R-project.org/package=Hmisc},
}

@article{zhao2015fastmmd,
	title={Fastmmd: Ensemble of circular discrepancy for efficient two-sample test},
	author={Zhao, Ji and Meng, Deyu},
	journal={Neural computation},
	volume={27},
	number={6},
	pages={1345--1372},
	year={2015},
	publisher={MIT Press},
	url = {https://doi.org/10.1162/neco_a_00732}
}
@inproceedings{chwialkowski2015fast,
	title={Fast two-sample testing with analytic representations of probability measures},
	author={Chwialkowski, Kacper P and Ramdas, Aaditya and Sejdinovic, Dino and Gretton, Arthur},
	booktitle={Advances in Neural Information Processing Systems},
	pages={1981--1989},
	year={2015}
}

@article{zhang2018large,
	title={Large-scale kernel methods for independence testing},
	author={Zhang, Qinyi and Filippi, Sarah and Gretton, Arthur and Sejdinovic, Dino},
	journal={Statistics and Computing},
	volume={28},
	number={1},
	pages={113--130},
	year={2018},
	publisher={Springer},
	url = {https://doi.org/10.1007/s11222-016-9721-7}
}
@article{jitkrittum2016adaptive,
	title={An adaptive test of independence with analytic kernel embeddings},
	author={Jitkrittum, Wittawat and Szab{\'o}, Zolt{\'a}n and Gretton, Arthur},
	journal={arXiv preprint arXiv:1610.04782},
	year={2016}
}
@inproceedings{lopez2013randomized,
	title={The randomized dependence coefficient},
	author={Lopez-Paz, David and Hennig, Philipp and Sch{\"o}lkopf, Bernhard},
	booktitle={Advances in neural information processing systems},
	pages={1--9},
	year={2013}
}
@article{huang2017efficient,
	title={An Efficient and Distribution-Free Two-Sample Test Based on Energy Statistics and Random Projections},
	author={Huang, Cheng and Huo, Xiaoming},
	journal={arXiv preprint arXiv:1707.04602},
	year={2017}
}

@article{huo2016fast,
	title={Fast computing for distance covariance},
	author={Huo, Xiaoming and Sz{\'e}kely, G{\'a}bor J},
	journal={Technometrics},
	volume={58},
	number={4},
	pages={435--447},
	year={2016},
	publisher={Taylor \& Francis},
	url = {https://doi.org/10.1080/00401706.2015.1054435}
}

@Article{ye2015dslice,
	title = {\textit{dslice}: an {R} package for nonparametric testing of associations with application in QTL and gene set analysis.},
	author = {Chao Ye and Bo Jiang and Xuegong Zhang and Jun S. Liu},
	year = {2015},
	volume = {31},
	number = {11},
	pages = {1842--1844},
	url = {https://doi.org/10.1093/bioinformatics/btv021},
	journal = {Bioinformatics},
	publisher = {Oxford Univ Press},
}

@Article{jiang2015non,
	title = {Non-parametric \textit{K}-sample tests via dynamic slicing},
	author = {Bo Jiang and Chao Ye and Jun S. Liu},
	year = {2015},
	volume = {110},
	number = {510},
	pages = {642--653},
	url = {https://doi.org/10.1080/01621459.2014.920257},
	journal = {Journal of the American Statistical Association},
	publisher = {Taylor & Francis},
}
