@book{askarzadeh:2016,
author = {A.~{Askarzadeh}},
title = {{A novel metaheuristic method for solving constrained engineering optimization problems: Crow search algorithm}},
publisher = {Computers and Structures 169:   doi10.1016/j.compstruc..03.001},
pages = {1--12},
year = {2016}
}
@book{brochu:2010,
author = {E.~{Brochu, V.~M. Cora, and N.~de~Freitas}},
title = {{A tutorial on bayesian optimization of expensive cost functions, with application to active user modeling and hierarchical reinforcement learning}},
year = {2010}
}
@book{coello:2000,
author = {C.~{Coello}},
title = {{Use of a self-adaptive penalty approach for engineering optimization problems}},
publisher = {Computers in Industry 41 (2):  doi10.1016/S0166-3615(99)00046-9},
pages = {113--127},
year = {2000}
}
@book{gandomi:2013,
author = {A.~{Gandomi, X.~Yang, A.~Alavi, and S.~Talatahari}},
title = {{Bat algorithm for constrained optimization tasks}},
publisher = {Neural Computing and Applications 22:},
pages = {1239--1255},
year = {2013}
}
@book{laGP,
author = {R.~B. {Gramacy}},
title = {{laGP: Large-scale spatial modeling via local approximate Gaussian processes in R}},
publisher = {Journal of Statistical Software 72 (1):  doi10.18637/jss.v072.i01},
pages = {1--46},
year = {2016}
}
@book{gramacy:2020,
author = {R.~B. {Gramacy}},
title = {{Surrogates: Gaussian Process Modeling, Design, and Optimization for the Applied Sciences}},
publisher = {Chapman & Hall/CRC first edition},
year = {2020}
}
@book{gramacy:gray:digabel:lee:ranjan:wells:wild:2016,
author = {R.~B. {Gramacy, G.~A. Gray, S.~L. Digabel, H.~K.~H. Lee, P.~Ranjan, G.~Wells, and S.~M. Wild}},
title = {{Modeling an augmented Lagrangian for blackbox constrained optimization}},
publisher = {Technometrics 58 (1):},
pages = {1--11},
year = {2016}
}
@book{he:2007,
author = {Q.~{He and L.~Wang}},
title = {{An effective co-evolutionary particle swarm optimization for constrained engineering design problems}},
publisher = {Engineering Applications of Artificial Intelligence,20 (1):   doi10.1016/j.engappai.2006.03.003},
pages = {89--99},
year = {2007}
}
@book{jones:schonlau:welch:1998,
author = {D.~{Jones, M.~Schonlau, and W.~J. Welch}},
title = {{Efficient global optimization of expensive black box functions}},
publisher = {Journal of Global Optimization 13:},
pages = {455--492},
year = {1998}
}
@book{lee:gramacy:linkletter:gray:2011,
author = {H.~K.~H. {Lee, R.~B. Gramacy, C.~Linkletter, and G.~A. Gray}},
title = {{Optimization subject to hidden constraints via statistical emulation}},
publisher = {Pacific Journal of Optimization 7:},
pages = {467--478},
year = {2011}
}
@book{lee:2005,
author = {K.~{Lee and Z.~Geem}},
title = {{A new meta-heuristic algorithm for continuous engineering optimization: harmony search theory and practice}},
publisher = {Computer Methods in Applied Mechanics and Engineering,194 (): 3902--3933  doi10.1016/j.cma.2004.09.007},
pages = {36--38},
year = {2005}
}
@book{letham:2019,
author = {B.~{Letham, B.~Karrer, G.~Ottoni, and E.~Bakshy}},
title = {{Constrained bayesian optimization with noisy experiments}},
publisher = {Bayesian Analysis 14 (2):},
pages = {495--519},
year = {2019}
}
@book{li:2019,
author = {G.~{Li, F.~Shuang, P.~Zhao, and C.~Le}},
title = {{An improved butterfly optimization algorithm for engineering design problems using the cross-entropy method}},
publisher = {Symmetry 11 (8): 1049  doi10.3390/sym11081049},
year = {2019}
}
@book{lindberg:lee:2015,
author = {D.~{Lindberg and H.~K.~H. Lee}},
title = {{Optimization under constraints by applying an asymmetric entropy measure}},
publisher = {Journal of Computational and Graphical Statistics,24:},
pages = {379--393},
year = {2015}
}
@book{mcdonald:1996,
author = {M.~{McDonald and A.~Harbaugh}},
title = {{Programmer's documentation for MODFLOW-96, an update to the U.S. geological survey modular finite difference ground-water flow model}},
publisher = {Technical report Open-File Report 96-486 U.S Geological Survey},
year = {1996}
}
@book{mirjalili:2014,
author = {S.~{Mirjalili, S.~Mirjalili, and A.~Lewis}},
title = {{Grey wolf optimizer}},
publisher = {Advances in Engineering Software 69:   doi10.1016/j.advengsoft.2013.12.007},
pages = {46--61},
year = {2014}
}
@book{mirjalili:2017,
author = {S.~{Mirjalili, A.~Gandomi, Z.~Mirjalili, S.~Saremi, H.~Fairs, and S.~Mirjalili}},
title = {{Salp Swarm Algorithm: A bio-inspired optimizer for engineering design problems}},
publisher = {Advances in Engineering Software 114:  doi10.1016/j.advengsoft..07.002},
pages = {163--191},
year = {2017}
}
@book{mockus:1978,
author = {J.~{Mockus, V.~Tiesis, and A.~Zilinskas}},
title = {{The application of bayesian methods for seeking the extremum}},
publisher = {Towards Global Optimization 2:},
pages = {117--129},
year = {1978}
}
@book{CompModels,
author = {T.~{Pourmohamad}},
title = {{CompModels: Pseudo Computer Models for Optimization, }},
publisher = {R package version 0.2.0},
year = {2020},
url = {https://CRAN.R-project.org/package=CompModels}
}
@book{pourmohamad:lee:2016,
author = {T.~{Pourmohamad and H.~K.~H. Lee}},
title = {{Multivariate stochastic process models for correlated responses of mixed type}},
publisher = {Bayesian Analysis 11 (3):  09 doi10.1214/15-BA976},
pages = {797--820},
year = {2016},
url = {https://doi.org/10.1214/15-BA976}
}
@book{pourmohamad:lee:2019,
author = {T.~{Pourmohamad and H.~K.~H. Lee}},
title = {{The statistical filter approach to constrained optimization}},
publisher = {Technometrics 62 (3):   doi10.1080/00401706..1638304},
pages = {303--312},
year = {2019}
}
@book{pourmohamad:lee:2020,
author = {T.~{Pourmohamad and H.~K.~H. Lee}},
title = {{Bayesian optimization via barrier functions}},
publisher = {Technical report Deptartment of Statistics University ofCalifornia Santa Cruz},
year = {2020}
}
@book{R,
author = {{R {Core Team}}},
title = {{R: A Language and Environment for Statistical Computing}},
publisher = {R Foundation for Statistical Computing Vienna Austria},
year = {2020},
url = {https://www.R-project.org/}
}
@book{sant:will:notz:2003,
author = {T.~J. {Santner, B.~J. Williams, and W.~I. Notz}},
title = {{The Design and Analysis of Computer Experiments}},
publisher = {Springer-Verlag New York NY},
year = {2003}
}
@book{schonlau:1998,
author = {M.~{Schonlau, W.~J. Welch, and D.~Jones}},
title = {{Global versus local search in constrained optimization of computer models}},
publisher = {Lecture Notes-Monograph Series pages},
pages = {11--25},
year = {1998}
}
@book{stein:1999,
author = {M.~L. {Stein}},
title = {{Interpolation of Spatial Data}},
publisher = {Springer New York NY},
year = {1999}
}

