@article{grayling:2014ab,
  Author =	 {Grayling, Michael J},
  Journal =	 {The R Journal},
  Pages =	 {43--51},
  volume =	 6,
  number =	 2,
  Title =	 {phase{R}: An {R} package for phase plane analysis of
                  autonomous {ODE} systems},
  Year =	 2014
}

@manual{grayling:2014aa,
  Author =	 {Grayling, Michael J},
  Note =	 {{R} package version 1.3},
  Title =	 {phase{R}: {P}hase Plane Analysis of One and Two
                  Dimensional Autonomous ODE Systems},
  Url =		 {https://CRAN.R-project.org/package=phaseR},
  Year =	 2014,
}

@manual{garnier:2016aa,
  Author =	 {Simon Garnier},
  Note =	 {R package version 0.3.4},
  Title =	 {viridis: Default Color Maps from `matplotlib'},
  Url =		 {https://github.com/sjmgarnier/viridis},
  Year =	 2016,
}

@manual{moore:2016aa,
  Author =	 {Christopher Moore and Christopher Stieha and Ben
                  Nolting and Maria Cameron and Karen Abbott},
  Note =	 {R package version 1.2},
  Title =	 {{QP}ot: {Q}uasi-Potential Analysis for Stochastic
                  Differential Equations},
  Url =		 {https://CRAN.R-project.org/package=QPot,
                  https://github.com/bmarkslash7/QPot},
  Year =	 2016,
}

@manual{guidoum:2016aa,
  Author =	 {A.C. Guidoum and K. Boukhetala},
  Note =	 {R package version 3.2},
  Title =	 {{S}im.{D}iff{P}roc: Simulation of Diffusion
                  Processes.},
  Url =		 {https://CRAN.R-project.org/package=Sim.DiffProc},
  Year =	 2016,
}

@article{brouste:2014aa,
  Author =	 {Alexandre Brouste and Masaaki Fukasawa and Hideitsu
                  Hino and Stefano M. Iacus and Kengo Kamatani and
                  Yuta Koike and Hiroki Masuda and Ryosuke Nomura and
                  Teppei Ogihara and Yasutaka Shimuzu and Masayuki
                  Uchida and Nakahiro Yoshida},
  Journal =	 {Journal of Statistical Software},
  Number =	 4,
  Pages =	 {1--51},
  Title =	 {The {YUIMA} Project: A Computational Framework for
                  Simulation and Inference of Stochastic Differential
                  Equations},
  doi =		 {10.18637/jss.v057.i04},
  Volume =	 57,
  Year =	 2014,
}

@book{pavliotis2014,
  Address =	 {New York},
  Author =	 {Grigorios A. Pavliotis},
  Publisher =	 {Springer-Verlag},
  Series =	 {Texts in Applied Mathematics},
  Title =	 {Stochastic Processes and Applications: Diffusion
                  Processes, the Fokker-Planck and Langevin Equations},
  Volume =	 60,
  Year =	 2014
}

@inbook{chua,
  Author =	 {Thomas S. Parker Leon Chua and Thomas S. Parker},
  Chapter =	 5,
  Publisher =	 {Springer-Verlag},
  Title =	 {Practical Numerical Algorithms for Chaotic Systems},
  Year =	 1989
}

@manual{adler:2015aa,
  Author =	 {D. Adler and D. Murdoch and O. Nenadic and
                  S. Urbanek and M. Chen and A. Gebhardt and B. Bolker
                  and G. Csardi and A. Strzelecki and A. Senger},
  Note =	 {R package version 0.95.1247},
  Title =	 {rgl: 3D Visualization Device System for {R} using
                  {O}pen{GL}},
  Url =		 {https://CRAN.R-project.org/package=rgl},
  Year =	 2015,
}

@article{soetaert:2010aa,
  Author =	 {Karline Soetaert and Thomas Petzoldt and R. Woodrow
                  Setzer},
  Journal =	 {Journal of Statistical Software},
  Number =	 9,
  Pages =	 {1--25},
  Title =	 {Solving Differential Equations in {R}: Package
                  de{S}olve},
  Volume =	 33,
  doi =		 {10.18637/jss.v033.i09},
  Year =	 2010
}

@article{sethian:2001aa,
  Author =	 {Sethian, J. A. and Vladimirsky, A.},
  doi =		 {10.1073/pnas.201222998},
  Journal =	 {Proceedings of the National Academy of Sciences},
  Number =	 20,
  Pages =	 {11069-11074},
  Title =	 {Ordered upwind methods for static
                  {H}amilton-{J}acobi equations},
  Volume =	 98,
  Year =	 2001,
}

@article{sethian:2003aa,
  Author =	 {James A. Sethian and Alexander Vladimirsky},
  Doi =		 {10.1137/S0036142901392742},
  Journal =	 {SIAM Journal on Numerical Analysis},
  Number =	 1,
  Pages =	 {325-363},
  Title =	 {Ordered Upwind Methods for Static
                  {H}amilton-{J}acobi Equations: Theory and
                  Algorithms},
  Volume =	 41,
  Year =	 2003,
}

@book{soetaert:2008aa,
  Author =	 {Soetaert, Karline and Herman, Peter MJ},
  Publisher =	 {Springer Science \& Business Media},
  Title =	 {A Practical Guide to Ecological Modelling: Using {R}
                  as a Simulation Platform},
  Year =	 2008
}

@manual{soetaert:2013aa,
  Author =	 {Karline Soetaert},
  Note =	 {R package version 1.0-2},
  Title =	 {plot3{D}: Plotting Multi-Dimentional Data in {R}},
  Url =		 {https://CRAN.R-project.org/package=plot3D},
  Year =	 2014,
}

@article{steele:1981aa,
  Author =	 {Steele, J H and Henderson, E W},
  Journal =	 {American Naturalist},
  Pages =	 {676--691},
  volume =	 117,
  number =	 5,
  Title =	 {A simple plankton model},
  Year =	 1981
}

@article{collie:1994aa,
  Author =	 {Collie, Jeremy S and Spencer, Paul D},
  Journal =	 {Canadian Journal of Fisheries and Aquatic Sciences},
  Number =	 12,
  Pages =	 {2665--2672},
  Publisher =	 {NRC Research Press},
  Title =	 {Modeling predator-prey dynamics in a fluctuating
                  environment},
  Volume =	 51,
  Year =	 1994
}

@book{iacus:2009aa,
  Author =	 {Iacus, Stefano M},
  Publisher =	 {Springer Science \& Business Media},
  Title =	 {Simulation and Inference for Stochastic Differential
                  Equations: With R Examples},
  Volume =	 1,
  Year =	 2009
}

@article{nolting:2016aa,
  Author =	 {Nolting, B C and Abbott, K C},
  Journal =	 {Ecology},
  Number =	 4,
  Pages =	 {850--864},
  Title =	 {Balls, cups, and quasi-potentials: Quantifying
                  stability in stochastic systems},
  Volume =	 97,
  Year =	 2016
}

@article{Roy:1995tx,
  Author =	 {Roy, R V and Nauman, E},
  Journal =	 {Journal of Sound and Vibration},
  Title =	 {Noise-induced effects on a non-linear oscillator},
  volume =	 183,
  number =	 2,
  pages =	 {269-295},
  doi =		 {10.1006/jsvi.1995.0254},
  Year =	 1995
}

@article{Graham:1986cq,
  Author =	 {Graham, R and T{\'e}l, T},
  Journal =	 {Physical Review. A},
  Number =	 2,
  Pages =	 {1322--1337},
  Title =	 {{Nonequilibrium potential for coexisting
                  attractors}},
  Volume =	 33,
  Year =	 1986
}

@book{Freidlin:2012wd,
  Author =	 {Freidlin, Mark I and Wentzell, Alexander D},
  Publisher =	 {Springer-Verlag},
  Title =	 {Random Perturbations of Dynamical Systems},
  Volume =	 260,
  Year =	 2012
}

@article{Cameron:2012ex,
  Author =	 {Cameron, M K},
  Journal =	 {Physica D},
  Number =	 18,
  Pages =	 {1532--1550},
  Title =	 {{Finding the quasipotential for nongradient SDEs}},
  Volume =	 241,
  Year =	 2012
}

@book{Allen:2007ww,
  Author =	 {Allen, Edward J},
  Publisher =	 {Springer-Verlag},
  Series =	 {Mathematical Modelling: Theory and Applications},
  Title =	 {Modeling with Ito Stochastic Differetnial
                  Equations},
  Volume =	 22,
  Year =	 2007
}

