%% This BibTeX bibliography file was created using BibDesk.
%% http://bibdesk.sourceforge.net/

%% Created for Sonia Pérez Fernández at 2018-12-31 12:56:03 +0100 


%% Saved with string encoding Unicode (UTF-8) 



@book{pepe:2003,
	Author = {Pepe, Margaret Sullivan},
	Date-Added = {2018-12-31 11:46:23 +0000},
	Date-Modified = {2018-12-31 11:47:03 +0000},
	Isbn = {9780198509844},
	Publisher = {Oxford: Oxford University Press},
	Title = {The Statistical Evaluation of Medical Tests for Classification and Prediction},
	Year = {2003}}

@manual{tdroc,
	Author = {Liang Li and Cai Wu {Department of Biostatistics} and {The University of Texas MD Anderson Cancer Center}},
	Date-Added = {2018-12-30 12:46:51 +0000},
	Date-Modified = {2018-12-30 12:46:51 +0000},
	Note = {R package version 1.0},
	Title = {td{ROC}: Nonparametric Estimation of Time-Dependent {ROC} Curve from Right Censored Survival Data},
	Url = {https://CRAN.R-project.org/package=tdROC},
	Year = {2016},
	Bdsk-Url-1 = {https://CRAN.R-project.org/package=tdROC}}

@article{camblor:2017param,
	Author = {Mart{\'\i}nez-Camblor, Pablo and Pardo-Fern{\'a}ndez, Juan Carlos},
	Date-Added = {2018-06-11 12:34:37 +0000},
	Date-Modified = {2018-06-11 12:41:27 +0000},
	Journal = {Statistical Methods in Medical Research},
	Title = {Parametric estimates for the receiver operating characteristic curve generalization for non-monotone relationships},
	Url = {https://doi.org/10.1177/0962280217747009},
	Volume = {(Published online)},
	Year = {2017},
	Bdsk-Url-1 = {https://doi.org/10.1177/0962280217747009}}

@book{zhou:2002,
	Author = {Zhou, Xiao-Hua and Obuchowski, Nancy A. and McClish, Donna K.},
	Date-Modified = {2018-12-31 11:52:01 +0000},
	Isbn = {9780471347729},
	Publisher = {Wiley},
	Title = {Statistical Methods in Diagnostic Medicine},
	Url = {https://doi.org/10.1002/9780470317082},
	Year = {2002},
	Bdsk-Url-1 = {https://doi.org/10.1002/9780470317082}}

@article{fluss:2005,
	Author = {Fluss, Ronnen and Faraggi, David and Reiser, Benjamin},
	Date-Modified = {2018-12-30 22:12:44 +0000},
	Journal = {Biometrical Journal},
	Number = 4,
	Pages = {458--472},
	Title = {{Estimation of the Youden Index and its Associated Cutoff Point}},
	Url = {https://doi.org/10.1002/bimj.200410135},
	Volume = 47,
	Year = 2005,
	Bdsk-Url-1 = {https://doi.org/10.1002/bimj.200410135}}

@article{goncalves:2014,
	Author = {Gon{\c c}alvez, Luzia and Subtil,Ana and Oliveira, M. Ros\'ario and de Zea Bermudez, Patricia},
	Journal = {REVSTAT Statistical Journal},
	Number = 1,
	Pages = {1--20},
	Title = {{ROC} curve estimation: An overview},
	Volume = 12,
	Year = 2014}

@article{camblor:2017,
	Author = {Mart{\'\i}nez-Camblor, Pablo and Corral, Norberto and Rey, Corsino and Pascual, Julio and Cernuda-Moroll{\'o}n, Eva},
	Journal = {Statistical Methods in Medical Research},
	Number = 1,
	Pages = {113--123},
	Title = {Receiver operating characteristic curve generalization for non-monotone relationships},
	Url = {https://doi.org/10.1177/0962280214541095},
	Volume = 26,
	Year = 2017,
	Bdsk-Url-1 = {https://doi.org/10.1177/0962280214541095}}

@article{horvath:2008,
	Author = {Horv{\'a}th, Lajos and Horv{\'a}th, Zsuzsanna and Zhou, Wang},
	Journal = {Journal of Statistical Planning and Inference},
	Number = 6,
	Pages = {1894--1904},
	Title = {Confidence bands for {ROC} curves},
	Url = {https://doi.org/10.1016/j.jspi.2007.07.009},
	Volume = 138,
	Year = 2008,
	Bdsk-Url-1 = {https://doi.org/10.1016/j.jspi.2007.07.009}}

@article{demidenko:2012,
	Author = {Demidenko, Eugene},
	Journal = {Journal of Applied Statistics},
	Number = 1,
	Pages = {67--79},
	Title = {Confidence intervals and bands for the binormal {ROC} curve revisited},
	Url = {https://doi.org/10.1080/02664763.2011.578616},
	Volume = 39,
	Year = 2012,
	Bdsk-Url-1 = {https://doi.org/10.1080/02664763.2011.578616}}

@article{camblor:2018,
	Author = {Mart{\'\i}nez-Camblor, Pablo and P{\'e}rez-Fern{\'a}ndez, Sonia and Corral, Norberto},
	Date-Modified = {2018-12-30 23:12:11 +0000},
	Journal = {Statistical Methods in Medical Research},
	Number = {6},
	Pages = {1892--1908},
	Title = {Efficient nonparametric confidence bands for receiver operating-characteristic curves},
	Url = {https://doi.org/10.1177/0962280216672490},
	Volume = {27},
	Year = 2018,
	Bdsk-Url-1 = {https://doi.org/10.1177/0962280216672490}}

@article{jensen:2000,
	Author = {Jensen, Katrin and M{\"u}ller, Hans-Helge and Sch{\"a}fer, Helmut},
	Journal = {Statistics in Medicine},
	Number = 4,
	Pages = {493--509},
	Title = {Regional confidence bands for {ROC} curves},
	Url = {https://doi.org/10.1002/(SICI)1097-0258(20000229)19:4<493::AID-SIM352>3.0.CO;2-W},
	Volume = 19,
	Year = 2000,
	Bdsk-Url-1 = {https://doi.org/10.1002/(SICI)1097-0258(20000229)19:4%3C493::AID-SIM352%3E3.0.CO;2-W}}

@article{venkatraman:1996,
	Author = {Venkatraman, E.S. and Begg, Colin B.},
	Journal = {Biometrika},
	Number = 4,
	Pages = {835--848},
	Title = {A distribution-free procedure for comparing receiver operating characteristic curves from a paired experiment},
	Url = {https://doi.org/10.1093/biomet/83.4.835},
	Volume = 83,
	Year = 1996,
	Bdsk-Url-1 = {https://doi.org/10.1093/biomet/83.4.835}}

@article{camblor:2013,
	Author = {Mart{\'\i}nez-Camblor, Pablo and Carleos, Carlos and Corral, Norberto},
	Journal = {Journal of the Korean Statistical Society},
	Number = 1,
	Pages = {71--81},
	Title = {General nonparametric {ROC} curve comparison},
	Url = {https://doi.org/10.1016/j.jkss.2012.05.002},
	Volume = 42,
	Year = 2013,
	Bdsk-Url-1 = {https://doi.org/10.1016/j.jkss.2012.05.002}}

@article{venkatraman:2000,
	Author = {Venkatraman, E.S.},
	Date-Modified = {2018-12-31 11:49:23 +0000},
	Journal = {Biometrics},
	Number = 4,
	Pages = {1134--1138},
	Title = {A Permutation Test to Compare Receiver Operating Characteristic Curves},
	Url = {https://doi.org/10.1111/j.0006-341X.2000.01134.x},
	Volume = 56,
	Year = 2000,
	Bdsk-Url-1 = {https://doi.org/10.1111/j.0006-341X.2000.01134.x}}

@article{camblor:2011,
	Author = {Mart{\'\i}nez-Camblor, Pablo and Carleos, Carlos and Corral, Norberto},
	Journal = {Journal of Applied Statistics},
	Number = 7,
	Pages = {1317--1332},
	Title = {Powerful nonparametric statistics to compare k independent {ROC} curves},
	Url = {https://doi.org/10.1080/02664763.2010.498504},
	Volume = 38,
	Year = 2011,
	Bdsk-Url-1 = {https://doi.org/10.1080/02664763.2010.498504}}

@article{heagerty:2005,
	Author = {Heagerty, P.J. and Zheng, Y.},
	Date-Modified = {2018-12-30 22:18:57 +0000},
	Journal = {Biometrics},
	Number = 1,
	Pages = {92--105},
	Title = {{Survival model predictive accuracy and {ROC} curves}},
	Url = {https://doi.org/10.1111/j.0006-341X.2005.030814.x},
	Volume = 61,
	Year = 2005,
	Bdsk-Url-1 = {https://doi.org/10.1111/j.0006-341X.2005.030814.x}}

@article{heagerty:2000,
	Author = {Heagerty, P.J. and Lumley, Thomas and Pepe, M. Sullivan},
	Journal = {Biometrics},
	Number = 2,
	Pages = {337--344},
	Title = {Time-dependent {ROC} curves for censored survival data and a diagnostic marker},
	Url = {https://doi.org/10.1111/j.0006-341X.2000.00337.x},
	Volume = 56,
	Year = 2000,
	Bdsk-Url-1 = {https://doi.org/10.1111/j.0006-341X.2000.00337.x}}

@article{mossman:1999,
	Author = {Mossman, Douglas},
	Journal = {Medical Decision Making},
	Number = 1,
	Pages = {78--89},
	Title = {Three-way {ROC}s},
	Url = {https://doi.org/10.1177/0272989X9901900110},
	Volume = 19,
	Year = 1999,
	Bdsk-Url-1 = {https://doi.org/10.1177/0272989X9901900110}}

@article{camblor:2016cd,
	Author = {Mart{\'\i}nez-Camblor, Pablo and F-Bay{\'o}n, Gustavo and P{\'e}rez-Fern{\'a}ndez, Sonia},
	Journal = {Journal of Statistical Computation and Simulation},
	Number = 17,
	Pages = {3582--3594},
	Title = {Cumulative/dynamic {ROC} curve estimation},
	Url = {https://doi.org/10.1080/00949655.2016.1175442},
	Volume = 86,
	Year = 2016,
	Bdsk-Url-1 = {https://doi.org/10.1080/00949655.2016.1175442}}

@article{rutter:2001,
	Author = {Rutter, Carolyn M. and Gatsonis, Constantine A.},
	Journal = {Statistics in Medicine},
	Number = 19,
	Pages = {2865--2884},
	Title = {A hierarchical regression approach to meta-analysis of diagnostic test accuracy evaluations},
	Url = {https://doi.org/10.1002/sim.942},
	Volume = 20,
	Year = 2001,
	Bdsk-Url-1 = {https://doi.org/10.1002/sim.942}}

@article{cai:2004,
	Author = {Cai, Tianxi},
	Journal = {Biostatistics},
	Number = 1,
	Pages = {45--60},
	Title = {Semi-parametric {ROC} regression analysis with placement values},
	Url = {https://doi.org/10.1093/biostatistics/5.1.45},
	Volume = 5,
	Year = 2004,
	Bdsk-Url-1 = {https://doi.org/10.1093/biostatistics/5.1.45}}

@article{rodriguez:2011,
	Author = {Rodr\'iguez-\'Alvarez, Mar\'ia Xos\'e and Tahoces, Pablo G. and Cadarso-Su\'arez, Carmen and Lado, Mar\'ia Jos\'e},
	Date-Modified = {2018-12-31 11:29:53 +0000},
	Journal = {Computational Statistics and Data Analysis},
	Number = 1,
	Pages = {888--902},
	Title = {{Comparative study of {ROC} regression techniques - Applications for the computer-aided diagnostic system in breast cancer detection}},
	Url = {https://doi.org/10.1016/j.csda.2010.07.018},
	Volume = 55,
	Year = 2011,
	Bdsk-Url-1 = {https://doi.org/10.1016/j.csda.2010.07.018}}

@article{steinhauser:2016,
	Author = {Steinhauser, Susanne and Schumacher, Martin and R{\"u}cker, Gerta},
	Date-Modified = {2018-12-31 11:35:49 +0000},
	Journal = {BMC Medical Research Methodology},
	Number = {97},
	Pages = {1--15},
	Title = {Modelling multiple thresholds in meta-analysis of diagnostic test accuracy studies},
	Url = {https://doi.org/10.1186/s12874-016-0196-1},
	Volume = {16},
	Year = 2016,
	Bdsk-Url-1 = {https://doi.org/10.1186/s12874-016-0196-1}}

@article{hoyer:2018,
	Author = {Hoyer, Annika and Kuss, Oliver},
	Date-Modified = {2018-12-30 22:34:18 +0000},
	Journal = {Statistical Methods in Medical Research},
	Number = {5},
	Pages = {1410--1421},
	Title = {Meta-analysis for the comparison of two diagnostic tests to a common gold standard: A generalized linear mixed model approach},
	Url = {https://doi.org/10.1177/0962280216661587},
	Volume = {27},
	Year = 2018,
	Bdsk-Url-1 = {https://doi.org/10.1177/0962280216661587}}

@article{camblor:2017meta,
	Author = {Mart{\'\i}nez-Camblor, Pablo},
	Journal = {Statistical Methods in Medical Research},
	Number = 1,
	Pages = {5--20},
	Title = {Fully non-parametric receiver operating characteristic curve estimation for random-effects meta-analysis},
	Url = {https://doi.org/10.1177/0962280214537047},
	Volume = 26,
	Year = 2017,
	Bdsk-Url-1 = {https://doi.org/10.1177/0962280214537047}}

@manual{proc-package,
	Author = {Xavier Robin and Natacha Turck and Alexandre Hainard and Natalia Tiberti and Fr{\'e}d{\'e}rique Lisacek and Jean-Charles Sanchez and Markus M{\"u}ller and Stefan Siegert},
	Date-Modified = {2018-12-30 11:42:19 +0000},
	Note = {R package version 1.13.0},
	Title = {p{ROC}: Display and Analyze {ROC} Curves},
	Url = {https://CRAN.R-project.org/package=pROC},
	Year = {2018},
	Bdsk-Url-1 = {https://CRAN.R-project.org/package=pROC}}

@manual{rocr-package,
	Author = {Tobias Sing and Oliver Sander and Niko Beerenwinkel and Thomas Lengauer},
	Note = {R package version 1.0-7},
	Title = {{ROCR}: Visualizing the Performance of Scoring Classifiers},
	Url = {https://CRAN.R-project.org/package=ROCR},
	Year = {2015},
	Bdsk-Url-1 = {https://CRAN.R-project.org/package=ROCR}}

@manual{plotroc,
	Author = {Michael C Sachs},
	Date-Modified = {2018-12-30 11:39:05 +0000},
	Note = {R package version 2.2.1},
	Title = {plot{ROC}: Generate Useful {ROC} Curve Charts for Print and Interactive Use},
	Url = {https://CRAN.R-project.org/package=plotROC},
	Year = {2018},
	Bdsk-Url-1 = {https://CRAN.R-project.org/package=plotROC}}

@manual{fbroc,
	Author = {Erik Peter},
	Note = {R package version 0.4.0},
	Title = {fbroc: Fast Algorithms to Bootstrap Receiver Operating Characteristics Curves},
	Url = {https://CRAN.R-project.org/package=fbroc},
	Year = {2016},
	Bdsk-Url-1 = {https://CRAN.R-project.org/package=fbroc}}

@manual{optimalcutpoints-package,
	Author = {Monica Lopez-Raton and Maria Xose Rodriguez-Alvarez},
	Note = {R package version 1.1-3},
	Title = {{OptimalCutpoints}: Computing optimal cutpoints in diagnostic tests},
	Url = {https://CRAN.R-project.org/package=OptimalCutpoints},
	Year = {2014},
	Bdsk-Url-1 = {https://CRAN.R-project.org/package=OptimalCutpoints}}

@manual{timeroc-package,
	Author = {Paul Blanche},
	Note = {R package version 0.3},
	Title = {time{ROC}: Time-Dependent {ROC} Curve and {AUC} for Censored Survival Data},
	Url = {https://CRAN.R-project.org/package=timeROC},
	Year = {2015},
	Bdsk-Url-1 = {https://CRAN.R-project.org/package=timeROC}}

@article{timeroc-article,
	Author = {Paul Blanche and Jean-Francois Dartigues and Helene Jacqmin-Gadda},
	Journal = {Statistics in Medicine},
	Number = {30},
	Pages = {5381--5397},
	Title = {Estimating and Comparing time-dependent areas under receiver operating characteristic curves for censored event times with competing risks},
	Url = {https://doi.org/10.1002/sim.5958},
	Volume = {32},
	Year = {2013},
	Bdsk-Url-1 = {https://doi.org/10.1002/sim.5958}}

@manual{survivalroc,
	Author = {Patrick J. Heagerty and packaging by Paramita Saha-Chaudhuri},
	Note = {R package version 1.0.3},
	Title = {survival{ROC}: Time-dependent {ROC} curve estimation from censored survival data},
	Url = {https://CRAN.R-project.org/package=survivalROC},
	Year = {2013},
	Bdsk-Url-1 = {https://CRAN.R-project.org/package=survivalROC}}

@manual{hsroc,
	Author = {Ian Schiller and Nandini Dendukuri},
	Note = {R package version 2.1.8},
	Title = {{HSROC}: Meta-Analysis of Diagnostic Test Accuracy when Reference Test is Imperfect},
	Url = {https://CRAN.R-project.org/package=HSROC},
	Year = {2015},
	Bdsk-Url-1 = {https://CRAN.R-project.org/package=HSROC}}

@article{camblor:2012,
	Author = {Mart{\'\i}nez-Camblor, Pablo and Corral, Norberto},
	Journal = {Journal of Statistical Planning and Inference},
	Number = 2,
	Pages = {589--600},
	Title = {A general bootstrap algorithm for hypothesis testing},
	Url = {https://doi.org/10.1016/j.jspi.2011.09.003},
	Volume = 142,
	Year = 2012,
	Bdsk-Url-1 = {https://doi.org/10.1016/j.jspi.2011.09.003}}

@article{delong:1988,
	Author = {DeLong, Elizabeth R. and DeLong, David M. and Clarke-Pearson, Daniel L.},
	Date-Modified = {2018-12-30 22:04:59 +0000},
	Journal = {Biometrics},
	Number = 3,
	Pages = {837--845},
	Title = {{Comparing the Areas under Two or More Correlated Receiver Operating Characteristic Curves: A Nonparametric Approach}},
	Url = {https://doi.org/10.2307/2531595},
	Volume = 44,
	Year = 1988,
	Bdsk-Url-1 = {https://doi.org/10.2307/2531595}}

@article{li:2018,
	Author = {Li, Liang and Greene, Tom and Hu, Bo},
	Date-Modified = {2018-12-30 22:46:10 +0000},
	Journal = {Statistical Methods in Medical Research},
	Number = {8},
	Pages = {2264--2278},
	Title = {A simple method to estimate the time-dependent receiver operating characteristic curve and the area under the curve with right censored data},
	Url = {https://doi.org/10.1177/0962280216680239},
	Volume = {27},
	Year = 2018,
	Bdsk-Url-1 = {https://doi.org/10.1177/0962280216680239}}

@manual{survival-package,
	Author = {Terry M Therneau},
	Date-Modified = {2018-12-31 11:39:41 +0000},
	Note = {R package version 2.43-3},
	Title = {survival: Survival Analysis},
	Url = {https://CRAN.R-project.org/package=survival},
	Year = {2018},
	Bdsk-Url-1 = {https://CRAN.R-project.org/package=survival}}

@book{survival-book,
	Address = {New York},
	Author = {Terry M. Therneau and Patricia M. Grambsch},
	Date-Modified = {2018-12-31 11:55:59 +0000},
	Isbn = {9780387987842},
	Publisher = {Springer},
	Title = {Modeling Survival Data: Extending the {C}ox Model},
	Year = {2000}}

@manual{sde,
	Author = {Stefano Maria Iacus},
	Note = {R package version 2.0.15},
	Title = {sde: Simulation and Inference for Stochastic Differential Equations},
	Url = {https://CRAN.R-project.org/package=sde},
	Year = {2016},
	Bdsk-Url-1 = {https://CRAN.R-project.org/package=sde}}

@article{moses:1993,
	Author = {Moses, Lincoln E. and Shapiro, David and Littenberg, Benjamin},
	Journal = {Statistics in Medicine},
	Number = 14,
	Pages = {1293--1316},
	Title = {Combining independent studies of a diagnostic test into a summary {ROC} curve: Data-analytic approaches and some additional considerations},
	Url = {https://doi.org/10.1002/sim.4780121403},
	Volume = 12,
	Year = 1993,
	Bdsk-Url-1 = {https://doi.org/10.1002/sim.4780121403}}

@article{hamza:2008,
	Author = {Hamza, Taye H. and Reitsma, Johannes B. and Stijnen, Theo},
	Date-Modified = {2018-12-30 22:17:36 +0000},
	Journal = {Medical Decision Making},
	Number = 5,
	Pages = {639--649},
	Title = {{Meta-Analysis of Diagnostic Studies: A Comparison of Random Intercept, Normal-Normal, and Binomial-Normal Bivariate Summary {ROC} Approaches}},
	Url = {https://doi.org/10.1177/0272989X08323917},
	Volume = 28,
	Year = 2008,
	Bdsk-Url-1 = {https://doi.org/10.1177/0272989X08323917}}

@article{dersimonian:1986,
	Author = {DerSimonian, Rebecca and Laird, Nan},
	Journal = {Controlled Clinical Trials},
	Number = 3,
	Pages = {177--188},
	Title = {Meta-analysis in clinical trials},
	Url = {https://doi.org/10.1016/0197-2456(86)90046-2},
	Volume = 7,
	Year = 1986,
	Bdsk-Url-1 = {https://doi.org/10.1016/0197-2456(86)90046-2}}

@article{macskassy:2005,
	Author = {Macskassy, S and Provost, F and Rosset, S},
	Date-Modified = {2018-12-30 23:02:55 +0000},
	Journal = {Proceedings of the 22nd international conference on machine learning},
	Pages = {537--544},
	Title = {{{ROC} Confidence Bands: An Empirical Evaluation}},
	Url = {https://doi.org/10.1145/1102351.1102419},
	Year = 2005,
	Bdsk-Url-1 = {https://doi.org/10.1145/1102351.1102419}}

@manual{nsroc-package,
	Author = {Sonia P{\'e}rez-Fern{\'a}ndez},
	Date-Modified = {2018-12-31 11:22:11 +0000},
	Note = {R package version 1.1},
	Title = {ns{ROC}: Non-Standard {ROC} Curve Analysis},
	Url = {https://CRAN.R-project.org/package=nsROC},
	Year = {2018},
	Bdsk-Url-1 = {https://CRAN.R-project.org/package=tdROC}}

@article{riley:2010,
	Author = {Riley, Richard D. and Lambert, Paul C. and Abo-Zhaid, Ghada},
	Date-Modified = {2018-12-31 11:27:43 +0000},
	Journal = {British Medical Journal},
	Title = {Meta-analysis of individual participant data: rationale, conduct, and reporting},
	Url = {https://doi.org/10.1136/bmj.c221},
	Volume = 340,
	Year = 2010,
	Bdsk-Url-1 = {https://doi.org/10.1136/bmj.c221}}

@article{bennett:1992,
	Author = {Bennett, Kristin P. and Mangasarian, O. L.},
	Journal = {Optimization Methods and Software},
	Number = 1,
	Pages = {23--34},
	Title = {Robust linear programming discrimination of two linearly inseparable sets},
	Url = {https://doi.org/10.1080/10556789208805504},
	Volume = 1,
	Year = 1992,
	Bdsk-Url-1 = {https://doi.org/10.1080/10556789208805504}}
