@article{Lee2021,
  title={Spherical principal curves},
  author={Lee, Jongmin and Kim, Jang-Hyun and Oh, Hee-Seok},
  journal={IEEE Transactions on Pattern Analysis and Machine Intelligence},
  volume={43},
  number={6},
  pages={2165--2171},
  year={2021},
  publisher={IEEE}
}

@article{Kim2020,
  title={Spherical principal curves},
  author={Kim, Jang-Hyun and Lee, Jongmin and Oh, Hee-Seok},
  journal={arXiv preprint arXiv:2003.02578},
  year={2020}
}

@book{Benner2005,
  title={Dimension Reduction of Large-scale Systems},
  author={Benner, Peter and Mehrmann, Volker and Sorensen, Danny C},
  volume={45},
  year={2005},
  publisher={Springer}
}

@article{Fletcher2004,
  title={Principal geodesic analysis for the study of nonlinear statistics of shape},
  author={Fletcher, P Thomas and Lu, Conglin and Pizer, Stephen M and Joshi, Sarang},
  journal={IEEE Transactions on Medical Imaging},
  volume={23},
  number={8},
  pages={995--1005},
  year={2004},
  publisher={IEEE}
}

@article{Hastie1989,
  title={Principal curves},
  author={Hastie, Trevor and Stuetzle, Werner},
  journal={Journal of the American Statistical Association},
  volume={84},
  number={406},
  pages={502--516},
  year={1989},
  publisher={Taylor \& Francis}
}

@article{Hauberg2016,
  title={Principal curves on Riemannian manifolds},
  author={Hauberg, S},
  journal={IEEE Transactions on Pattern Analysis and Machine Intelligence},
  volume={38},
  number={9},
  pages={1915},
  year={2016}
}

@Manual{Adler2020,
  title={\textbf{rgl}: 3D Visualization Using OpenGL},
  author={Adler, Daniel and Murdoch, Duncan},
  year={2020},
  URL={https://cran.r-project.org/package=rgl},
  note={R package version 0.100.50}
}

@Manual{Robotham2013,
  title={\textbf{sphereplot}: Spherical Plotting},
  author={Robotham, A},
  year={2013},
  URL={https://cran.r-project.org/package=sphereplot},
  note={R package version 1.5}
}

@Manual{Hijmans2017,
  title={\textbf{geosphere}: Spherical Trigonometry},
  year={2017},
  author={Hijmans, Robert J and Williams, Ed and Vennes, Chris},
  URL={https://cran.r-project.org/package=geosphere},
  note={R package version 1.5-10}
}

@Manual{princurve,
  title={\textbf{princurve}: Fits a Principal Curve in Arbitrary Dimension},
  year={2015},
  URL={https://cran.r-project.org/package=princurve},
  author={Hastie, Trevor and Weingessel, Andreas},
  note={R package version 2.16}
}

@Manual{LPCM,
  title={\textbf{LPCM}: Local Principal Curve Method},
  year={2015},
  URL={https://cran.r-project.org/package=LPCM},
  author={Einbeck, Jochen and Evers, Ludger and Einbeck, Maintainer Jochen},
  note={R package version 0.46-7}
}

@book{Mardia2014,
  title={Statistics of Directional Data},
  author={Mardia, Kantilal Varichand},
  year={2014},
  publisher={Academic press}
}

@article{Biau,
  title={Parameter selection for principal curves},
  author={Biau, G{\'e}rard and Fischer, Aur{\'e}lie},
  journal={IEEE Transactions on Information Theory},
  volume={58},
  number={3},
  pages={1924--1939},
  year={2011},
  publisher={IEEE}
}

@article{Einbeck2005local,
  title={Local principal curves},
  author={Einbeck, Jochen and Tutz, Gerhard and Evers, Ludger},
  journal={Statistics and Computing},
  volume={15},
  number={4},
  pages={301--313},
  year={2005},
  publisher={Springer}
}

@article{Panaretos2014,
  title={Principal flows},
  author={Panaretos, Victor M and Pham, Tung and Yao, Zhigang},
  journal={Journal of the American Statistical Association},
  volume={109},
  number={505},
  pages={424--436},
  year={2014},
  publisher={Taylor \& Francis}
}

@article{Liu2017level,
  title={A level set based variational principal flow method for nonparametric dimension reduction on Riemannian manifolds},
  author={Liu, Hao and Yao, Zhigang and Leung, Shingyu and Chan, Tony F},
  journal={SIAM Journal on Scientific Computing},
  volume={39},
  number={4},
  pages={A1616--A1646},
  year={2017},
  publisher={SIAM}
}

@article{Huckemann2010intrinsic,
  title={Intrinsic shape analysis: Geodesic PCA for Riemannian manifolds modulo isometric Lie group actions},
  author={Huckemann, Stephan and Hotz, Thomas and Munk, Axel},
  journal={Statistica Sinica},
  pages={1--58},
  year={2010},
  publisher={JSTOR}
}

@article{Lee2021spherical:supp,
  title={Supplementary material for spherical principal curves},
  author={Lee, Jongmin and Kim, Jang-Hyun and Oh, Hee-Seok},
  journal={IEEE Transactions on Pattern Analysis and Machine Intelligence},
  year={2021},
  publisher={IEEE},
  note={Available online}
}

