%%% Biblio in latex

@manual{team2020r,
   title = {R: A Language and Environment for Statistical Computing},
    author = {R Core Team}},
    organization = {R Foundation for Statistical Computing},
    address = {Vienna, Austria},
    year = {2020},
    url = {https://www.R-project.org/},
}

@article{alvarez1995american,
  title={{American Ambivalence Towards Abortion Policy: Development of a Heteroskedastic Probit Model of Competing Values}},
  author={Alvarez, R Michael and Brehm, John},
  journal={American Journal of Political Science},
  pages={1055--1082},
  year={1995},
  publisher={JSTOR}, 
  doi = {10.2307/2111669}
}
  
@article{allison1999comparing,
  title={{Comparing Logit and Probit Coefficients Across Groups}},
  author={Allison, Paul D},
  journal={Sociological methods \& research},
  volume={28},
  number={2},
  pages={186--208},
  year={1999},
  publisher={Sage Publications, Inc.}, 
  doi = {10.1177/0049124199028002003}
}

@article{canty2002resampling,
  title={{Resampling Methods in R: The \pkg{boot} Package}},
  author={Canty, Angelo J},
  journal={The Newsletter of the R Project Volume},
  volume={2},
  number={3},
  year={2002}, 
  url = {https://journal.r-project.org/articles/RN-2002-017/}
}

@article{carlson2019parametric,
  title={{Parametric Identification of Multiplicative Exponential Heteroscedasticity}},
  author={Carlson, Alyssa},
  journal={Oxford Bulletin of Economics and Statistics},
  volume={81},
  number={3},
  pages={686--696},
  year={2019},
  publisher={Wiley Online Library},
  doi = {10.1111/obes.12280}
}

@Manual{elff2012memisc,
  title={{\pkg{memisc}: Tools for Management of Survey Data, Graphics, Programming, Statistics, and Simulation}},
  author={Elff, Martin},
  note={R package version 0.95-38}, 
  url = {http://CRAN. R-project. org/package= memisc},
  year={2012}
}

@article{fox2013hypothesis,
  title={{Hypothesis Tests for Multivariate Linear Models Using the \pkg{car} Package.}},
  author={Fox, John and Friendly, Michael and Weisberg, Sanford},
  journal={The R Journal},
  volume={5},
  number={1},
  pages={39},
  year={2013}, 
  doi={10.32614/RJ-2013-004}
}

@Manual{glmx,
    title = {{\pkg{glmx}: Generalized Linear Models Extended}},
    author = {Achim Zeileis and Roger Koenker and Philipp Doebler},
    year = {2015},
    note = {R package version 0.1-1},
    url = {https://CRAN.R-project.org/package=glmx},
  }

@book{greene2003econometric,
  title={Econometric Analysis},
  author={Greene, William H},
  year={2003},
  edition = {7}, 
  publisher={Pearson Education India}
}

@book{greene2010modeling,
	title={Modeling Ordered Choices: A Primer},
	author={Greene, William H and Hensher, David A},
	year={2010},
	publisher={Cambridge University Press}
}

@article{harvey1976estimating,
  title={Estimating Regression Models with Multiplicative Heteroscedasticity},
  author={Harvey, Andrew C},
  journal={Econometrica: Journal of the Econometric Society},
  pages={461--465},
  year={1976},
  publisher={JSTOR}, 
  doi = {10.2307/1913974}
}


@article{henningsen2011maxlik,
  title={{\pkg{maxLik}: A Package for Maximum Likelihood Estimation in R}},
  author={Henningsen, Arne and Toomet, Ott},
  journal={Computational Statistics},
  volume={26},
  number={3},
  pages={443--458},
  year={2011},
  publisher={Springer}, 
  doi = {10.1007/s00180-010-0217-1}
}

@article{knapp1992analysis,
  title={An Analysis of the Probability of Default on Federally Guranteed Student Loans},
  author={Knapp, Laura Greene and Seaks, Terry G},
  journal={The Review of Economics and Statistics},
  pages={404--411},
  year={1992},
  publisher={JSTOR}, 
  doi = {10.2307/2109484}
}


@inproceedings{keele2006difficult,
  title={{Difficult Choices: An Evaluation of Heterogeneous Choice Models}},
  author={Keele, Luke and Park, David K},
  booktitle={Paper for the 2004 meeting of the American Political Science Association},
  pages={2--5},
  year={2006}
}

@article{LARF,
    title = {\pkg{LARF}: Instrumental Variable Estimation of Causal Effects through Local Average Response Functions},
    author = {Weihua An and Xuefu Wang},
    journal = {Journal of Statistical Software},
    year = {2016},
    volume = {71},
    number = {1},
    pages = {1-13},
    doi = {10.18637/jss.v071.c01}
  }

@Manual{LIMDEP,
  author  = {William H Greene},
  title   = {LIMDEP Econometric Modelling Guide: Version 8.0},
  year    = {2002},
  address = {New York: Econometric Software},
  url     = {https://www.limdep.com/}
}

@Manual{margins,
    title = {\pkg{margins}: Marginal Effects for Model Objects},
    author = {Thomas J. Leeper},
    year = {2021},
    note = {R package version 0.3.26},
    url = {https://CRAN.R-project.org/package=margins}
  }
  
@Manual{marginaleffects,
  title = {\pkg{marginaleffects}: Predictions, Comparisons, Slopes, Marginal Means, and Hypothesis
Tests},
  author = {Vincent Arel-Bundock},
  year = {2023},
  note = {R package version 0.9.0},
  url = {https://vincentarelbundock.github.io/marginaleffects/},
}

@article{newey1987efficient,
  title={Efficient Estimation of Limited Dependent Variable Models with Endogenous Explanatory Variables},
  author={Newey, Whitney K},
  journal={Journal of Econometrics},
  volume={36},
  number={3},
  pages={231--250},
  year={1987},
  publisher={Elsevier}, 
  doi = {10.1016/0304-4076(87)90001-7}
}

@Manual{numderiv,
    title = {\pkg{numDeriv}: Accurate Numerical Derivatives},
    author = {Paul Gilbert and Ravi Varadhan},
    year = {2019},
    note = {R package version 2016.8-1.1},
    url = {https://CRAN.R-project.org/package=numDeriv},
  }
  
@Manual{oglmx,
    title = {\pkg{oglmx}: Estimation of Ordered Generalized Linear Models},
    author = {Nathan Carroll},
    year = {2018},
    note = {R package version 3.0.0.0},
    url = {https://CRAN.R-project.org/package=oglmx},
  }
  
@article{rivers1988limited,
	title={Limited Information Estimators and Exogeneity Tests for Simultaneous Probit Models},
	author={Rivers, Douglas and Vuong, Quang H},
	journal={Journal of Econometrics},
	volume={39},
	number={3},
	pages={347--366},
	year={1988},
	publisher={Elsevier}, 
	doi = {10.1016/0304-4076(88)90063-2}
}

@article{sarrias2016discrete,
  title={Discrete Choice Models with Random Parameters in {R}: The \pkg{Rchoice} Package},
  author={Sarrias, Mauricio},
  journal={Journal of Statistical Software},
  volume={74},
  number={1},
  pages={1--31},
  year={2016}, 
  doi = {10.18637/jss.v074.i10}
}


@Manual{Stata,
  author  = {StataCorp},
  title   = {Stata Statistical Software, Release 16},
  year    = {2019},
  address = {College Station, TX: StataCrop LLC},
  url     = {https://www.stata.com/}
}

@article{williams2009using,
  title={{Using Heterogeneous Choice Models to Compare Logit and Probit Coefficients Across Groups}},
  author={Williams, Richard},
  journal={Sociological Methods \& Research},
  volume={37},
  number={4},
  pages={531--559},
  year={2009},
  publisher={Sage Publications Sage CA: Los Angeles, CA}, 
  doi = {10.1177/0049124109335735}
}

@article{williams2010fitting,
	title={Fitting Heterogeneous Choice Models with \code{oglm}},
	author={Williams, Richard},
	journal={The Stata Journal},
	volume={10},
	number={4},
	pages={540--567},
	year={2010},
	publisher={SAGE Publications Sage CA: Los Angeles, CA},
	doi = {10.1177/1536867X1101000402}
}

@book{wooldridge2010econometric,
  title={{Econometric Analysis of Cross Section and Panel Data}},
  author={Wooldridge, Jeffrey M},
  year={2010},
  publisher={MIT press}
}

@article{wooldridge2014quasi,
  title={{Quasi-Maximum Likelihood Estimation and Testing for Nonlinear Models with Endogenous Explanatory Variables}},
  author={Wooldridge, Jeffrey M},
  journal={Journal of Econometrics},
  volume={182},
  number={1},
  pages={226--234},
  year={2014},
  publisher={Elsevier}, 
  doi = {10.1016/j.jeconom.2014.04.020}
}

@article{wooldridge2015control,
  title={{Control Function Methods in Applied Econometrics}},
  author={Wooldridge, Jeffrey M},
  journal={Journal of Human Resources},
  volume={50},
  number={2},
  pages={420--445},
  year={2015},
  publisher={University of Wisconsin Press}, 
  doi = {10.3368/jhr.50.2.420}
}

@article{yatchew1985specification,
  title={{Specification Error in Probit Models}},
  author={Yatchew, Adonis and Griliches, Zvi},
  journal={The Review of Economics and Statistics},
  pages={134--139},
  year={1985},
  publisher={JSTOR}, 
  doi = {10.2307/1928444}
}

@article{zaghdoudi2018ivprobit,
  title={\pkg{ivprobit}: An {R} Package to Estimate the Instrumental Variables Probit},
  author={Zaghdoudi, Taha},
  journal={Journal of Open Source Software},
  volume={3},
  number={22},
  pages={523},
  year={2018}, 
  doi = {10.21105/joss.00523}
}

