@book{Bates:2010,
author = {D.~{Bates and M.~Maechler}},
title = {{lme4: Linear mixed-effects models using S4 classes, }},
publisher = {R package version 0.999375-35},
year = {2010},
url = {http://CRAN.R-project.org/package=lme4}
}
@book{Belsley:1980,
author = {D.~{Belsley, E.~Kuh, and R.~Welsch}},
title = {{Regression Diagnostics. Identifying Influential Data and Sources of Collinearity}},
publisher = {Wiley},
year = {1980}
}
@book{Cook:1977,
author = {R.~{Cook}},
title = {{Detection of influential observations in linear regression}},
publisher = {Technometrics 19(1):},
pages = {15--18},
year = {1977}
}
@book{Crawley:2007,
author = {M.~J. {Crawley}},
title = {{The R Book}},
publisher = {Wiley},
year = {2007}
}
@book{Fox:2002,
author = {J.~{Fox}},
title = {{An R and S-Plus Companion to Applied Regression}},
publisher = {Sage},
year = {2002}
}
@book{Harrell:2001,
author = {F.~E. {{Harrell, Jr.}}},
title = {{Regression Modeling Strategies. With Applications to Linear Models, Logistic Regression, and Survival Analysis}},
publisher = {Springer},
year = {2001}
}
@book{Kreft:1998,
author = {I.~{Kreft and J.~De~Leeuw}},
title = {{Introducing Multilevel Modeling}},
publisher = {Sage Publications},
year = {1998}
}
@book{Langford:1998,
author = {I.~{Langford and T.~Lewis}},
title = {{Outliers in multilevel data}},
publisher = {Journal of the Royal Statistical Society: Series A (Statisticsin Society) 161:},
pages = {121--160},
year = {1998}
}
@book{Lieberman:2005,
author = {E.~S. {Lieberman}},
title = {{Nested analysis as a mixed-method strategy for comparative research}},
publisher = {American Political Science Review 99:},
pages = {435--452},
year = {2005}
}
@book{Nieuwenhuis:2011,
author = {R.~{Nieuwenhuis, B.~Pelzer, and M.~te~Grotenhuis}},
title = {{influence.ME: Tools for detecting influential data in mixed effects models, }},
publisher = {R package version 0.9},
year = {2012},
url = {http://CRAN.R-project.org/package=influence.ME}
}
@book{Sarkar:2008,
author = {D.~{Sarkar}},
title = {{Lattice. Multivariate Data Visualization with R}},
publisher = {Springer},
year = {2008}
}
@book{Snijders:2008,
author = {T.~{Snijders and J.~Berkhof}},
title = {{Diagnostic checks for multilevel models}},
publisher = {In J.~De~Leeuw and E.~Meijer editors Handbook of MultilevelAnalysis chapter Diagnostic checks for multilevel models pages .Springer},
pages = {141--175},
year = {2008}
}
@book{Snijders:1999,
author = {T.~{Snijders and R.~Bosker}},
title = {{Multilevel analysis, an introduction to basic and advanced multilevel modelling}},
publisher = {Sage},
year = {1999}
}
@book{Tremblay:2012,
author = {A.~{Tremblay}},
title = {{LMERConvenienceFunctions: A suite of functions to back-fit fixed effects and forward-fit random effects, as well as other miscellaneous functions., }},
publisher = {R package version 1.6.8.2},
year = {2012},
url = {http://CRAN.R-project.org/package=LMERConvenienceFunctions}
}
@book{VanderMeer:2010,
author = {T.~{Van~der Meer, M.~te~Grotenhuis, and B.~Pelzer}},
title = {{Influential cases in multilevel modeling. A methodological comment}},
publisher = {American Sociological Review 75:},
pages = {173--178},
year = {2010}
}


