@ARTICLE{menardi_torelli:2013DMKD,
	author = {Menardi, G. and Torelli, N.},
	year={2014},
	title={Training and assessing classification rules with imbalanced data},
	journal={Data Mining and Knowledge Discovery},
	volume={28},
	number={1},
	pages={92-122},
	}
	
@techreport{weiss_provost:2001,
	author = {Weiss, G. M. and Provost, F.},
	institution = {Technical report ML-TR-44, Department of Comput. Sci., Rutgers University, New Jersey},
	title = {The effect of class distribution on classifier learning: an empirical study},
	year = {2001},
}

@book{bowman_azzalini:1997,
	address = {Oxford},
	author = {Bowman, A. W. and Azzalini, A.},
	publisher = {Oxford University Press},
	title = {Applied Smoothing Techniques for Data Analysis: Kernel Approach with S-Plus Illustrations},
	year = {1997},
	}

@book{efron_tibshirani:1993,
	address = {London},
	author = {Efron, B. and Tibshirani, R.},
	publisher = {Chapman and Hall},
	title = {An Introduction to the Bootstrap.},
	year = {1993},
	}
	
@article{he_garcia:2009,
	author = {He, H. and Garcia, E. A.},
	journal = {IEEE Transaction on Knowledge and Data Engineering},
	number = {9},
	title = {Learning from Imbalanced Data},
	volume = {21},
	year = {2009},
	}

@inproceedings{mccarthy_etal:2005,
	address = {New York},
	author = {McCarthy, K. and Zabar, B. and Weiss, G.},
	booktitle = {Proceedings of the 1st International Workshop on Utility-based Data Mining.},
	pages = {69-77},
	publisher = {ACM Press},
	title = {Does cost-sensitive learning beat sampling for classifying rare classes?},
	year = {2005},
}		

	@article{sun_etal:2009,
	author = {Sun, Y. and Wong, A. K. C. and Kamel, M. S.},
	journal = {International Journal of Pattern Recognition and Artificial Intelligence},
	number = {4},
	pages = {687-719},
	title = {Classification of imbalanced data: a review},
	volume = {23},
	year = {2009},
}

@book{silverman:1986,
	address = {London},
	author = {Silverman, B. W.},
	publisher = {Chapman and Hall},
	title = {Density Estimation for Statistics and Data Analysis},
	year = {1986},
}
	
%%%%%%%%%%%% packages and software %%%%%%%%%%%%%%%%%%%%%%%%%%%%%%%%%%%%%
@Manual{R,
    title = {R: A Language and Environment for Statistical Computing},
    author = {{R Development Core Team}},
    organization = {R Foundation for Statistical Computing},
    address = {Vienna, Austria},
    year = {2011},
    note = {{ISBN} 3-900051-07-0},
    url = {http://www.R-project.org/},
  }

@Manual{ROSE,
    title = {{R} package \texttt{ROSE}:  Random Over-Sampling Examples (version 0.0-3)},
    author = {Lunardon, N. and Menardi, G. and Torelli, N.},
    address = {Universit\`a di Trieste and Universit\`a di Padova, Italia},
    year = {2013},
    url = {http://cran.r-project.org/web/packages/ROSE/index.html},
  }

@Book{DMWR,
    title = {Data Mining with R, Learning with Case Studies},
    author = {Torgo, L.},
    publisher = {Chapman and Hall/CRC},
    address={London},
    year = {2010},
    url = {http://www.dcc.fc.up.pt/~ltorgo/DataMiningWithR}
  }

@Manual{caret,
    title = {caret: Classification and Regression Training},
    author = {Kuhn, M.},
    year = {2014},
    note = {R package version 6.0-22. Contributions from Jed Wing and Steve Weston and Andre Williams and Chris Keefer and Allan Engelhardt and Tony Cooper and Zachary Mayer and the R Core Team},
    url = {http://CRAN.R-project.org/package=caret},
}


