@Manual{Agresti:2012,
  title = {Categorical Data Analysis},
  author = {Agresti, A.},
  organization = {Wiley},
  address = {New York},
  year = {2012},
}

@Manual{Boyd:2004,
  title = {Convex Optimization},
  author = {Boyd, S. and Vandenberghe, L.},
  organization = {Cambridge University Press},
  address = {New York},
  year = {2004},
}


@article{Brown:2017,
  Author = {Brown, B. and Miller, C. J. and Wolfson, J.},
	Journal = {Journal of Computational and Graphical Statistics},
	Pages = {579--588},
	Title = {ThrEEBoost: Thresholded boosting for variable selection and prediction via estimating equations},
	Volume = 26,	
	Year = 2017
}


@Manual{Carroll:2006,
  title = {Measurement Error in Nonlinear Model},
  author = {Carroll, R. J. and Ruppert, D. and Stefanski, L. A. and Crainiceanu, C. M.},
  organization = {CRC Press},
  address = {New York},
  year = {2006},
}


@article{Chen:2020,
  Author = {Chen, L.-P.},
	Journal = {Biometrical Journal},
	Pages = {2100373},
	Title = {A note of feature screening via rank-based coefficient of correlation},
    volume = 65, 
    Year = 2023
}


@article{Chen:2021,
  Author = {Chen, L.-P.},
	Journal = {Computational Statistics},
	Pages = {857--884},
	Title = {Feature screening based on distance correlation for ultrahigh-dimensional censored data with covariate measurement error},
	Volume = 36,
	Year = 2021
}



@article{Chen:2023,
  Author = {Chen, L.-P.},
	Journal = {Statistics and Computing},
	Pages = {1--13},
	Title = {De-noising boosting methods for variable selection and estimation subject to error-prone variables},
	Volume = {33:38},
	Year = 2023
}


@article{ChenQiu:2023,
  Author = {Chen, L.-P. and Qiu, B.},
	Journal = {Biometrics},
	Pages = {3929--3940},
	Title = {Analysis of length-biased and partly interval-censored survival data with mismeasured covariates.},
	Volume = {79},
	Year = 2023
}


@article{ChenYi:2021,
  Author = {Chen, L.-P. and Yi, G. Y.},
	Journal = {Biometrics},
	Pages = {956--969},
	Title = {Analysis of noisy survival data with graphical proportional hazards measurement error models},
	Volume = 77, 
	Year = 2021
}



@article{Fan2010,
  Author = {Fan, J. and Song, R.},
	Journal = {Annals of Statistics},
	Pages = {3567--3604},
	Title = {Sure independence screening in generalized linear models with NP-dimensionality},
	Volume = 38,
	Year = 2010
}

@article{FanFeng2010,
  Author = {Fan, J. and Feng, Y. and Wu, Y.},
	Journal = {IMS Collect},
	Pages = {70--86},
	Title = {Ultrahigh dimensional variable selection for Cox’s proportional hazards model},
	Volume = 6,
	Year = 2010
}


@article{Gao:2017,
  Author = {Gao, F. and Zeng, D. and Lin, D.-Y.},
	Journal = {Biometrics},
	Pages = {1161--1168},
	Title = {Semiparametric estimation of the accelerated failure time model with partly interval-censored data},
	Volume = 73,
	Year = 2017
}

@article{Guyon:2002,
  Author = {Guyon, I. and Weston, J. and Barnhill, S. and Vapnik, V.},
	Journal = {Machine Learning},
	Pages = {389--422},
	Title = {Gene selection for cancer classification using support vector machines},
	Volume = 46,
	Year = 2002}


@Manual{Hastie:2008,
  title = {The Elements of Statistical Learning: Data Mining, Inference, and Prediction},
  author = {Hastie, T. and Tibshirani, R. and Friedman, J.},
  organization = {Springer},
  address = {New York},
  year = {2008},
}

@article{He:2019,
  Author = {He, W. and Yi, G. Y. and Chen, L.-P.},
	Journal = {Proceedings of Machine Learning and Data Mining in Pattern Recognition},
	Pages = {557--570},
	Title = {Support vector machine with component graphical structure incorporated},
	Year = 2019}

@Manual{Lawless:2003,
  title = {Statistical Models and Methods for Lifetime Data},
  author = {Lawless, J. F.},
  organization = {Wiley},
  address = {New York},
  year = {2003},
}


@article{Nab:2021,
  Author = {Nab, L., van Smeden, M., Keogh, R. H. and Groenwol, R.H.H.},
	Journal = {Computer Methods and Programs in Biomedicine},
	Pages = {106238},
	Title = {Mecor: An R package for measurement error correction in linear regression models with a continuous outcome},
	Volume = 208,
	Year = 2021
}

@article{Ning:2011,
  Author = {Ning, J. and Qin, J. and Shen, Y.},
	Journal = {Biometrics},
	Pages = {1369--1378},
	Title = {Buckley–James-type estimator with right-censored and length-biased data},
	Volume = 67,
	Year = 2011
}





@article{Tibshirani:1996,
  Author = {Tibshirani, R.},
	Journal = {Journal of Royal Statistical Society, Series B},
	Pages = {267--288},
	Title = {Regression shrinkage and selection via the LASSO},
	Volume = 58,
	Year = 1996
}


@article{Wolfson:2011,
  Author = {Wolfson, J.},
	Journal = {Journal of the American Statistical Association},
	Pages = {296--305},
	Title = {EEBOOST: a general method for prediction and variable selection based on estimating equation},
	Volume = 106,	
	Year = 2011
}



@Manual{Yi:2017,
  title = {Statistical Analysis with Measurement Error and Misclassication: Strategy, Method and Application},
  author = {Yi, G. Y.},
  organization = {Springer},
  address = {New York},
  year = {2017},
}

@article{Zou:2006,
  Author = {Zou, H.},
	Journal = {Journal of the American Statistical Association},
	Pages = {1418--1429},
	Title = {The adaptive Lasso and its oracle properties},
	Volume = 101,
	Year = 2006
}

@article{Zou:2005,
  Author = {Zou, H. and Hastie, T.},
	Journal = {Journal of the Royal Statistical Society: Series B},
	Pages = {301--320},
	Title = {Regularization and variable selection via the elastic net},
	Volume = 67,
	Year = 2005
}


 @Manual{glmnetR,
     title = {glmnet: Lasso and Elastic-Net Regularized Generalized Linear Models},
     author = {Jerome Friedman and Trevor Hastie and Rob Tibshirani and Balasubramanian Narasimhan and Kenneth Tay and Noah Simon and Junyang Qian and James Yang},
     year = {2023},
     note = {R package version 4.1-7},
     url = {https://cran.r-project.org/package=glmnet},
   }


 @Manual{GLSMER,
     title = {GLSME: Generalized Least Squares with Measurement Error},
     author = {Krzysztof Bartoszek},
     year = {2019},
     note = {R package version 1.0.5},
     url = {https://cran.r-project.org/package=GLSME},
   }


 @Manual{mecorR,
     title = {mecor: Measurement Error Correction in Linear Models with a Continuous Outcome},
     author = {Linda Nab},
     year = {2021},
     note = {R package version 1.0.0},
     url = {https://cran.r-project.org/package=mecor},
   }

 @Manual{augSIMEXR,
     title = {augSIMEX: Analysis of Data with Mixed Measurement Error and Misclassification in Covariates},
     author = {Qihuang Zhang and Grace Y. Yi},
     year = {2020},
     note = {R package version 3.7.4},
     url = {https://cran.r-project.org/package=augSIMEX},
   }

 @Manual{simexR,
     title = {simex: SIMEX- And MCSIMEX-Algorithm for Measurement Error Models},
     author = {Wolfgang Lederer and Heidi Seibold and Helmut Küchenhoff and Chris Lawrence and Rasmus Froberg Brøndum},
     year = {2019},
     note = {R package version 1.8},
     url = {https://cran.r-project.org/package=simex},
   }

 @Manual{bstR,
     title = {bst: Gradient Boosting},
     author = {Zhu Wang and Torsten Hothorn},
     year = {2023},
     note = {R package version 0.3-24},
     url = {https://cran.r-project.org/package=bst},
   }

 @Manual{xgboostR,
     title = {xgboost: Extreme Gradient Boosting},
     author = {Tianqi Chen and Tong He and Michael Benesty and Vadim Khotilovich and Yuan Tang and Hyunsu Cho and Kailong Chen and Rory Mitchell and Ignacio Cano and Tianyi Zhou and Mu Li and Junyuan Xie and Min Lin and Yifeng Geng and Yutian Li and Jiaming Yuan and XGBoost contributors},
     year = {2023},
     note = {R package version 1.7.5.1},
     url = {https://cran.r-project.org/package=xgboost},
   }

 @Manual{gbmR,
     title = {gbm: Generalized Boosted Regression Models},
     author = {Brandon Greenwell and Bradley Boehmke and Jay Cunningham and GBM Developers},
     year = {2022},
     note = {R package version 2.1.8.1},
     url = {https://cran.r-project.org/package=gbm},
   }

@Manual{adabagR,
     title = {adabag: Applies Multiclass AdaBoost.M1, SAMME and Bagging},
     author = {Alfaro, E. and Gamez, M. and Garcia, N. Guo, L. and  Albano, A. and  Sciandra, M. and  Plaia, A.},
     year = {2023},
     note = {R package version 5.0},
     url = {https://cran.r-project.org/package=adabag},
   }

@Manual{lightgbmR,
     title = {lightgbm: Light Gradient Boosting Machine},
     author = {Yu Shi and Guolin Ke and Damien Soukhavong and James Lamb and Qi Meng and Thomas Finley and Taifeng Wang and Wei Chen and Weidong Ma and Qiwei Ye and Tie-Yan Liu and Nikita Titov and Yachen Yan and Microsoft Corporation and Dropbox, Inc. and Jay Loden and Dave Daeschler and Giampaolo Rodola and Alberto Ferreira and Daniel Lemire and Victor Zverovich and IBM Corporation and David Cortes},
     year = {2023},
     note = {R package version 3.3.5},
     url = {https://cran.r-project.org/package=lightgbm},
   }

@Manual{GMMBoostR,
     title = {GMMBoost: Likelihood-Based Boosting for Generalized Mixed Models},
     author = {Andreas Groll},
     year = {2020},
     note = {R package version 1.1.3},
     url = {https://cran.r-project.org/package=GMMBoost},
   }

@Manual{gamboostLSSR,
     title = {gamboostLSS: Boosting Methods for 'GAMLSS'},
     author = {Benjamin Hofner and Andreas Mayr and Nora Fenske and Janek Thomas and Matthias Schmid},
     year = {2023},
     note = {R package version 4.1-7},
     url = {https://cran.r-project.org/package=glmnet},
   }

@Manual{SISR,
     title = {SIS: Sure Independence Screening},
     author = {Yang Feng and Jianqing Fan and Diego Franco Saldana and Yichao Wu and Richard Samworth},
     year = {2020},
     note = {R package version 0.8-8},
     url = {https://cran.r-project.org/package=SIS},
   }

@Manual{SIMEXBoostR,
     title = {SIMEXBoost: Boosting Method for High-Dimensional Error-Prone Data},
     author = {Bangxu Qiu and Li-Pang Chen},
     year = {2023},
     note = {R package version 0.2.0},
     url = {https://cran.r-project.org/package=SIMEXBoost},
   }

@Manual{simexaftR,
     title = {simexaft: simexaft},
     author = {Juan Xiong and Wenqing He and Grace Y. Yi},
     year = {2019},
     note = {R package version 1.0.7.1},
     url = {https://cran.r-project.org/package=simexaft},
   }


@article{Chen:2023b,
  Author = {Chen, L.-P.},
	Journal = {Journal of Computational and Graphical Statistics},
	Pages = { },
	Title = {Variable selection and estimation for misclassified binary responses and multivariate error-prone predictors},
	Year = 2023,
    url = {https://doi.org/10.1080/10618600.2023.2218428},
}

@article{BOOME,
  Author = {Chen, L.-P.},
	Journal = {PLOS ONE},
	Pages = {e0276664},
	Title = {{BOOME}: A Python package for handling misclassified disease and ultrahigh-dimensional error-prone gene expression data.},
	Year = 2023,
    volume = 17
}

