@book{AlCa08,
author = {M.~{Alam and K.~Carling}},
title = {{Computationally feasible estimation of the covariance structure in generalized linear mixed models GLMM}},
publisher = {Journal of Statistical Computation and Simulation,78:},
pages = {1227--1237},
year = {2008}
}
@book{Alam10,
author = {M.~{Alam, L.~Ronnegard, and X.~Shen}},
title = {{hglm: Hierarchical Generalized Linear Models, }},
publisher = {R package version 1.1.1},
year = {2010},
url = {http://CRAN.R-project.org/package=hglm}
}
@book{Bate10,
author = {D.~{Bates and M.~Maechler}},
title = {{lme4: Linear mixed-effects models using S4 classes, }},
publisher = {R package version 0.999375-37},
year = {2010},
url = {http://CRAN.R-project.org/package=lme4}
}
@book{BC93,
author = {N.~E. {Breslow and D.~G. Clayton}},
title = {{Approximate inference in generalized linear mixed models}},
publisher = {Journal of the American Statistical Association 88:},
pages = {9--25},
year = {1993}
}
@book{CRR04,
author = {K.~{Carling, L.~R{\"{o}}nneg{\aa}rd, and K.~Roszbach}},
title = {{An analysis of portfolio credit risk when counterparties are interdependent within industries}},
publisher = {Sveriges Riksbank Working Paper 168},
year = {2004}
}
@book{Coster09,
author = {A.~{Coster, J.~Bastiaansen, M.~Calus, C.~Maliepaard, and M.~Bink}},
title = {{QTLMAS : Simulated dataset}},
publisher = {BMC Proceedings 4(Suppl 1): S3},
year = {2010}
}
@book{Crowder78,
author = {M.~J. {Crowder}},
title = {{Beta-binomial ANOVA for proportions}},
publisher = {Applied Statistics 27:},
pages = {34--37},
year = {1978}
}
@book{Dunn09,
author = {P.~K. {Dunn and G.~K. Smyth}},
title = {{dglm: Double generalized linear models, }},
publisher = {R package version 1.6.1},
year = {2009},
url = {http://CRAN.R-project.org/package=dglm}
}
@book{HaLee05,
author = {I.~D. {Ha and Y.~Lee}},
title = {{Comparison of hierarchical likelihood versus orthodox best linear unbiased predictor approaches for frailty models}},
publisher = {Biometrika 92:},
pages = {717--723},
year = {2005}
}
@book{He76,
author = {C.~R. {Henderson}},
title = {{A simple method for computing the inverse of a numerator relationship matrix used in prediction of breeding values}},
publisher = {Biometrics 32 (1):},
pages = {69--83},
year = {1976}
}
@book{LeeNelder06,
author = {Y.~{Lee and J.~A. Nelder}},
title = {{Double hierarchical generalized linear models with discussion}},
publisher = {Applied Statistics 55:},
pages = {139--185},
year = {2006}
}
@book{LeeNelder96,
author = {Y.~{Lee and J.~A. Nelder}},
title = {{Hierarchical generalized linear models with discussion}},
publisher = {J R Statist Soc B 58:},
pages = {619--678},
year = {1996}
}
@book{LN06,
author = {Y.~{Lee, J.~A. Nelder, and Y.~Pawitan}},
title = {{Generalized linear models with random effects}},
publisher = {Chapman & Hall/CRC},
year = {2006}
}
@book{LNN07,
author = {Y.~{Lee, J.~A. Nelder, and M.~Noh}},
title = {{H-likelihood: problems and solutions}},
publisher = {Statistics and Computing 17:},
pages = {49--55},
year = {2007}
}
@book{LyWa97,
author = {M.~{Lynch and B.~Walsh}},
title = {{Genetics and analysis of Quantitative Traits}},
publisher = {Sinauer Associates Inc.},
year = {1998},
isbn = {087893481}
}
@book{MN89,
author = {P.~{McCullagh and J.~A. Nelder}},
title = {{Generalized linear models}},
publisher = {Chapman & Hall/CRC},
year = {1989}
}
@book{Mola10,
author = {M.~{Molas}},
title = {{HGLMMM: Hierarchical Generalized Linear Models, }},
publisher = {R package version 0.1.1},
year = {2010},
url = {http://CRAN.R-project.org/package=HGLMMM}
}
@book{Noh07,
author = {M.~{Noh and Y.~Lee}},
title = {{REML estimation for binary data in GLMMs}},
publisher = {Journal of Multivariate Analysis 98:},
pages = {896--915},
year = {2007}
}
@book{Noh06,
author = {M.~{Noh, B.~Yip, Y.~Lee, and Y.~Pawitan}},
title = {{Multicomponent variance estimation for binary traits in family-based studies}},
publisher = {Genetic Epidemiology 30:},
pages = {37--47},
year = {2006}
}
@book{Payne07,
author = {R.~W. {Payne, D.~A. Murray, S.~A. Harding, D.~B. Baird, and D.~M. Soutar}},
title = {{GenStat for Windows (10th edition) introduction, }},
year = {2007},
url = {http://www.vsni.co.uk/software/genstat}
}
@book{Pinh09,
author = {J.~{Pinheiro, D.~Bates, S.~DebRoy, D.~Sarkar, and the R~Core~team}},
title = {{nlme: Linear and Nonlinear Mixed Effects Models, }},
publisher = {R package version 3.1-96},
year = {2009},
url = {http://CRAN.R-project.org/package=nlme}
}
@book{RC07,
author = {L.~{R{\"o}nneg{\aa}rd and {\"O}.~Carlborg}},
title = {{Separation of base allele and sampling term effects gives new insights in variance component QTL analysis}},
publisher = {BMC Genetics 8 (1)},
year = {2007}
}
@book{Vena02,
author = {W.~N. {Venables and B.~D. Ripley}},
title = {{Modern Applied Statistics with S}},
publisher = {Springer New York fourth edition},
year = {2002},
url = {http://www.stats.ox.ac.uk/pub/MASS4},
isbn = {0-387-95457-0}
}





