

%  a sample bibliography file
%  


@book{nash1990compact,
  title={Compact numerical methods for computers: linear algebra and function minimisation},
  author={J C Nash},
  year={1990},
  ISBN={978-0852743195},
  publisher={Taylor \& Francis}
}

@article{yao1999evolutionary,
  title={Evolutionary programming made faster},
  author={Yao, X. and Liu, Y. and Lin, G.},
  journal={IEEE Transactions on Evolutionary Computation},
  volume={3},
  number={2},
  pages={82--102},
  year={1999},
  publisher={IEEE}
}


@article{fouskakis2002stochastic,
  title={Stochastic optimization: a review},
  author={Fouskakis, D. and Draper, D.},
  journal={International Statistical Review},
  volume={70},
  number={3},
  pages={315--349},
  year={2002},
  publisher={Wiley Online Library}
}

@article{glover1993user,
  title={A user's guide to tabu search},
  author={Glover, F. and Taillard, E. and Taillard, E.},
  journal={Annals of operations research},
  volume={41},
  number={1},
  pages={1--28},
  year={1993},
  publisher={Springer}
}




% simulated annealing is better than GA in  dynamic finite element model updating.
@article{levin1998dynamic,
  title={Dynamic finite element model updating using simulated annealing and genetic algorithms},
  author={R I Levinand and N A J Lieven},
  journal={Mechanical Systems and Signal Processing},
  volume={12},
  number={1},
  pages={91--120},
  year={1998},
  publisher={Elsevier}
}

% simulated annealing is better than GA in  dynamic finite element model updating.
@article{figielska2009genetic,
  title={A genetic algorithm and a simulated annealing algorithm combined with column generation technique 
   for solving the problem of scheduling in the hybrid flowshop with additional resources},
  author={E Figielska},
  journal={Computers \& Industrial Engineering},
  volume={56},
  number={1},
  pages={142--151},
  year={2009},
  publisher={Elsevier}
}

% simulated annealing is slightly better than GA
@Article{pathwayAnalysis21939531,
AUTHOR = {Pavlidis, Stelios and Payne, Annette and Swift, Stephen},
TITLE = {Multi-membership gene regulation in pathway based microarray analysis},
JOURNAL = {Algorithms for Molecular Biology},
VOLUME = {6},
YEAR = {2011},
NUMBER = {1},
PAGES = {22},
URL = {http://www.almob.org/content/6/1/22},
DOI = {10.1186/1748-7188-6-22},
PubMedID = {21939531},
ISSN = {1748-7188}
}




% GA is better than SA in circuit partitionaing problem.  but it is in doubt since they didn't give hte execution time information.
@article{manikas1996genetic,
  title={Genetic algorithms vs. simulated annealing: A comparison of approaches for solving the circuit partitioning problem},
  author={Manikas, T.W. and Cain, J.T.},
  journal={Pittsburgh (PA): University of Pittsburgh},
  year={1996},
  publisher={Citeseer}
}

% GA is better than SA in design of an ATM network.
@article{thompson2000comparison,
  title={Comparison of a genetic algorithm with a simulated annealing algorithm for the design of an ATM network},
  author={Thompson, D.R. and Bilbro, G.L.},
  journal={Communications Letters, IEEE},
  volume={4},
  number={8},
  pages={267--269},
  year={2000},
  publisher={IEEE}
}



@article{levin2003charges,
  title={Why charges go to the surface: A generalized Thomson problem},
  author={Levin, Y. and Arenzon, J.J.},
  journal={EPL (Europhysics Letters)},
  volume={63},
  pages={415},
  year={2003},
  publisher={IOP Publishing}
}

@article{altschuler2006defect,
  title={Defect-free global minima in Thomson's problem of charges on a sphere},
  author={Altschuler, E.L. and P{\'e}rez--Garrido, A.},
  journal={Physical Review E},
  volume={73},
  number={3},
  pages={036108},
  year={2006},
  publisher={APS}
}


@article{wales2009defect,
  title={Defect motifs for spherical topologies},
  author={Wales, D.J. and McKay, H. and Altschuler, E.L.},
  journal={Physical Review B},
  volume={79},
  number={22},
  pages={224115},
  year={2009},
  publisher={APS}
}


@article{wales2006structure,
  title={Structure and dynamics of spherical crystals characterized for the Thomson problem},
  author={Wales, D.J. and Ulker, S.},
  journal={Physical Review B},
  volume={74},
  number={21},
  pages={212101},
  year={2006},
  publisher={APS}
}

@article{ji2007ground,
  title={Ground state energy of unitary fermion gas with the Thomson Problem approach},
  author={Ji-Sheng, C.},
  journal={Chinese Physics Letters},
  volume={24},
  pages={1825},
  year={2007},
  publisher={IOP Publishing}
}

@article{thomson1904xxiv,
  title={On the structure of the atom: an investigation of the stability and 
   periods of oscillation of a number of corpuscles arranged at equal intervals around the 
   circumference of a circle; with application of the results to the theory of atomic structure},
  author={J J Thomson},
  journal={Philosophical Magazine},
  pages={237--265},
  volume={7},
  year={1904}
}



@article{byrd1995limited,
  title={A limited memory algorithm for bound constrained optimization},
  author={Byrd, R.H. and Lu, P. and Nocedal, J. and Zhu, C.},
  journal={SIAM Journal on Scientific Computing},
  volume={16},
  number={5},
  pages={1190--1208},
  year={1995},
  publisher={Citeseer}
}

@article{zhu1997algorithm,
  title={Algorithm 778: L-BFGS-B: Fortran subroutines for large-scale bound-constrained optimization},
  author={Zhu, C. and Byrd, R.H. and Lu, P. and Nocedal, J.},
  journal={ACM Transactions on Mathematical Software (TOMS)},
  volume={23},
  number={4},
  pages={550--560},
  year={1997},
  publisher={ACM}
}



  % package for subset selection by using simulated annealing. 
  @Manual{Silva:subselect:2011,
    title = {subselect: Selecting variable subsets},
    author = {Jorge Orestes Cerdeira and Pedro Duarte Silva and Jorge Cadima and 
     Manuel Minhoto},
    year = {2011},
    note = {R package version 0.11-1},
    url = {http://CRAN.R-project.org/package=subselect}
  }


    % package for simulated annealing in likelihood cal, input statistical model.
    
    @Manual{Murphy:likelihood:2008,
    title = {likelihood: Methods for maximum likelihood estimation},
    author = {Lora Murphy},
    year = {2008},
    note = {R package version 1.4}
  }

    % package for simulated annealing with seq (for example, TSP problem)
   @Manual{VanDerWal:ConsPlan:2010,
    title = {ConsPlan: Conservation Planning Tools},
    author = {Jeremy VanDerWal and Stephanie Januchowski},
    year = {2010},
    note = {R package version 0.1}
  }

    % this package use simulated annealing to MCMC.
    @Article{Solymos:dclone:2010,
    title = {dclone: Data Cloning in {R}},
    author = {P\'{e}ter S\'{o}lymos},
    journal = {The R Journal},
    year = {2010},
    volume = {2},
    number = {2},
    pages = {29--37},
    url = {http://journal.r-project.org/}
  }




@Article{Storn:DE:1997,
author = {R Storn and K Price },
title = {Differential Evolution - A simple
 and efficient heuristic for global optimization
 over continuous spaces},
journal = {Journal of Global Optimization},
pages = {341--359},
year = {1997},
volume = {11}
}

  @Article{Ardia:DEoptim:RJ2011,
    title = {Differential Evolution with {DEoptim}},
    author = {David Ardia and Kris Boudt and Peter Carl and Katharine M
     Mullen and Brian G Peterson},
    journal = {The R Journal},
    year = {2011},
    volume = {3}
  }




@Article{Varadhan:BB:2009,
    title = {{BB}: An {R} Package for Solving a Large System of
      Nonlinear Equations and for Optimizing a High-Dimensional
      Nonlinear Objective Function},
    author = {Ravi Varadhan and Paul Gilbert},
    journal = {Journal of Statistical Software},
    year = {2009},
    volume = {32},
    pages = {1--26},
    url = {http://www.jstatsoft.org/v32/i04/}
  }

@article{powell2009bobyqa,
  title={The BOBYQA algorithm for bound constrained optimization without derivatives},
  author={Powell, M. J. D.},
  journal={Report No. DAMTP, 2009/NA06, Centre for Mathematical Sciences, University of Cambridge},
  year={2009},
  publisher={}
}



@Article{Nash:optimx:2011,
    title = {Unifying Optimization Algorithms to Aid Software System
      Users: {optimx} for {R}},
    author = {John C Nash and Ravi Varadhan},
    journal = {Journal of Statistical Software},
    year = {2011},
    volume = {43},
    pages = {1--14},
    url = {http://www.jstatsoft.org/v43/i09/}
  }


@Article{Hornik:Clue:2005,
    title = {A {CLUE} for {CLUster Ensembles}},
    author = {Kurt Hornik},
    year = {2005},
    journal = {Journal of Statistical Software},
    volume = {14},
    url = {http://www.jstatsoft.org/v14/i12/},
    month = {September}
  }

  @Article{Hankin:GSL:2006,
    title = {Special functions in R: introducing the gsl package},
    author = {Robin K. S. Hankin},
    journal = {R News},
    year = {2006},
    month = {October},
    volume = {6},
    issue = {4}
  }

@Manual{Ghalanos:Rsolnp:2011,
    title = {Rsolnp: General Non-linear Optimization Using Augmented
      Lagrange Multiplier Method},
    author = {Alexios Ghalanos and Stefan Theussl},
    year = {2011},
    note = {R package version 1.11.}
  }

  @PhdThesis{Ye:originalRsolnp:1987,
    title = {Interior Algorithms for Linear, Quadratic, and Linearly
      Constrained Non-Linear Programming},
    author = {Yinyu Ye},
    year = {1987},
    school = {Department of {ESS}, Stanford University}
  }

@Manual{Theussl:summaryOptim:2011,
    title = {CRAN Task View: Optimization and Mathematical Programming},
    author = {Stefan Theussl},
    year = {2011},
    month={04},
    url = {http://cran.r-project.org/web/views/Optimization.html}
  }




@Article{XiangY:PLA,
author = {Y Xiang  and D Y Sun  and W Fan  and X G Gong },
title = {Generalized Simulated Annealing Algorithm and Its Application to the Thomson Model},
journal = {Physics Letters A},
pages = {216--220},
year = {1997},
volume = {233}
}


@Article{XiangY:PRE,
author = {Y Xiang and X G Gong },
title = {Efficiency of Generalized Simulated Annealing},
journal = {Physical Review E},
pages = {4473--4476},
year = {2000},
volume = {62}
}

@Article{XiangY:JPCA,
author = {Y Xiang and D Y Sun and X G Gong},
title = {Generalized Simulated Annealing Studies on Structures and Properties of Ni$_n$ (n=2-55)
Clusters},
journal = {Journal of Physical Chemistry A},
pages = {2746--2751},
year = {2000},
volume = {104}
}


@Article{SunDY:PMA,
author = {D Y Sun and Y Xiang   and X G Gong },
title = {Interatomic Potential Fitted for Lead},
journal = {PHILOSOPHICAL MAGAZINE A},
pages = {1953--1961},
year = {1999},
volume = {79}
}

  
 @article{Mebane:rgenound,
  title={Genetic optimization using derivatives: the rgenoud package for R},
  author={Mebane Jr, W.R. and Sekhon, J.S.},
  journal={Journal of Statistical Software},
  volume={42},
  number={11},
  pages={1--26},
  year={2011}
}

 
  
  
  

@Article{Sekhon:genound,
    title = {Genetic Optimization Using Derivatives: Theory and
    Application to Nonlinear Models},
    author = {J S Sekhon  and  W R {Mebane, Jr} },
    journal = {Political Analysis},
    pages = {189--203},
    year = {1998},
    volume = {7}
  }

% simulated annealing is better than GA in cluster structure.
@Article{Serra,
    title = {Comparison Study of Pivot Methods for Global Optimization},
    author = {P Serra and A F Stanton  and S Kaisb},
    journal = {Journal of Chemical Physics},
    pages = {7170--7177},
    year = {1997},
    volume = {106}
  }


@Article{Mohdeb:AdaptiveSA,
    title = {A New Simulated Annealing with Analytical Method for Identification of Unknown Ferromagnetic Parameters},
    author = {N Mohdeb  and M R Mekideche },
    journal = {Research Journal of Applied Sciences},
    pages = {65--72},
    year = {2010},
    volume = {5}
  }


@Article{Wedemann:GSAInNN,
   author = {R Wedemann and LAVDe Carvalho  and R Donangelo },
   address = {Universidade do Estado do Rio de Janeiro Instituto de Matematica e Estatistica Rua Sao Francisco Xavier, 524 20550-900 Rio de Janeiro RJ Brazil},
   title = {Generalized Simulated Annealing and Memory Functioning in Psychopathology},
   journal = {Artificial Neural Networks ICANN 2009},
   series = {Lecture Notes in Computer Science},
   editor = {Alippi, Cesare and Polycarpou, Marios and Panayiotou, Christos and Ellinas, Georgios},
   publisher = {Springer Berlin / Heidelberg},
   isbn = {},
   pages = {65--74},
   volume = {5769},
   url = {http://dx.doi.org/10.1007/978-3-642-04277-5_7},
   note = {10.1007/978-3-642-04277-5_7},
   year = {2009}
}

@incollection{Torn_GlobalOpt,
   author = {A Torn  and A Zilinskas },
   booktitle = {Global Optimization},
   title = {Global Optimization},
   publisher = {Springer-Verlag, Gerlin, Germany},
   isbn = {978--0387508719},
   year = {1989}
}


@Article{GSA:ProteinFolding,
    title = {Generalized Simulated Annealing Applied to Protein Folding Studies},
    author = {F P Agostini and D D O Soares--Pinto and M A Moret and C Osthoff  and P G Pascutti }, 
    journal = {Journal of Computational Chemistry},
    pages = {1142--1155},
    year = {2006},
    volume = {27}
  }


  @Article{Tsallis:Statistics,
    title = {Possible Generalization of Boltzmann-Gibbs Statistics},
    author = {C Tsallis},
    journal = {Journal of Statistical Physics},
    pages = {479--487},
    year = {1988},
    volume = {52}
  }




@Article{Tsallis:GSA,
    title = {Generalized Simulated Annealing},
    author = {C Tsallis  and D A Stariolo },
    journal = {Physica A},
    pages = {395--406},
    year = {1996},
    volume = {233}
  }


@Article{Cvijovic:TS_Science,
    title = {Taboo Search: An Approach to the Multiple Minima Problem},
    author = {D Cvijovic  and J Klinowski },
    journal = {Science},
    pages = {664--666},
    year = {1995},
    volume = {267}
  }


@Article{Guire:TS_RNA,
    title = {Designing Small Multiple-Target Artificial RNAs},
    author = {V D Guire and M Caron and N Scott and C Menard and
     M F Gaumont-Leclerc and P Chartrand and F Major  and G Ferbeyre },
    journal = {Nucleic Acids Research},
    pages = {e140},
    number={13},
    year = {2010},
    volume = {38}
  }


@article{shang2006note,
  title={A note on the extended Rosenbrock function},
  author={Shang, Y.W. and Qiu, Y.H.},
  journal={Evolutionary Computation},
  volume={14},
  number={1},
  pages={119--126},
  year={2006},
  publisher={MIT Press}
}


@Manual{R:2011,
       title        = {R: A Language and Environment for Statistical
                       Computing},
       author       = {{R Development Core Team}},
       organization = {R Foundation for Statistical Computing},
       address      = {Vienna, Austria},
       year         = 2011,
       note         = {{ISBN} 3-900051-07-0},
       url          = {http://www.R-project.org}
     } 




@incollection{Cvijovic:TS_book,
	author    = {D Cvijovic  and J Klinowski }, 
	title     = {Taboo Search: An Approach to the Multiple-Minima Problem for Continuous Functions},
	booktitle = {Handbook of Global Optimization}, 
	editor    = {Pardalos Pm, Romeijn HE}, 
	publisher = {Kluwer Academic Publisher},
	pages     = {387--406}, 
	year      = {2002},
  volume  = {2} 
}	





@Article{Kirkpatrick:SA,
    title = {Optimization by Simulated Annealing},
    author = {S Kirkpatrick and C D Gelatt  and M P Vecchi },
    journal = {Science},
    pages = {671--680},
    year = {1983},
    volume = {220}
  }


@Article{Szu:FSA,
    title = {Fast Simulated Annealing},
    author = {H Szu  and R Hartley },
    journal = {Physics Letters A},
    pages = {157--162},
    year = {1987},
    volume = {122}
  }


@Article{Holland:GA,
    title = {Adaptation in Natural and Artificial Systems},
    author = {J H Holland },
    pages = {},
    year = {1975},
    journal = {The University of Michigan Press, Ann Arbor}
}


@Article{Morris:GA:Thomson,
    title = {Genetic-Algorithm Energy Minimization for Point Charges on a Sphere},
    author = {J R Morris and D M Deaven  and K M Ho },
    journal = {Physical Review B},
    pages = {1740--1743},
    year = {1996},
    volume = {53}
}

@article{erber1991equilibrium,
  title={Equilibrium configurations of N equal charges on a sphere},
  author={Erber, T. and Hockney, G M},
  journal={Journal of Physics A: Mathematical and General},
  volume={24},
  pages={L1369},
  year={1991},
  publisher={IOP Publishing}
}

@article{Altschuler1994CGO,
  title = {Method of constrained global optimization},
  month = {Apr},
  doi = {10.1103/PhysRevLett.72.2671},
  author = {Altschuler, Eric Lewin and Williams, Timothy J. and Ratner, Edward R. and Dowla, Farid and Wooten, Frederick},
  year = {1994},
  issue = {17},
  url = {http://link.aps.org/doi/10.1103/PhysRevLett.72.2671},
  journal = {Phys. Rev. Lett.},
  publisher = {American Physical Society},
  pages = {2671--2674},
  volume = {72}
}





@Article{Metropolis,
    title = {Equation of State Calculations by Fast Computing Machines},
    author = {N Metropolis and A W Rosenbluth and  M N Rosenbluth  and A H Teller   and E Teller },
    journal = {Journal of Chemical Physics},
    pages = {1087},
    year = {1953},
    volume = {21}
}



@Article{Geman:SA,
    title = {Stochastic Relaxation, Gibbs Distributions, and the Bayesian Restoration of Images},
    author = {S Geman  and D Geman },
    journal = {IEEE Transactions on Pattern Analysis and Machine Intelligence},
    pages = {721--741},
    year = {1984},
    volume = {6}
}



@Article{Rosenbrock:fun,
    title = {An Automatic Method for Finding the Greatest or Least Value of a Function},
    author = {H H Rosenbrock },
    journal = {The Computer Journal},
    pages = {175--184},
    year = {1960},
    volume = {3}
}

@Article{XiangY:ProgressInPhysics,
author = {Y Xiang  and X G Gong},
title = {Generalized Simulated Annealing Method and its Application},
journal = {Progress In Physics},
pages = {319--334},
year = {2000},
volume = {20}
}


@Article{JSS:DEoptim,
    title = {DEoptim: An R Package for Global Optimization by
      Differential Evolution},
    author = {Katharine Mullen and David Ardia and David Gil and Donald
      Windover and James Cline},
    journal = {Journal of Statistical Software},
    year = {2011},
    volume = {40},
    number = {6},
    pages = {1--26},
    url = {http://www.jstatsoft.org/v40/i06/}
  }
@book{Ardia:DEoptim:RJ2011,
author = {D.~{Ardia, K.~Boudt, P.~Carl, K.~M. Mullen, and B.~G. Peterson}},
title = {{Differential evolution with DEoptim}},
publisher = {The R Journal 3},
year = {2011}
}
@book{Silva:subselect:2011,
author = {J.~O. {Cerdeira, P.~D. Silva, J.~Cadima, and M.~Minhoto}},
title = {{subselect: Selecting variable subsets, }},
publisher = {R package version 0.11-1},
year = {2011},
url = {http://CRAN.R-project.org/package=subselect}
}
@book{Mebane:rgenound,
author = {W.~{Mebane~Jr and J.~Sekhon}},
title = {{Genetic optimization using derivatives: the rgenoud package for r}},
publisher = {Journal of Statistical Software 42 (11):},
pages = {1--26},
year = {2011}
}
@book{Murphy:likelihood:2008,
author = {L.~{Murphy}},
title = {{likelihood: Methods for maximum likelihood estimation, }},
publisher = {R package version 1.4},
year = {2008}
}
@book{Solymos:dclone:2010,
author = {P.~{S\'{o}lymos}},
title = {{dclone: Data cloning in R}},
publisher = {The R Journal 2 (2):},
pages = {29--37},
year = {2010},
url = {http://journal.r-project.org/}
}
@book{VanDerWal:ConsPlan:2010,
author = {J.~{VanDerWal and S.~Januchowski}},
title = {{ConsPlan: Conservation Planning Tools, }},
publisher = {R package version 0.1},
year = {2010}
}


