@article{database2012,
	author = {{Dell'Omodarme}, M. and {Valle}, G. and {Degl'Innocenti}, S. and {Prada Moroni}, P. G.},
	encoding = {tex},
	title = {The {P}isa {S}tellar {E}volution {D}ata {B}ase for Low-Mass Stars},
	journal = {Astronomy \& Astrophysics},
	year = 2012,
	volume = 540,
	pages = "A26",
	month = "",
}

@ARTICLE{teramo06,
   author = {{Pietrinferni}, A. and {Cassisi}, S. and {Salaris}, M. and {Castelli}, F.
	},
    title = {A Large Stellar Evolution Database for Population Synthesis Studies. {II}. {S}tellar Models and Isochrones for an {$\alpha$}-enhanced Metal Distribution},
  journal = {Astrophysical Journal},  
   eprint = {arXiv:astro-ph/0603721},
 keywords = {Galaxies: Stellar Content, Galaxy: Globular Clusters: General, Stars: Evolution, Stars: Horizontal-Branch},
     year = 2006,
   volume = 642,
   number = 2,
    pages = {797--812},
   adsurl = {http://adsabs.harvard.edu/abs/2006ApJ...642..797P},
  adsnote = {Provided by the SAO/NASA Astrophysics Data System}
}

@ARTICLE{dotter08,
   author = {{Dotter}, A. and {Chaboyer}, B. and {Jevremovi{\'c}}, D. and 
	{Kostov}, V. and {Baron}, E. and {Ferguson}, J.~W.},
    title = {The {D}artmouth {S}tellar {E}volution {D}atabase},
  journal = {Astrophysical Journal Supplement Series},
archivePrefix = "arXiv",
   eprint = {0804.4473},
 keywords = {Galaxy: Globular Clusters: General, Galaxy: Open Clusters and Associations: General, Stars: Evolution},
     year = 2008,
   volume = 178,
   number = 1,
    pages = {89--101},
   adsurl = {http://adsabs.harvard.edu/abs/2008ApJS..178...89D},
  adsnote = {Provided by the SAO/NASA Astrophysics Data System}
}

@ARTICLE{padova08,
   author = {{Bertelli}, G. and {Girardi}, L. and {Marigo}, P. and {Nasi}, E.
	},
    title = {Scaled Solar Tracks and Isochrones in a Large Region of the {$Z$}--{$Y$} Plane. {I}. {F}rom the {ZAMS} to the {TP-AGB} End for 0.15--2.5 {$M_\odot$} Stars},
  journal = {Astronomy \& Astrophysics},
archivePrefix = "arXiv",
   eprint = {0803.1460},
 keywords = {stars: evolution, stars: AGB and post-AGB},
     year = 2008,
   volume = 484,
   number = 3,
    pages = {815--830},
   adsurl = {http://adsabs.harvard.edu/abs/2008A%26A...484..815B},
  adsnote = {Provided by the SAO/NASA Astrophysics Data System}
}

@ARTICLE{Chaboyer1996,
   author = {{Chaboyer}, B. and {Demarque}, P. and {Kernan}, P.~J. and {Krauss}, L.~M. and 
	{Sarajedini}, A.},
    title = {An Accurate Relative Age Estimator for Globular Clusters},
  journal = {Monthly Notices of the Royal Astronomical Society},
 keywords = {methods: data analysis -- stars: evolution -- stars: interiors -- stars: Population II -- globular clusters: general -- globular clusters: individual: M68, Globular Clusters: Ages},
     year = 1996,
   volume = 283,
   number = 2,
    pages = {683--689},
   adsurl = {http://adsabs.harvard.edu/abs/1996MNRAS.283..683C},
  adsnote = {Provided by the SAO/NASA Astrophysics Data System}
}


@ARTICLE{ginevra2012,
   author = {{Mowlavi}, N. and {Eggenberger}, P. and {Meynet}, G. and {Ekstr{\"o}m}, S. and 
	{Georgy}, C. and {Maeder}, A. and {Charbonnel}, C. and {Eyer}, L.
	},
    title = {Stellar Mass and Age Determinations. {I}. {G}rids of Stellar Models from {$Z = 0.006$} to 0.04 and {$M = 0.5$} to 3.5 {$M_\odot$}},
  journal = {Astronomy \& Astrophysics},
archivePrefix = "arXiv",
   eprint = {1201.3628},
 primaryClass = "astro-ph.SR",
 keywords = {stars: evolution, Hertzsprung-Russell and C-M diagrams, stars: fundamental parameters, stars: low-mass},
     year = 2012,
   volume = 541,
      eid = {A41},
    pages = {A41},
   adsurl = {http://adsabs.harvard.edu/abs/2012A%26A...541A..41M},
  adsnote = {Provided by the SAO/NASA Astrophysics Data System}
}

@Manual{stellar,
    title = {{stellaR}: Stellar Evolution Tracks and Isochrones},
    author = {Matteo Dell'Omodarme and Giada Valle},
    year = {2012},
    note = {R package version 0.3-1},
    url = {http://CRAN.R-project.org/package=stellaR},
  }


