@Manual{packagemetrics,
  title = {Packagemetrics: Collect Metrics on Packages from CRAN, GitHub, and StackOverflow},
  author = {Sam Firke and Becca Krouse and Erin Grand and Lori Shepherd and William Ampeh and Hannah Frick},
  year = {2018},
  note = {R package version 0.0.1.9001},
  url = {https://github.com/ropenscilabs/packagemetrics},
}

@Manual{cransearcher,
  title = {CRANsearcher: RStudio Addin for Searching Packages in CRAN Database Based on Keywords},
  author = {Becca Krouse and Agustin Calatroni},
  year = {2017},
  note = {R package version 1.0.0},
  url = {https://CRAN.R-project.org/package=CRANsearcher},
}

@Manual{sos,
  title = {Sos: Search Contributed R Packages, Sort by Package},
  author = {Spencer Graves and Sundar Dorai-Raj and Romain Francois},
  year = {2017},
  note = {R package version 2.0-0},
  url = {https://CRAN.R-project.org/package=sos},
}

@Manual{rdocumentation,
  title = {RDocumentation: Integrate R with 'RDocumentation'},
  author = {Jonathan Cornelissen},
  year = {2018},
  note = {R package version 0.8.2},
  url = {https://CRAN.R-project.org/package=RDocumentation},
}

@Manual{packagesurvey,
  title = {Packagesurvey: Survey of R Users on Package Discovery},
  author = {Julia Silge},
  note = {R package version 0.1.0},
  year = {2018},
  url = {https://github.com/juliasilge/packagesurvey},
}

@Manual{pkgdown,
  title = {Pkgdown: Make Static HTML Documentation for a Package},
  author = {Hadley Wickham and Jay Hesselberth},
  year = {2018},
  note = {R package version 1.1.0},
  url = {https://CRAN.R-project.org/package=pkgdown},
}

@Manual{lfe,
  title = {{lfe}: Linear Group Fixed Effects},
  author = {Simen Gaure},
  year = {2018},
  url = {https://CRAN.R-project.org/package=lfe},
}

@Manual{lintr,
  title = {Lintr: A 'Linter' for R Code},
  author = {Jim Hester},
  year = {2017},
  note = {R package version 1.0.2},
  url = {https://CRAN.R-project.org/package=lintr},
}

@Article{ctvs,
  title = {{CRAN} Task Views},
  author = {Achim Zeileis},
  journal = {R News},
  year = {2005},
  volume = {5},
  number = {1},
  pages = {39--40},
  url = {https://CRAN.R-project.org/doc/Rnews/},
}

@Unpublished{baron,
  title = {{Jonathan Baron's R Help Page}},
  url = {http://search.r-project.org/},
  author = {Jonathan Baron},
  note = {Online; accessed 18-November-18},
}

@Manual{utils,
  title = {R: A Language and Environment for Statistical Computing},
  author = {{R Core Team}},
  organization = {R Foundation for Statistical Computing},
  address = {Vienna, Austria},
  year = {2018},
  url = {https://www.R-project.org/},
}

@Unpublished{goodman,
  title = {Rseek Search Engine},
  url = {https://rseek.org/},
  author = {Sasha Goodman},
  year = {2007},
  note = {Online; accessed 18-November-18},
}

@Unpublished{metacran,
  title = {{METACRAN}},
  url = {https://www.r-pkg.org/},
  author = {Gábor Csárdi and Jeroen Ooms},
  note = {Online; accessed 18-November-18},
}

@Misc{rdrrio,
  title = {R Package Documentation},
  url = {https://rdrr.io/},
  journal = {R Package Documentation},
  author = {Ian Howson},
  year = {2018},
}

@Misc{wikiversity,
  title = {Searching R Packages},
  url = {https://en.wikiversity.org/wiki/Searching_R_Packages},
  journal = {Wikiversity},
  author = {Spencer Graves},
  year = {2017},
}

@Misc{draftProposal,
  title = {Draft Proposal for Improving the Ability of R Users to Search R Packages},
  url = {https://en.wikiversity.org/wiki/Draft_Proposal_for_improving_the_ability_of_R_users_to_search_R_packages},
  journal = {Wikiversity},
  author = {Spencer Graves},
  year = {2018},
}

@Unpublished{gettinghelp,
  title = {{Getting Help with R}},
  url = {https://www.r-project.org/help.html},
  author = {{R Core Team}},
  note = {Online; accessed 18-November-18},
}

@Unpublished{search,
  title = {{Search}},
  url = {https://www.r-project.org/search.html},
  author = {{R Core Team}},
  note = {Online; accessed 18-November-18},
}

@Unpublished{mailinglists,
  title = {{Mailing Lists}},
  url = {https://www.r-project.org/mail.html},
  author = {{R Core Team}},
  note = {Online; accessed 18-November-18},
}

@Unpublished{cranberries,
  title = {{CRANberries}},
  url = {http://dirk.eddelbuettel.com/cranberries/},
  author = {Dirk Eddelbuettel},
  note = {Online; accessed 18-November-18},
}

@Unpublished{crantastic,
  title = {{crantastic!}},
  url = {https://www.crantastic.org/},
  author = {Hadley Wickham and Bjørn Mæland},
  note = {Online; accessed 18-November-18},
}

@Unpublished{taylor,
  title = {Live Estimating NFL Statistics},
  url = {https://www.facebook.com/seanjtaylor/videos/10103088186201897/},
  author = {Sean Taylor},
  year = {2017},
  note = {Online; accessed 18-November-18},
}

@Unpublished{peng,
  title = {Analyst Mindset - Episode 2},
  url = {https://youtu.be/jWePleDwmQo},
  author = {Roger Peng},
  year = {2017},
  note = {Online; accessed 18-November-18},
}

@Unpublished{bioc,
  title = {Bioconductor Workflow Packages},
  url = {https://www.bioconductor.org/packages/release/workflows/},
  author = {{Bioconductor}},
  note = {Online; accessed 18-November-18},
}

@InProceedings{papr,
  title = {Papr: Tinder for Pre-Prints, a Shiny Application for Collecting Gut-Reactions to Pre-Prints from the Scientific Community},
  author = {Lucy D’Agostino McGowan and Nick Strayer and Jeff Leek},
  booktitle = {The R User Conference, useR! 2017 July 4-7 2017 Brussels, Belgium},
  pages = {97},
  year = {2017},
}
