@Manual{R,
  title = {R: A Language and Environment for Statistical Computing},
  author = {{R Core Team}},
  organization = {R Foundation for Statistical Computing},
  address = {Vienna, Austria},
  year = {2016},
  note = {{ISBN} 3-900051-07-0},
  url = {https://www.R-project.org/},
}

@article{ihaka:1996,
  Author = {Ihaka, Ross and Gentleman, Robert},
	Journal = {Journal of Computational and Graphical Statistics},
	Number = 3,
	Pages = {299--314},
	Title = {R: A Language for Data Analysis and Graphics},
	Volume = 5,
	Year = 1996,
        url = {https://doi.org/10.1080/10618600.1996.10474713}
}



@string{aos = {Annals of Statistics}}
@string{biometrics = {Biometrics}}
@string{biometrika = {Biometrika}}
@string{cup = {Cambridge University Press}}
@string{ejs = {Electronic Journal of Statistics}}
@string{jasa = {Journal of the American Statistical Association}}
@string{jcgs = {Journal of Computational and Graphical Statistics}}
@string{jmlr = {The Journal of Machine Learning Research}}
@string{jmva = {Journal of Multivariate Analysis}}
@string{joe = {Journal of Econometrics}}
@string{jofe = {Journal of Financial Economics}}
@string{jrssb = {Journal of the Royal Statistical Society: Series B (Statistical Methodology)}}
@string{jws = {John Wiley \& Sons}}
@string{nips = {Advances in Neural Information Processing Systems}}
@string{pnas = {Proceedings of the National Academy of Sciences}}
@string{ptrf = {Probability Theory and Related Fields}}
@string{statsinica = {Statistica Sinica}}
@string{spl = {Statistics and probability letters}}
@string{ptrsa = {Philosophical Transactions of the Royal Society A: Mathematical, Physical and Engineering Sciences}}


@Manual{RNTS,
  author = "Tsay, R. and Chen, R. and Liu, X.",
  title = {{NTS: Nonlinear Time Series Analysis}},
  year = {2020},
  url = {https://CRAN.R-project.org/package=NTS},
   journal = "",
  note = {R package version 1.1.2}
}

@Manual{RnonlinearTseries,
  author = "Garcia, C. and Sawitzki, G.",
  title = {{nonlinearTseries: Nonlinear Time Series Analysis}},
  year = {2020},
  url = {https://CRAN.R-project.org/package=nonlinearTseries},
  note = {R package version 0.2.10}
}

@Manual{RNlinTS,
  author = "Youssef, H.",
  title = {{NlinTS: Models for Non Linear Causality Detection in Time Series}},
  year = {2020},
  url = {https://CRAN.R-project.org/package=NlinTS},
  journal = "",
  note = {R package version 1.4.4}
}


@Manual{Rnlts,
  author = "Bjornstad, Ottar.",
  title = {{nlts: NonlinearTime Series Analysis}},
  year = {2018},
  url = {https://CRAN.R-project.org/package=nlts},
  journal = "",
  note = {R package version 1.0-2}
}

@Manual{Rsm,
  author = "Bowman, A. and Azzalini, A.",
  title = {{sm: Smoothing Methods for Nonparametric Regression and Density Estimation}},
  year = {2018},
  url = {https://CRAN.R-project.org/package=sm},
  note = {R package version 2.2-5.6}
}

@Manual{Rtree,
  author = "Ripley, B.",
  title= {{tree: Classification and Regression Trees}},
  year = {2019},
  url = {https://CRAN.R-project.org/package=tree},
  note = {R package version 1.0-40}
}


@Manual{RrandomForest,
  author = "Breiman, L. and Cutler, A. and Liaw, A. and Wiener, M.",
  title = {{randomForest: Breiman and Cutler's Random Forests for Classification and Regression}},
  year = {2018},
  url = {https://CRAN.R-project.org/package=randomForest},
  note = {R package version 4.6-14}
}

@Manual{RTAR,
  author = "Zhang, H. and Nieto, F.",
  title = {{TAR: Bayesian Modeling of Autoregressive Threshold Time Series Models}},
  year = {2017},
  url = {https://CRAN.R-project.org/package=TAR},
  note = {R package version 1.0}
}

@Manual{RtsDyn,
  author = "Antonio Fabio Di Narzo and Jose Luis Aznarte and Matthieu Stigler and Ho Tsung-wu",
  title = {{tsDyn: Nonlinear Time series Models with Regime Switching}},
  year = {2020},
  url = {https://CRAN.R-project.org/package=tsDyn},
  note = {R package version 10-1.2}
}

@Manual{Rtscount,
  author = "Tobias Liboschik and Roland Fried and Konstantinos Fokianos and Philipp Probst and Jonathan Rathjens",
  title = {{tscount: Analysis of Count Time series}},
  year = {2020},
  url = {https://CRAN.R-project.org/package=tscount},
  note = {R package version 1.4.3}
}


@Manual{Rftsa,
  author = "Rob Hyndman and Han Lin Shang",
  title = {{ftsa: Functional Time Series Analysis}},
  year = {2020},
  url = {https://CRAN.R-project.org/package=ftsa},
  note = {R package version 6.0}
}

@Manual{RSMC,
  author = "Gopi Goswami",
  title = {{SMC: Sequential Monte Carlo (SMC) Algorithm}},
  year = {2011},
  url = {https://CRAN.R-project.org/package=SMC},
  journal = "",
  note = {R package version 1.1}
}


@article{anderson1963,
    author = "Anderson, T. W.",
    year = "1963", 
    title = "The use of factor analysis in the statistical analysis of multiple time series.",
    journal = "Psychometrika",
    volume = "28",
    pages = "1--25"
}

@article{anderson1963,
    author = "Anderson, T. W.",
    year = "1963", 
    title = "The use of factor analysis in the statistical analysis of multiple time series.",
    journal = "Psychometrika",
    volume = "28",
    pages = "1--25"
}


@article{andrews1991,
    author = "Andrews, D.W. K.",
    year = "1991",
    title = "Heteroskedasticity and autocorrelation consistent covariance matrix estimation.",
    journal = "Econometrica",
    volume = "59",
    pages = "817--858"
}

@article{arulampalam2004,
    author = "Arulampalam, D.S. and Ristic, B. and Gordon, N. and Mansell, T.",
    year = "2004",
    title = "Bearings-only tracking of maneuvering targets using particle filters.",
    journal = "EURASIP Journal of Applied Signal Processing",
    volume = "2004",
    pages = "2351--2365",
    url={https://doi.org/10.1155/S1110865704405095}
}



@article{auestad1990,
    author = "Auestad, B and Tjostheim, D",
    year = "1990",
    title = "Identification of nonlinear time series: first order characterization and order determination.",
    journal = "Biometrika",
    volume = "77",
    pages = "669--687"
}


@article{balke1997,
	author="Balke, N.S. and Fomby, T.B.",
	year="1997",
	title="Threshold cointegration.",
	journal="International economic review",
	volume="38",
	pages="627--645"
}

@article{bai2002,
    author = "Bai, J. and Ng, S.",
    year = "2002",
    title = "Determining the number of factors in approximate factor models.",
    journal = "Econometrica",
    volume = "70",
    pages = "191--221"
}


@article{bathia2010,
    author = "Bathia, N. and Yao, Q. and Ziegelmann, F.",
    year = "2010",
    title = "Identifying the finite dimensionality of curve time series.",
    journal = "The Annals of Statistics",
    volume = "38",
    pages = "3352--3386"
}


@article{bauwens2006,
    author = "Bauwens, L. and Laurent, S. and Rombouts, J. V.",
    year = "2006",
    title = "Multivariate GARCH models: a survey.",
    journal = "Journal of Applied Econometrics",
    volume = "21",
    pages = "79--109"
}


@article{berkes2013,
    author = "Berkes, I. and Horv{\'a}th, L. and Rice, G.",
    year = "2013",
    title = "Weak invariance principles for sums of dependent random function.",
    journal = "Stochastic Processes and their Application",
    volume = "123",
    pages = "385--403"
}


@article{bernanke2005,
	author="Bernanke, B.S. and Boivin, J. and Eliasz, P.",
	year="2005",
	title="Measuring the Effects of Monetary Policy: A Factor-Augmented Vector Autoregressive ({FAVAR}) Approach.",
	volume="120",
	pages= "387--422"
}	

@article{black1973,
    author = "Black, F. and Scholes, M.",
    year = "1973",
    title = "The pricing of options and corporate liabilities.",
    journal = "The Journal of Political Economy",
    volume = "81",
    pages = "637--654"
}


@article{bonabeau1996,
    author = "Bonabeau, E. and Theraulaz, G. and Deneubourg, J.L.",
    year = "1996",
    title = "Quantitative study of the fixed threshold model for the regulation of division of labour in insect societies.",
    journal = "Proceedings of the Royal Society of London B: Biological Sciences",
    volume = "263",
    pages = "1565--1569"
}


@Book{bosq2000,
    author = {Bosq, D.},
    year = 2000,
    title = {Linear Processes in Function Spaces, Theory and Applications},
    publisher = {Springer-Verlag, New York},
    url={http://doi.org/10.1007/978-1-4612-1154-9}
}


@Book{box1994,
    author = {Box, G.E.P. and Jenkins, G.M. and Reinsel, G.C.},
    year = 1994,
    title = {Time series analysis, forecasting and control, 3rd ed.},
    publisher = {Prentice Hall, Englewood Cliffs, NJ}
}


@Book{brockwell1990,
    author = {Brockwell, P. and Davis, R.},
    year = 1990,
    title = {Time Series: Theory and Methods},
    publisher = {Springer, New York}
}


@Book{brockwell1991,
    author = {Brockwell, P.J. and Davis, R.A.},
    year = 1991,
    title = {Time series theory and methods},
    publisher = {Springer, New York}
}


@article{bradley2005,
    author = "Bradley, R. C.",
    year = "2005",
    title = "Basic properties of strong mixing conditions. A survey and some open questions.",
    journal = "Probability Surveys",
    volume = "2",
    pages = "107--144"
}


@article{bollerslev1986,
    author  = "Bollerslev, T.",
    title   = "Generalized autoregressive conditional heteroscedasticity.",
    year    = "1986",
    journal = "Journal of Econometrics",
    volume  = "31",
    pages   = "307--327"
}

@article{brumback1998,
    author = "Brumback, B. and Rice, J.A.",
    year = "1998",
    title = "Smoothing spline models for the analysis of nested and crossed samples of curves.",
    journal = "Journal of the American Statistical Association",
    volume = "93",
    pages = "961--994"
}


@article{burman1998,
    author = "Burman, P. and Shumway, R.H.",
    year = "1998",
    title = "Semiparametric modeling of seasonal time series.",
    journal = "Journal of Time Series Analysis",
    volume = "19",
    pages = "127--145"
}



@article{cai2000,
    author  = "Cai, Z. and Fan, J. and Yao, Q.",
    title   = "Functional-coefficient regression models for non-linear time series.",
    year    = "2000",    
    journal = jasa,
    volume  = "95",
    pages   = "941--956"
}



@article{cai2000b,
    author = "Cai, Z. and Tiwari, RC",
    year = "2000",
    title = "Application of a local linear autoregressive model to BOD time series.",
    journal = "Environmetrics",
    volume = "11",
    pages = "341--350"
}


@article{cai2002,
    author = "Cai, Z.",
    year = "2002",
    title = "Two-step likelihood estimation procedure for varying-coefficient models.",
    journal = "Journal of Multivariate Analysis",
    volume = "82",
    pages = "189--209"
}

@article{cai2006,
    author = "Cai, Z. and Chen, R.",
    year = "2006",
    title = "Flexible seasonal time series models.",
    journal = "Econometric Analysis of Financial and Economic Time Series",
    volume = "20",
    pages = "63--87"
}


@article{cai2007,
    author = "Cai, Z.",
    year = "2007",
    title = "Trending time varying coefficient time series models with serially correlated error.",
    journal = "Journal of Econometrics",
    volume = "136",
    pages = "163--188"
}



@article{cai2009,
    author = "Cai, Z. and Li, Q and Park, JY",
    year = "2009",
    title = "Functional-coefficient models for nonstationary time series data.",
    journal = "Journal of Econometrics",
    volume = "148",
    pages = "101--113"
}




@article{calabrese2003a,
    author  = "Calabrese, E.J. and Baldwin, L.A.",
    title   = "The Hormetic Dose-Response Model Is More Common than the Threshold Model in Toxicology.",
    year    = "2003",
    journal = "Toxicological Sciences",
    volume  = "71",
    pages   = "246--250"
}

@article{calabrese2003b,
    author  = "Calabrese, E.J. and Baldwin, L.A.",
    title   = "Toxicology rethinks its central belief.",
    year    = "2003",
    journal = "Nature",
    volume  = "421",
    pages   = "691--692"
}


@article{caner2004,
    author  = "Caner, M. and Hansen, B.",
    title   = "Instrumental variable estimation of a threshold model.",
    year    = "2004",
    journal = "Econometric Theory",
    volume  = "20",
    pages   = "813--843"
}


@article{chamberlain1983,
    author  = "Chamberlain, G. and Rothschild, M.",
    title   = "Arbitrage, factor structure and mean-variance analysis in large asset markets",
    year    = "1983",
    journal = "Econometrica",
    volume  = "70",
    pages   = "191--221"
}

@article{chan1990,
	author="Chan, K.S. and Tong, H.",
	year="1990",
	title="On likelihood ratio tests for threshold autoregression.",
	journal= jrssb,
	volume="52",
	pages="469--476"
}



@article{chan1993,
    author = "Chan, K.S.",
    year = "1993",
    title = "Consistency and limiting distribution of the least squares estimator of a threshold autoregressive model.",
    journal = "The Annals of Statistics",
    volume = "21",
    pages = "520--533"
}




@article{chang2014,
    author = "Chang, J. and Guo, B. and Yao, Q.",
    year = "2014",
    title= "Segmenting multiple time series by contemporaneous linear transformation: {PCA} for time series.",
    journal = "Manuscript",
    volume = "Available at arXiv: 1410.2323",
    pages = ""
}

@article{chang2015,
    author = "Chang, J. and Guo, B. and Yao, Q.",
    year = "2015",
    title = "High dimensional stochastic regression with latent factors, endogeneity and nonlinearity.",
    journal = "Journal of Econometrics",
    volume = "189",
    pages = "297--312"
}

@article{chang2015b,
	author="Chang, J. and Guo, B. and Yao, Q.",
    year = "2015",
    title = "Principal component analysis for second-order stationary vector time series.",
    journal = "The Annals of Statistics",
    volume = "46",
    pages = "2094--2124"
}


@article{chen1991,
    author  = "Chen, R. and Tsay, R.S.",
    title   = "On the ergodicity of TAR(1) processes.",
    year    = "1991",
    journal = "The Annals of Applied Probability",
    volume  = "1",
    pages   = "613--634",
    url={http://doi.org/10.1214/aoap/1177005841}
}

@article{chen1993a,
    author  = "Chen, R. and Tsay, R.S.",
    title   = "Functional coefficient autoregressive models.",
    year    = "1993",
    journal = jasa,
    volume  = "88",
    pages   = "298--308"
}


@article{chen1993b,
    author  = "Chen, R. and Tsay, R.S.",
    title   = "Nonlinear additive {ARX} models",
    year    = "1993",
    journal = jasa,
    volume  = "88",
    pages   = "955--967"
}

@article{chen1995a,
    author = "Chen, R.",
    year = "1995",
    title = "Threshold variable selection in open-loop threshold autoregressive models.",
    journal = "Journal of Time Series Analysis",
    volume = "16",
    pages = "461--481",
    url={https://doi.org/10.1111/j.1467-9892.1995.tb00247.x}
}



@article{chen1995b,
    author = "Chen, R. and Liu, J.S. and Tsay, R.S.",
    year = "1995",
    title = "Additivity tests for nonlinear autoregressive models.",
    journal = "Biometrika",
    volume = "82",
    pages = "369--383"
}



@article{chen1998,
    author = "Chen, X. and Shen, X.",
    year = "1998",
    title = "Sieve extremum estimates for weakly dependent data.",
    journal = "Econometrica",
    volume = "66",
    pages = "289--314"
}


@article{chen1999,
    author = "Chen, R. and Fomby, T.",
    year = "1999",
    title = "Forecasting with stable seasonal pattern models with an application of Hawaiian tourist data.",
    journal = "Journal of Business \& Economic Statistics",
    volume = "17",
    pages = "497--504"
}



@article{chen2003,
    author = "Chen, R. and Scott, L.",
    year = "2003",
    title = "Multi-factor {Cox-Ingersoll-Ross} models of the term structure: estimates and tests from a {Kalman} filter model.",
    journal = "The Journal of Real Estate Finance and Economics",
    volume = "27",
    pages = "143--172"
}

@article{chen2006,
    author = "Chen, C.W. and So, M.K.",
    year = "2006",
    title = "On a threshold heteroscedastic model.",
    journal = "International Journal of Forecasting",
    volume = "22",
    pages = "73--89"
}




@article{chen2008,
    author = "Chen, X.",
    year = "2008",
    title = "Large sample sieve estimation of semi-nonparametric models.",
    journal = "Handbook of Econometrics",
    volume = "6",
    pages = "5549--5632"
}




@article{cleveland1990,
    author = "Cleveland, RB and Cleveland, WS and McRae, JE and Terpenning, I",
    year = "1990",
    title = "STL: a seasonal-trend decomposition procedure based on loess.",
    journal = " Journal of Official Statistics",
    volume = "6",
    pages = "3--73"
}


@article{crainiceanu2011,
      author = {Crainiceanu, C. M. and Caffo, B. S. and Luo,
                  S. and Zipunnikov, V. M. and Punjabi, N. M.},
      year = {1990},
      title = {{Population Value Decomposition, a Framework for the
                  Analysis of Image Populations}},
      journal = jasa,
      volume = {106},
      number = {495},
      pages = {775-790},
      year = {2011}
}

@article{cressie1999,
    author = "Cressie, H. and Huang, H.",
    year = "1999",
    title = "Classes of nonseparable, spatio-temporal stationary covariance function.",
    journal = "Journal of the American Statistical Association",
    volume = "94",
    pages = "1330--1339"
}



@article{diebold1994,
    author = "Diebold, F. X. and Rudebusch, G. D. ",
    year = "1994",
    title = "Measuring business cycles: A modern perspective.",
    journal = "National Bureau of Economic Research",
    volume = "No. w4643.",
   pages = ""
}

@article{diebold2006,
	author="Diebold, F. X. and Li, C.",
	year="2006",
	title="Forecasting the term structure of government bond yields.",
	journal=joe,
	volume="130",
	pages="337--364",
	url={https://doi.org/10.1016/j.jeconom.2005.03.005}
}

@article{domian1997,
	author="Domian, D.L. and Louton, D.A.",
	year="1997",
	title="A threshold autoregressive analysis of stock returns and real economic activity.",
	journal="International Review of Economics and Finance",
	volume="6",
	pages="167--179",
	url={https://doi.org/10.1016/S1059-0560(97)90022-8}
}


@inproceedings{ding2005twod,
    author = {C. Ding and J. Ye},
    title = {{2-Dimensional Singular Value Decomposition for 2D Maps and Images}},
    booktitle = {Proc. SIAM Int'l Conf. Data Mining (SDM'05)},
    year = {2005},
    pages = {32-43}
}



@article{doukhan1999,
    author = "Doukhan, P. and Louhichi and S.",
    year = "1999",
    title = "A new weak dependence condition and applications to moment inequalities.",
    journal = "Stochastic Processes and their Applications",
    volume = "84",
    pages = "313--342"
}


@article{doz2011,
    author = "Doz, C. and Giannone, D. and Reichlin, L.",
    year = "2011",
    title = "A two-step estimator for large approximate dynamic factor models based on {Kalman} filtering.",
    journal = "Journal of Econometrics",
    volume = "164",
    pages = "188--205"
}


@article{duan1999,
    author = "Duan, J. and Simonato, J.",
    year = "1999",
    title = "Estimating and Testing Exponential-Affine Term Structure Models by {Kalman} Filter.",
    journal = "Review of Quantitative Finance and Accounting",
    volume = "13",
    pages = "111--135"
}



@article{engle1981,
    author  = "Engle, R.F. and Watson, M.W.",
    title   = "A one-factor multivariate Time Series Model of Metropolitan Wage Rates",
    year    = "1982",
    journal = "Econometrica",
    volume  = "50",
    pages   = "987--1008"
}



@article{engle1982,
    author  = "Engle, R.F.",
    title   = "Autoregressive conditional heteroscedasticity with estimates of the variance of U.K. inflation.",
    year    = "1982",
    journal = "Econometrica",
    volume  = "50",
    pages   = "987--1008"
}



@article{engle1987,
    author = "Engle, R. F. and Granger, C. W.",
    year = "1987",
    title = "Co-integration and error correction: representation, estimation, and testing.",
    journal = "Econometrica.",
    volume = "55",
    pages = "251--276"
}


@article{engle1995,
    author = "Engle, R. F. and Kroner, K. F.",
    year = "1995",
    title = "Multivariate simultaneous generalized {ARCH}.",
    journal = "Econometric theory",
    volume = "11",
    pages = "122--150"
}


@Book{fan1996,
    author = {Fan, J. and Gijbels, I.},
    year = 1996,
    title = {Local Polynomial Modelling and Its Applications},
    publisher = {Chapman and Hall, London}
}


@Book{fan2003,
    author = {Fan, J. and Yao, Q.},
    year = 2003,
    title = {Nonlinear Time Series: Nonparametric and Parametric Methods},
    publisher = {Springer-Verlag, New York}
}


@article{fan2003a,
    author = "Fan, J. and Yao, Q. and Cai, Z.",
    year = "2003",
    title = "Adaptive varying-coefficient linear models.",
    journal = "Journal of the Royal Statistical Society: Series B (Statistical Methodology)",
    volume = "65",
    pages = "57--80"
}




@article{fengler2005,
    author = "Fengler, M. R. and H{\"a}rdle, W. and Mammen, E.",
    year = "2005",
    title = "A dynamic semiparametric factor model for implied volatility string dynamics.",
    journal = "Journal of Econometrics",
    volume = "5",
    pages = "189--218"
}


@Book{ferraty2006,
    author = {Ferraty, F. and Vieu, P.},
    year = 2006,
    title = {Nonparametric Functional Data Analysis},
    publisher = {Springer, New York}
}

@article{forbes1999,
	author="Forbes, C.S. and Kalb, G.R. and Kofhiar, P.",
	year="1999",
	title="Bayesian arbitrage threshold analysis.",
	journal="Journal of Business \& Economic Statistics",
	volume="17",
	pages="364--372"
}


@article{forneyjr1973,
    author = "Forney Jr, G. D.",
    year = "1973",
    title = "The Viterbi algorithm.",
    journal = "Proceedings of the IEEE",
    volume = "61",
    pages = "268--278"
}


@article{forni1998,
    author = "Forni, M. and Reichlin, L.",
    year = "1998",
    title = "Let's get real: a factor-analytical approach to disaggregated business cycle dynamics.",
    journal = "Review of Economic Studies",
    volume = "65",
    pages = "453--473"
    
}


@article{forni2000,
    author = "Forni, M. and Hallin, M. and Lippi, M. and Reichlin, L.",
    year = "2000",
    title = "The generalized dynamic factor model: identification and estimation.",
    journal = "Review of Economics and Statistics",
    volume = "82",
    pages = "540--554"
}

@article{forni2001,
    author = "Forni, M. and Lippi, M.",
    year = "2001",
    title = "The generalized factor model: representation theory.",
    journal = "Econometric Theory",
    volume = "17",
    pages = "1113--1141"
}


@article{forni2003,
    author = "Forni, M. and Lippi, M. and Reichlin, L.",
    year = "2003",
    title = "Do financial variables help forecasting inflation and real activity in the Euro area?",
    journal = "Journal of Monetary Economics",
    volume = "50",
    pages = "1243--1255"
}

@article{forni2005,
    author = "Forni, M. and Lippi, M. and Reichlin, L.",
    year = "2005",
    title = "The generalized dynamic factor model: one-sided estimation and forecasting.",
    journal = jasa,
    volume = "100",
    pages = "830--840"
}

@article{forni2004,
    author = "Forni, M. and Lippi, M. and Reichlin, L.",
    year = "2004",
    title = "The generalized dynamic factor model: consistency and rates.",
    journal = joe,
    volume = "119",
    pages = "231--255"
}




@Book{franses1996,
    author = {Franses, PH.},
    year = 1996,
    title = {Periodicity and stochastic trends in economic time series},
    publisher = {Cambridge University Press, New York}
}


@Book{franses1998,
    author = {Franses, PH.},
    year = 1998,
    title = {Time series models for business and economic forecasting},
    publisher = {Cambridge University Press, New York}
}


@article{gasser1984,
    author = "Gasser, T. and Muller, H.G. and Kohler, W. and Molinari, L. and Prader, A.",
    year = "1984",
    title = "Nonparametric regression analysis of growth curves.",
    journal = "The Annals of Statistics",
    volume = "12",
    pages = "210--229"
}

@article{geweke1977,
    author = "Geweke, J.",
    year = "1977",
    title = "The dynamic factor analysis of economic time series.",
    journal = "Latent variable in socio-economic models",
    volume = "ed. by D.J. Aigner and A.S. Goldberg, Amsterdam: North Holland",
    pages = "365--383"
}

@article{giannone2008,
	author="Giannone, D. and Reichlin, L. and Small, D.",
	year="2008",
	title="Nowcasting: The Real-Time Informational Content of Macroeconomic Data.",
	journal="Journal of Monetary Economics",
	volume= "55",
	page="665--676"
}

@article{gianola1983,
	author="Gianola, D. M. and Foulley, J.L.",
	year="1983",
	title="Sire evaluation for ordered categorical data with a threshold model",
	journal="Genetique, selection, evolution",
	volume="15",
	pages="201-224"
}

@Book{ghysels2001,
    author = {Ghysels, E. and Osborn, DR.},
    year = 2001,
    title = {The econometric analysis of seasonal time series},
    publisher = {Cambridge University Press, New York}
}


@article{gneiting2002,
    author = "Gneiting, T.",
    year = "2002",
    title = "Nonseparable, stationary covariance functions for space-time data.",
    journal = "Journal of the American Statistical Association",
    volume = "97",
    pages = "590--600"
}


@article{goncalves2006,
    author = "Goncalves, S and Guidolin, M.",
    year = "2006",
    title = "Predictable dynamics in the S\&P 500 index options implied volatility surface.",
    journal = "Journal of Business",
    volume = "79",
    pages = "1591--1635"
}



@article{gordon1993,
    author = "Gordon, N. and Salmon, D. and Smith, A.",
    year = "1993",
    title = "A novel approach to nonlinear/non-Gaussian Bayesian state estimation.",
    journal = "IEEE Proceedings on Radar and Signal Processing",
    volume = "140",
    pages = "107--113"
}



@article{gorodetskii1977,
    author = "Gorodetskii, V. V.",
    year = "1977",
    title = "On the strong mixing property for linear sequences.",
    journal = "Theory of Probability \& Its Applications",
    volume = "22",
    pages = "411--413"
}


@article{gourieroux1992,
	author="Gourieroux, C. and Monfort, A.",
	year="1992",
	title="Qualitative threshold ARCH models.",
	journal=joe,
	volume="52",
	pages="159-199"
}


@article{granovetter1978,
    author = "Granovetter, M.",
    year = "1978",
    title = "Threshold models of collective behavior.",
    journal = "The American Journal of Sociology",
    volume = "83",
    pages = "1420--1443"
}




@article{gray1996,
    author = "Gray, S. F.",
    year = "1996",
    title = "Modeling the conditional distribution of interest rates as a regime-switching process.",
    journal = "Journal of Financial Economics",
    volume = "42",
    pages = "27--62"
}

@book{gupta2000,
    author = {Gupta, A. K. and Nagar, D. K.},
    title = {Matrix Variate Distributions},
    publisher = {Chapman \& Hall/CRC},
    address = {Boca Raton, FL},
    year = {2000}
}

@article{hallin2007,
    author = "Hallin, M. and Liska, R.",
    year = "2007",
    title = "Determining the number of factors in the general dynamic factor model.",
    journal = "Journal of the American Statistical Association",
    volume = "102",
    pages = "603--617"
}


@article{hamilton1989,
    author = "Hamilton, J.",
    year = "1989",
    title = "A new approach to the economic analysis of nonstationary time series and the business cycle.",
    journal = "Econometrica",
    volume = "57",
    pages = "357--384"
}


@article{hamilton1996,
    author = "Hamilton, J.",
    year = "1996",
    title = "Specification testing in Markov-switching time-series models.",
    journal = "Journal of Econometrics",
    volume = "70",
    pages = "127--157"
}


@article{hamilton1994,
    author = "Hamilton, J. and Susmel, R.",
    year = "1994",
    title = "Autoregressive conditional heteroscedasticity and changes in regime.",
    journal = "Journal of Econometrics",
    volume = "64",
    pages = "307--333"
}


@article{handcock1994,
    author = "Handcock, M.S. and Wallis, J.R.",
    year = "1994",
    title = "An approach to statistical spatial-temporal modeling of meteorological fields.",
    journal = "Journal of the American Statistical Association",
    volume = "89",
    pages = "368--378"
}


@article{hansen1992,
    author = "Hansen, B. E.",
    year = "1992",
    title = "The likelihood ratio test under nonstandard conditions: testing the Markov switching model of GNP.",
    journal = "Journal of applied Econometrics",
    volume = "7",
    pages = "S61--S82"
}

@article{hansen2002,
	author="Hansen, B. and Seo, B.",
	year = "2002",
	title="Testing for two-regime threshold cointegration in vector error-correction models.",
	journal=joe,
	volume="110",
	pages="293--318"
}

@article{hansen2011,
	author="Hansen, B.",
	 year = "2011",
	title="Threshold autoregression in economics.",
	journal="Statistics and Its Interface",
	volume="4",
	pages="123--127"
}



@article{hardle1985,
    author = "H{\"a}rdle, W. and Marron, S.",
    year = "1985",
    title = "Optimal bandwidth selection in nonparametric regression function estimation.",
    journal = "The Annals of Statistics",
    volume = "13",
    pages = "1465--1481"
}

@article{hardle1992,
    author = "H{\"a}rdle, W. and Vieu, P.",
    year = "1992",
    title = "Kernel regression smoothing of time series.",
    journal = "Journal of Time Series Analysis",
    volume = "13",
    pages = "209--232"
}



@article{hardle1993,
    author = "H{\"a}rdle, W. and Hall, P. and Ichimura, H.",
    year = "1993",
    title = "Optimal smoothing of single index models.",
    journal = "The annals of Statistics",
    volume = "21",
    pages = "157--178"
}



@article{hardle1997,
    author = "H{\"a}rdle, W. and L{\"u}etkepohl, H. and Chen, R.",
    year = "1997",
    title = "A review of nonparametric time series analysis.",
    journal = "International Statistical Review",
    volume = "65",
    pages = "45--72"
}




@Book{hardle2004,
    author = {H{\"a}rdle, W. and Muller, M. and Sperlich, S. and Werwatz, A.},
    year = 2004,
    title = {Nonparametric and semiparametric models},
    publisher = {Springer, Heidelberg}
}




@Book{harvey1989,
    author = {Harvey,A.},
    year = 1989,
    title = {Forecasting, Structural Time Series Models and the Kalman Filter},
    publisher= {Cambridge, U.K.}
  }




@article{harvey1994,
    author = "Harvey, A. and Ruiz, E. and Shephard, N.",
    year = "1994",
    title = "Multivariate stochastic variance models.",
    journal = "The Review of Economic Studies",
    volume = "61",
    pages = "247--264"
}


@article{hastie1993,
    author = "Hastie, T. and Tibshirani, R.",
    year = "1993",
    title = "Varying-coefficient models.",
    journal = "Journal of the Royal Statistical Society: Series B (Statistical Methodology)",
    volume = "55",
    pages = "757--796"
}


@Book{hastie2009,
    author = {Hastie, T. and Tibshirani, R. and Friedman, J.},
    year = 2009,
    title = {The Elements of Statistical Learning},
    publisher = {Springer, New York}
}




@article{heinen2003,
    author = "Heinen, A.",
    year = "2003",
    title = "Modelling time series count data: au autoregressive conditional Poisson model.",
    url={https://ssrn.com/abstract=1117187},
    volume = "",
    pages = ""
}


@article{hormann2013,
    author = "Hormann, S. and Horv{\'a}th, L. and Reeder, R.",
    year = "2013",
    title = "A functional version of ARCH model.",
    journal = "Econometric Theory",
    volume = "29",
    pages = "267--288"
}


@article{hormann2010,
    author = "Hormann, S. and Kokoszka, P. and ",
    year = "2010",
    title = "Weakly dependent functional data.",
    journal = "The Annals of Statistics",
    volume = "38",
    pages = "1845--1884",
    url={http://doi.org/10.1214/09-aos768}
}


@article{horvath2010,
    author = "Horv{\'a}th, L. and Huskova, M. and Kokoszka, P.",
    year = "2010",
    title = "Testing the stability of the functional autoregressive process.",
    journal = "Journal of Multivariate Analysis",
    volume = "101",
    pages = "352--367"
}


@Book{horvath2012,
    author = {Horv{\'a}th, L. and Kokoszka, P.},
    year = 2012,
    title = {Inference for Functional Data with Applications},
    publisher = {Springer}
}


@article{horvath2013,
    author = "Horv{\'a}th, L. and Kokoszka, P. and Reeder, R.",
    year = "2013",
    title = "Estimation of the mean of functional time series and a two-sample problem.",
    journal = "Journal of the Royal Statistical Society: Series B (Statistical Methodology)",
    volume = "75",
    pages = "103--122",
    url={ https://doi.org/10.1111/j.1467-9868.2012.01032.x}
}


@article{houghton1980,
    author = "Houghton, A.N. and Flannery, J. and Viola, M.V.",
    year = "1980",
    title = "Malignant melanoma in Connecticut and Denmark.",
    journal = "International Journal of Cancer",
    volume = "25",
    pages = "95--104"
}


@article{huang2003,
    author = "Huang, J.Z.",
    year = "2003",
    title = "Local asymptotics for polynomial spline regression.",
    journal = "The Annals of Statistics",
    volume = "31",
    pages = "1600--1635"
}


@Book{hull2006,
    author = {Hull, J.C.},
    year = 2006,
    title = {Options, Futures, and Other Derivatives},
    publisher = {Pearson Education, India}
}


@Book{hylleberg1992,
    author = {Hylleberg, S.},
    year = 1992,
    title = {Modelling seasonality},
    publisher = {Modelling seasonality}
}


@article{hyndman2000,
    author = "Rob J. Hyndman and Han Lin Shang",
    year = "2009",
    title = "Forecasting functional time series.",
    journal = "Journal of the Korean Statistical Society",
    volume = "38",
    pages = "199--211",
    url={https://doi.org/10.1016/j.jkss.2009.06.002}
}




@article{james2000,
    author = "James, G.M. and Hastie, T.J. and Sugar, C.A.",
    year = "2000",
    title = "Principal component models for sparse functional data.",
    journal = "Biometrika",
    volume = "87",
    pages = "587--602"
}


@article{james2003,
    author = "James, G.M. and Sugar, C.A.",
    year = "2003",
    title = "Clustering for sparsely sampled functional data.",
    journal = "Journal of the American Statistical Association",
    volume = "98",
    pages = "397--408"
}


@article{jones1996,
    author = "Jones, MC and Marron, JS and Sheather, SJ",
    year = "1996",
    title = "A brief survey of bandwidth selection for density estimation.",
    journal = "Journal of the American Statistical Association",
    volume = "91",
    pages = "401--407"
}

@article{kadarmideen2000,
	author="Kadarmideen, H. N. and Thompson, R. and Simm, R.",
	year="2000",
	title="Linear and threshold model genetic parameters for disease, fertility and milk production in dairy cattle.",
	journal="BSAS Occasional Publication",
	volume="2000",
	pages="83-84"
}


@article{kapetanios2005,
    author = "Kapetanios, G.",
    year = "2005",
    title = "A new method for determining the number of factors in factor models with large datasets.",
    journal = "Working Paper 525, Queen Mary University of London",
    volume = "",
    pages = ""
}




@Book{kemeny1983,
    author = {Kemeny, J. G. and Snell, J. L.},
    year = 1983,
    title = {Finite Markov Chains},
    publisher = {Princeton, New Jersey}
}
@article{keselman1993,
    author = "Keselman, H.J. and Keselman, J.C.",
    year = "1993",
    title = "Analysis of repeated measurements.",
    journal = "Applied analysis of Variance in Behavioral Science",
    volume = "",
    pages = "105--145"
}



@article{kim1998,
    author = "Kim, C. J. and Nelson, C. R.",
    year = "1998",
    title = "Business cycle turning points, a new coincident index, and tests of duration dependence based on a dynamic factor model with regime switching.",
    journal = "The Review of Economics and Statistics",
    volume = "80",
    pages = "188--201"
}



@article{kitagawa1996,
    author = "Kitagawa, G.",
    year = "1996",
    title = "Monte Carlo filter and smoother for non-Gaussian nonlinear state space model.",
    journal = "Journal of Computational and Graphical Statistics",
    volume = "91",
    pages = "1--25"
}



@book{kollo2006,
  title={Advanced multivariate statistics with matrices},
  author={Kollo, T. and von Rosen, D.},
  volume={579},
  year={2006},
  publisher={Springer}
}

@article{kronhamn1998,
  title={Bearings-only target motion analysis based on a multihypothesis Kalman filter and adaptive ownship motion control},
  author={Kronhamn, T.R.},
  journal= "IEE Proceedings- Radar, Sonar, and Navigation",
  pages={247-252},
  year={1998},
  volume = "145",
  number = "",
  url={http://doi.org/10.1049/ip-rsn:19982130}
}


@article{lam2011,
  title={Estimation of latent factors for high-dimensional time series},
  author={Lam, C. and Yao, Q. and Bathia, N.},
  journal= Biometrika,
  pages={901-918},
  year={2011},
  volume = "98",
  number = "4",
}

@article{lam2012,
   author = "Lam, C. and Yao, Q.",
   title = "Factor modeling for high-dimensional time series: inference for the number of factors",
   journal = aos,
   month = "04",
   number = "2",
   pages = "694--726",
   volume = "40",
   year = "2012"
}

@article{leng2012,
    title = {Sparse Matrix Graphical Models},
    author = {Leng, C. and Tang, C. Y.},
    year = {2012},
    journal =  jasa,
    volume = {107},
    number = {499},
    pages = {1187-1200},
}

@article{li2016,
	author="Li, D. and Tong, H.",
	year="2016",
	title="Nested sub-sample search algorithm for estimation of threshold models.",
	journal="Statistica Sinica",
	volume="26",
	pages="1543--1554",
	url={http://doi.org/10.5705/ss.2013.394t}
} 


@article{lin2005,
	author="Lin, M. and Zhang, J. and Cheng, Q. and Chen, R.",
	year="2005",
	title="Independent particle filters.",
	journal=jasa,
	volume="102",
	pages="305--320"
} 


@article{LiuChen1995,
   author = "Liu, J. and Chen, R.",
   title = "Blind deconvolution via sequential imputations.",
   journal = jasa,
   number = "430",
   pages = "567--576",
   volume = "90",
   year = "1995",
   url={https://doi.org/10.2307/2291068}
}

@article{LiuChen1998,
   author = "Liu, J. and Chen, R.",
   title = "Sequential Monte Carlo methods for dynamic systems.",
   journal = jasa,
   pages = "1032--1044",
   volume = "93",
   year = "1998",
   url={https://doi.org/10.2307/2669847}
}
@article{liu2015,
   author = "Liu, X. and Chen, R. and Cai, Z.",
   title = " Functional coefficient seasonal time series models with an application of Hawaii tourism data.",
   journal = "Computational Statistics",
   number = "3",
   pages = "719--744",
   volume = "30",
   year = "2015"
}

@article{liu2016,
   author = "Liu, X. and Chen, R.",
   title = " Regime-switching factor models for high-dimensional time series.",
   journal = "Statistica Sinica",
   pages = "1427--1451",
   volume = "26",
   year = "2016"
}

@article{liu2016functional,
   author = "Liu, X. and Chen, R. and Xiao, H.",
   title = "Convolutional autoregressive models for functional time series.",
   journal = joe,
   pages = "263--282",
   volume = "194",
   year = "2016",
   url={https://doi.org/10.1016/j.jeconom.2016.05.006}
}

@article{liu2018,
   author = "Liu, X. and Chen, R.",
   title = " Threshold factor models for high-dimensional time series.",
   journal = "Technique report",
   pages = "",
   volume = "",
   year = "2018"
}


@article{luetkepohl1985,
    author = "L{\"u}etkepohl, H.",
    year = "1985",
    title = "Comparison of criteria for estimating the order of a vector autoregressive process.",
    journal = "Journal of Time Series Analysis.",
    volume = "6",
    pages = "35--52"
}


@Book{luetkepohl2005,
    author = {L{\"u}etkepohl, H.},
    year = 2005,
    title = {New Introduction to Multiple Time Series Analysis},
    publisher = {Springer, Berlin}
}


@article{lu1998,
    author = "Lu, Z.",
    year = "1998",
    title = "On the ergodicity of non-linear autoregressive model with an autoregressive conditional heteroscedastic term.",
    journal = "Statistica Sinica",
    volume = "8",
    pages = "1205--1217"
}


@article{lu2007,
    author = "Lu, Z. and Tjostheim, D. and Yao, Q.",
    year = "2007",
    title = "Adaptive varying-coefficient linear models for stochastic processes: asymptotic theory.",
    journal = "Statistica Sinica",
    volume = "17",
    pages = "177--198"
}



@article{mas2002,
    author = "Mas, A.",
    year = "2002",
    title = "Weak convergence for the covariance operators of a Hilbertian linear process.",
    journal = "Stochastic Processes and Their Applications",
    volume = "99",
    pages = "117--135"
}


@article{masry1995,
    author = "Masry, E. and Tjostheim, D.",
    year = "1995",
    title = "Nonparametric estimation and identification of nonlinear ARCH time series: strong convergence and asymptotic normality.",
    journal = "Econometric theory",
    volume = "11",
    pages = "258--289"
}


@article{masry1997,
    author = "Masry, E. and Tjostheim, D.",
    year = "1997",
    title = "Additive nonlinear ARX time series and projection estimates.",
    journal = "Econometric theory",
    volume = "13",
    pages = "214--252"
}


@article{merikoski2004,
    author = "Merikoski, J. K. and Kumar, R.",
    year = "2004",
    title = "Inequalities for spreads of matrix sums and products.",
    journal = "Applied Mathematics E-Notes",
    volume = "4",
    pages = "150--159"
}


@Book{meyne2009,
    author = {Meyne, S. P. and Tweedie, R. L.},
    year = 2009,
    title = {Markov Chains and Stochastic Stability},
    publisher = {Cambridge University Press}
}


@article{nadaraya1964,
    author = "Nadaraya, E.A.",
    year = "1964",
    title = "On estimating regression.",
    journal = "Theory of Probability \& Its Application",
    volume = "9",
    pages = "141--142"
}

@article{narayan2006,
    author = "Narayan, P.K.",
    year = "2006",
    title = "The behavior of US stock prices: Evidence from a threshold autoregressive model.",
    journal = "Mathematics and Computers in Simulation",
    volume = "71",
    pages = "103--108",
    url={https://doi.org/10.1016/j.matcom.2005.11.016}
}


@article{neuman1981,
    author = "Neuman, E.",
    year = "1981",
    title = "Moments and Fourier transforms of B-splines.",
    journal = "Journal of Computational and Mathematics",
    volume = "7",
    pages = "51--62"
}


@article{newey1987,
    author = "Newey, WK and West, KD",
    year = "1987",
    title = "A simple, positive-definite, heteroskedasticity and autocorrelation consistent covariance matrix.",
    journal = "Econometrica",
    volume = "55",
    pages = "703--708"
}


@article{pan2008,
    author = "Pan, J. and Yao, Q.",
    year = "2008",
    title = "Modelling multiple time series via common factors.",
    journal = "Biometrika",
    volume = "95",
    pages = "365--379"
}


@article{pena1987,
    author = "Pe{\~n}a, D. and Box, G. E. P.",
    year = "1987",
    title = "Identifying a simplifying structure in time series.",
    journal = "Journal of the American statistical Association",
    volume = "82",
    pages = "836--843"
}


@Book{pena2001,
    author = {Pe{\~n}a, D. and Tiao, G.C. and Tsay, R.S.},
    year = 2001,
    title = {A course in time series analysis},
    publisher = {John Wiley \& Sons, New York}
}

@article{pena2006,
	author={Pe{\~n}a, D. and Poncela, P.},
	year={2006},
	title="Nonstationary dynamic factor analysis.",
	journal="Journal of Statistical Planning and Inference",
	volume="136",
	pages="1237--1257"
}


@article{petruccelli1986,
	author="Petruccelli, J. and Davies, N.",
	year="1986",
	journal="Biometrika",
	title="A portmanteau test for self-exciting threshold autoregressive-type nonlinearity in time series.",
	volume="73",
	pages="687--694"
}
	
@article{peach1995,
	author="Peach, N.",
	year="1995",
	journal="IEE Proceedings- Control Theory and Applications",
	title="Bearings-only tracking using a set of range-parameterized extended Kalman filter.",
	volume="142",
	pages="73--80",
	url={http://doi.org/10.1049/ip-cta:19951614}
}
		






@article{priestley1974,
    author = "Priestley, M. B. and Rao, T. S. and Tong, H.",
    year = "1974",
    title = "Application of principal component analysis and factor analysis in the identification of multivariable systems.",
    journal = "IEEE Transactions on Automatic Control",
    volume = "19",
    pages = "730--734"
}

    
    
@Book{ramsay2005,
    author = {Ramsay, J.O. and Silverman, B.W.},
    year = 2005,
    title = {Functional Data Analysis},
    publisher = {Springer, New York}
}


@Book{rao1999,
    author = {Rao, B.P.},
    year = 1999,
    title = {Semimartingales and Statistical Inference},
    publisher = {Chapman and Hall, London}
}


@article{ratcliffe2002b,
    author = "Ratcliffe, S.J. and Leader, L.R. and Heller, G.Z.",
    year = "2002",
    title = "Functional data analysis with application to periodically stimulated fetal heart rate data. II: Functional logistic regression.",
    journal = "Statistics in Medicine",
    volume = "21",
    pages = "1115--1127"
}


@article{ratcliffe2002a,
    author = "Ratcliffe, S.J. and Leader, L.R. and Heller, G.Z.",
    year = "2002",
    title = "Functional data analysis with application to periodically stimulated foetal heart rate data. I: Functional regression.",
    journal = "Statistics in Medicine",
    volume = "21",
    pages = "1103--1114"
}

@article{reiss2010,
	author="Reiss, R. and Watson, M.W.",
	year="2010",
	title="Relative Goods' Prices and Pure Inflation.",
	journal="American Economic Journal: Macroeconomics",
	page="128--157",
	volume="2"
}


@article{roberts1995,
    author = "Roberts, J. M.",
    year = "1995",
    title = "New Keynesian economics and the Phillips curve.",
    journal = "Journal of Money, Credit and Banking",
    volume = "27",
    pages = "975--984"
}


@article{roussas1989,
    author = "Roussas, GG.",
    year = "1989",
    title = "Consistent regression estimation with fixed design points under dependence conditions.",
    journal = "Statistics \& Probability Letters",
    volume = "8",
    pages = "41--50"
}


@article{roussas1992,
    author = "Roussas, GG. and Tran, LT. and Ioannides, DA.",
    year = "1992",
    title = "Fixed design regression for time series: asymptotic normality.",
    journal = "Journal of Multivariate Analysis",
    volume = "40",
    pages = "262--291"
}


@article{ruppert1997,
    author = "Ruppert, D.",
    year = "1997",
    title = "Empirical-bias bandwidths for local polynomial nonparametric regression and density estimation.",
    journal = "Journal of the American Statistical Association",
    volume = "92",
    pages = "1049--1062"
}


@article{ruppert1995,
    author = "Ruppert, D. and Sheather, S. and Wand, M.P.",
    year = "1995",
    title = "An effective bandwidth selector for local least squares regression.",
    journal = "Journal of the American Statistical Association",
    volume = "90",
    pages = "1257--1270"
}


@Book{schumaker1981,
    author = {Schumaker, L.},
    year = 1981,
    title = {Spline Functions: Basic Theory},
    publisher = {John Wiley \& Sons, New York}
}


@Book{shumway1988,
    author = {Shumway, R.H.},
    year = 1988,
    title = {Applied statistical time series analysis},
    publisher = {Prentice-Hall, Englewood Cliffs, NJ}
}


@Book{shumway2000,
    author = {Shumway, R.H. and Stoffer, D.S.},
    year = 2000,
    title = {Time series analysis and its applications},
    publisher = {Springer, New York}
}

@article{silverman1984,
    author = "Silverman, B.W",
    year = "1984",
    title = "Spline smoothing: the equivalent variable kernel method.",
    journal = "The Annals of Statistics",
    volume = "",
    pages = "898--916"
}

@article{sims2006,
    author = "Sims, C. A. and Zha, T.",
    year = "2006",
    title = "Were there regime switches in US monetary policy?",
    journal = "The American Economic Review",
    volume = "96",
    pages = "54--81"
}




@article{stock1989,
    author = "Stock, J. H. and Watson, M. W.",
    year = "1989",
    title = "New indexes of coincident and leading economic indicators.",
    journal = "National Bureau of Economic Research, Macroeconomics Annual",
    volume = "4",
    pages = "351--394"
}

@article{stock1998,
    author = "Stock, J. H. and Watson, M. W.",
    year = "1998",
    title = "Diffusion indexes.",
    journal = "NBER Working Paper 6702",
    volume = "",
    pages = ""
}

@article{stock1999,
    author = "Stock, J. H. and Watson, M. W.",
    year = "1999",
    title = "Forecasting inflation.",
    journal = "Journal of Monetary Economics",
    volume = "44",
    pages = "293--335"
}

@article{stock2002a,
    author = "Stock, J. H. and Watson, M. W.",
    year = "2002",
    title = "Forecasting using principal components from a large number of predictors.",
    journal = jasa,
    volume = "97",
    pages = "1167--1179"
}

@article{stock2002b,
    author = "Stock, J. H. and Watson, M. W.",
    year = "2002",
    title = "Macroeconomic forecasting using diffusion indices.",
    journal = "Journal of Business \& Economic Statistics",
    volume = "20",
    pages = "147--162"
}


@article{stock2005,
    author = "Stock, J. H. and Watson, M. W.",
    year = "2005",
    title = "Implications of dynamic factor models for {VAR} analysis.",
    journal = "National Bureau of Economic Research",
    volume = "Working Paper 11467",
    pages = ""
}

@article{stock2011,
    author = "Stock, J. H. and Watson, M. W.",
    year = "2010",
    title = "Dynamic Factor models.",
    journal = "Handbook of economic forecasting",
    volume = "1",
    pages = "35-59"
}


@article{stojanovic1997,
    author = "Stojanovic, D. and Vaughan, M.",
    year = "1997",
    title = "Yielding clues about recessions: The yield curve as a forecasting tool.",
    journal = "Federal Reserve Bank of St. Louis Regional Review",
    volume = "",
    pages = "10-11"
}


@article{sutradhar2003,
    author = "Sutradhar, B. C. and Kumar, P.",
    year = "2003",
    title = "The inversion of correlation matrix for MA (1) process.",
    journal = "Applied mathematics letters",
    volume = "163",
    pages = "317--321"
}


@article{tao2011,
    author = "Tao, M. and Wang, Y. and Yao, Q. and Zou, J.",
    year = "2011",
    title = "Large volatility matrix inference via combining low-frequency and high-frequency approaches.",
    journal = "Journal of the American Statistical Association",
    volume = "106",
    pages = "1025--1040"
}


@article{tiao1981,
    author = "Tiao, G.C. and Box, G. E. P.",
    year = "1981",
    title = "Modeling multiple time series with applications.",
    journal = "Journal of the American Statistical Association",
    volume = "76",
    pages = "802--816"
}


@article{tiao1983,
    author = "Tiao, G.C. and Tsay, R.S.",
    year = "1983",
    title = "Multiple time series modeling and extended sample cross-correlations.",
    journal = "Journal of Business \& Economic Statistics",
    volume = "1",
    pages = "43--56"
}


@article{tiao1989,
    author = "Tiao, G.C. and Tsay, R.S.",
    year = "1989",
    title = "Model specification in multivariate time series.",
    journal = "Journal of the Royal Statistical Society: Series B (Statistical Methodology)",
    volume = "51",
    pages = "157--213",
    url={http://doi.org/10.1111/j.2517-6161.1989.tb01756.x}
}


@article{tiao1994,
    author = "Tiao, G.C. and Tsay, R.S.",
    year = "1994",
    title = "Some advances in non-linear and adaptive modelling in time-series.",
    journal = "Journal of Forecasting",
    volume = "13",
    pages = "109--131"
}




@article{tjostheim1994,
    author = "Tjostheim, D.",
    year = "1994",
    title = "Non-linear time series: a selective review.",
    journal = "Scandinavian Journal of Statistics",
    volume = "21",
    pages = "97--130"
}

@article{tong1978,
    author  = "Tong, H.",
    title   = "On a threshold model.",
    year    = "1978",
    journal = "Pattern Recognition and Signal Processing",
    volume  = "",
    number  = "",
   note   = "Sihhoff\& Noordhoof, Amsterdam"
}

@article{tong1980,
    author  = "Tong, H. and Lim, K.S.",
    title   = "Threshold autoregression, limit cycles and cyclical data.",
    year    = "1980",
    journal = jrssb,
    volume  = "42",
    number  = "3",
    pages   = "245--292",
    url={http://doi.org/10.1111/j.2517-6161.1980.tb01126.x}
}


@Book{tong1990,
    author = {Tong, H.},
    year = 1990,
    title = {Nonlinear time series: a dynamic system approach},
    publisher = {Clarendon Press, Oxford}
}


@Book{tong1993,
    author = {Tong, H.},
    year = 1993,
    title = {Threshold Models in Non-linear Time Series Analysis},
    publisher = {Springer-Verlag, New York}
}



@article{tran1996,
    author = "Tran, L. and Roussas, G. and Yakowitz, S. and Van, BT.",
    year = "1996",
    title = "Fixed-design regression for linear time series.",
    journal = "The Annals of Statistics",
    volume = "24",
    pages = "975--991"
}


@article{tsay1983,
    author = "Tsay, R.S. and Tiao, G. C.",
    year = "1983",
    title = "Identification of multiplicative ARMA models for seasonal time series.",
    journal = "University of Chicago Graduate School of Business",
    volume = "",
    pages = ""
}

@article{tsay1989,
	author="Tsay, R.S",
	year="1989",
	title="Testing and modeling threshold autoregressive process.",
	journal=jasa,
	volume="84",
	pages="231--240",
	url={https://doi.org/10.2307/2289868}
}

@article{tsay1998,
	author="Tsay, R.S.",
	year="1998",
	title="Testing and modeling multivariate threshold models.",
	journal=jasa,
	volume="93",
	pages="1188--1202"
}

@Book{tsay2010,
    author = {Tsay, R.S.},
    year = 2010,
    title = {Analysis of Financial Time Series},
    publisher = {John Wiley \& Sons, New Jersey},
}


@Book{tsay2018,
    author = {Tsay, R.S. and Chen, R.},
    year = 2018,
    title = {Nonlinear Time Series Analysis},
    publisher = {John Wiley \& Sons, New Jersey},
    ISBN={978-1-119-26407-1},
    url={http://doi.org/10.1002/9781119514312}
}


@article{viterbi1967,
    author = "Viterbi, A. J.",
    year = "1967",
    title = "Error bounds for convolutional codes and an asymptotically optimum decoding algorithm.",
    journal = "IEEE transactions on Information Theory",
    volume = "13",
    pages = "260--269"
}


@article{walden2002,
    author={Walden, A.T. and Serroukh,A.},
    title={{Wavelet analysis of matrix-valued time series}},
    journal={Proceedings: Mathematical, Physical and engineering Sciences},
    year={2002},
    volume= {458},
    number={2017},
    pages={157-179},
}



@article{wang2016,
  title={Efficient dimension reduction for high-dimensional matrix-valued data},
  author={Wang, D. and Shen, H. and Truong, Y.},
  journal={Neurocomputing},
  volume = {190},
  pages={25--34},
  year={2016},
}


@article{wang2018,
  title={Factor Models for Matrix-Valued High-Dimensional Time Series},
  author={Wang, D. and Liu, X. and Chen, R.},
  journal=joe,
  volume = {208},
  pages={231--248},
  year={2018},
}

@article{watson1964,
    author = "Watson, G.S.",
    year = "1964",
    title = "Smooth regression analysis.",
    journal = "Sankhya: The Indian Journal of Statistics, Series A",
    volume = "26",
    pages = "359--372"
}


@article{watson1983,
    author = "Watson, M. W. and Engle, R. F.",
    year = "1983",
    title = "Alternative algorithms for the estimation of dynamic factor, mimic and varying coefficient regression models.",
    journal = "Journal of Econometrics",
    volume = "23",
    pages = "385-400"
}



@article{weisz1988,
	author="Weisz, J. R. and Suwanlert, S. and Chaiyasit, W. and Weiss, B. and Walter, B.R. and Anderson, W.W.",
	year="1988",
	title="Thai and American perspectives on over-and undercontrolled child behavior problems: exploring the threshold model among parents, teachers, and psychologists.",
	journal="Journal of Consulting and Clinical Psychology",
	volume="56",
	pages="601-609"
}

@article{werner2008,
  title={{On estimation of covariance matrices with Kronecker product structure}},
  author={Werner, K. and Jansson, M. and Stoica, P.},
  journal= ieeetosp,
  volume={56},
  number={2},
  pages={478--491},
  year={2008},
}


@article{withers1981,
    author = "Withers, CS",
    year = "1981",
    title = "Conditions for linear processes to be strong mixing.",
    journal = "Probability Theory and Related Fields",
    volume = "57",
    pages = "477--480"
}


@article{wu2005,
    author = "Wu, W.B.",
    year = "2005",
    title = "Nonlinear system theory: Another look at dependence.",
    journal = "Proceedings of the National Academy of Sciences of the United States of America",
    volume = "102",
    pages = "14150--14154"
}



@article{wu2007,
	author="Wu, S. and Chen, R.",
	year="2007",
	title="Threshold variable selection and threshold variable driven switching autoregressive models",
	journal="Statistica Sinica",
	volume="17",
	pages="241-264"
}

@article{xia1999a,
    author = "Xia, Y. and Li, W.K.",
    year = "1999a",
    title = "On the estimation and testing of functional-coefficient linear models.",
    journal = "Statistica Sinica",
    volume = "9",
    pages = "735--757"
}


@article{xia1999,
    author = "Xia, Y. and Li, W.K.",
    year = "1999",
    title = "On single-index coefficient regression models.",
    journal = "Journal of the American Statistical Association",
    volume = "94",
    pages = "1275--1285"
}


@article{xia2013,
    author = "Xia, Y. and Xu, W. and Zhu, L.",
    year = "2013",
    title = "Factor modelling of multivariate volatilities for nonstationary time series.",
    journal = "Manuscript",
    volume = "",
    pages = ""
}



@Article{yang2004,
  author =      {Yang, J. and Zhang, D. and Frangi, A. F. and Yang, J.},
  title =       {{Two-Dimensional PCA: A New Approach to
                  Appearance-Based Face Representation and
                  Recognition}},
  journal =     ieeetopami,
  year    =     {2004},
  volume  =     {26},
  number  =     {1},
  pages   =     {131-137},
}


@article{yang2006,
    author = "Yang, L. and Park, B. and Xue, L. and H{\"a}rdle, W.",
    year = "2006",
    title = "Estimation and testing for varying coefficients in additive models with marginal integration.",
    journal = "Journal of the American Statistical Association",
    volume = "101",
    pages = "1212--1227"
}


@article{ye2005generalized,
    title={{Generalized Low Rank Approximations of Matrices}},
    volume={61},
    number={1-3},
    journal={Machine Learning},
    author={Ye, J.},
    year={2005},
    pages={167--191}
}

@article{yin2012,
    title = "Model selection and estimation in the matrix normal graphical model ",
    journal = jmva,
    volume = "107",
    number = "0",
    pages = "119 - 140",
    year = "2012",
    author = "J. Zhao and H. Li",
}



@Article{zhang20052d,
  author =      {Zhang, D. and Zhou, Z.},
  title =       {{(2D)$^2$PCA: Two-directional two-dimensional PCA for
                  efficient face representation and recognition}},
  journal =     {Neurocomputing},
  year    =     {2005},
  volume  =     {69},
  number  =     {1-3},
  pages   =     {224--231},
}

@article{zhao2014,
  title = {{Structured lasso for regression with matrix covariates}},
  author = {Zhao, J. and Leng, C.},
  journal = statsinica,
  volume = {24},
  pages = {799--814},
  year = {2014},
}



@article{zhou1998,
    author = "Zhou, S. and Shen, X. and Wolfe, D.A.",
    year = "1998",
    title = "Local asymptotics for regression splines and confidence regions.",
    journal = "The Annals of Statistics",
    volume = "26",
    pages = "1760--1782"
}


@article{zhou2014b,
    author = {Zhou, H. and Li, L.},
    title = {Regularized matrix regression},
    journal = jrssb,
    volume = {76},
    number = {2},
    pages = {463--483},
    year = {2014},
}

@article{zhou2014a,
  title={Gemini: Graph estimation with matrix variate normal instances},
  author={Zhou, S.},
  journal= aos,
  volume={42},
  number={2},
  pages={532--562},
  year={2014},
}

@article{zakoian1994,
	author="Zakoian, J.",
	year="1994",
	title="Threshold heteroskedastic models.",
	journal="Journal of Economic Dynamics and control",
	volume="18",
	pages="931-955"
}





@Manual{R,
  title = {R: A Language and Environment for Statistical Computing},
  author = {{R Core Team}},
  organization = {R Foundation for Statistical Computing},
  address = {Vienna, Austria},
  year = {2016},
  note = {{ISBN} 3-900051-07-0},
  url = {https://www.R-project.org/},
}

@article{ihaka:1996,
  Author = {Ihaka, Ross and Gentleman, Robert},
	Journal = {Journal of Computational and Graphical Statistics},
	Number = 3,
	Pages = {299--314},
	Title = {R: A Language for Data Analysis and Graphics},
	Volume = 5,
	Year = 1996,
        url = {https://doi.org/10.1080/10618600.1996.10474713}
}
