@Book{russell_ai_2012,
  address = {Boston},
  edition = {3rd},
  title = {Artificial Intelligence: A Modern Approach},
  isbn = {978-0-13-207148-2},
  publisher = {Pearson},
  author = {Stuart J. Russell and Peter Norvig},
  year = {2010},
}

@Manual{tikzdevice,
  title = {tikzDevice: R Graphics Output in LaTeX Format},
  author = {Charlie Sharpsteen and Cameron Bracken and Kirill Müller and Yihui Xie},
  year = {2016},
  note = {R package version 0.10-1},
  url = {https://CRAN.R-project.org/package=tikzDevice},
}

@Book{hadley,
  author = {Hadley Wickham},
  title = {ggplot2: Elegant Graphics for Data Analysis},
  publisher = {Springer-Verlag},
  year = {2009},
  isbn = {978-0-387-98140-6},
  url = {http://ggplot2.org},
}

@Book{vapnik_statistical_1998,
  address = {New York},
  title = {Statistical Learning Theory},
  isbn = {978-0-471-03003-4},
  publisher = {John Wiley \& Sons},
  author = {Vladimir N. Vapnik},
  year = {1998},
}

@InProceedings{van_belle_survival_2008,
  title = {Survival {SVM} : a Practical Scalable Algorithm},
  author = {Vanya {Van Belle} and Kristiaan Pelckmans and Johan Suykens and Sabine {Van Huffel}},
  booktitle = {European Symposium on Artificial Neural Networks (ESANN)},
  year = {2008},
  pages = {89--94},
}

@Manual{survpack,
  title = {{survpack}: Methods for Fitting High-Dimensional Survival Models},
  author = {Ludger Evers},
  year = {2009},
  note = {R package version 0.1-4},
  url = {http://www.stats.gla.ac.uk/~levers/software.html},
}

@InProceedings{khan_support_2008,
  title = {Support Vector Regression for Censored Data ({SVRc}): A Novel Tool for Survival Analysis},
  url = {https://dx.doi.org/10.1109/ICDM.2008.50},
  booktitle = {Eighth IEEE International Conference on Data Mining (ICDM08)},
  author = {F. M. Khan and V. B. Zubek},
  year = {2008},
  pages = {863--868},
}

@InProceedings{polsterl2015,
  author = {Sebastian Pölsterl and Nassir Navab and Amin Katouzian},
  editor = {Annalisa Appice and Pedro Pereira Rodrigues and V\'itor {Santos Costa} and João Gama and Al\'ipio Jorge and Carlos Soares},
  title = {Fast Training of Support Vector Machines for Survival Analysis},
  booktitle = {Machine Learning and Knowledge Discovery in Databases, ECML PKDD 2015},
  year = {2015},
  publisher = {Springer-Verlag},
  pages = {243--259},
  url = {https://dx.doi.org/10.1007/978-3-319-23525-7_15},
}

@Manual{survival-package,
  title = {A Package for Survival Analysis in S},
  author = {Terry M Therneau},
  year = {2015},
  note = {version 2.38},
  url = {https://CRAN.R-project.org/package=survival},
}

@Manual{mboostmanuel,
  title = {{mboost}: Model-Based Boosting},
  author = {Torsten Hothorn and Peter Buehlmann and Thomas Kneib and Matthias Schmid and Benjamin Hofner},
  year = {2016},
  note = {{R} package version 2.6-0},
  url = {http://CRAN.R-project.org/package=mboost},
}

@Article{ridgewaystate1999,
  title = {The State of Boosting},
  author = {Greg Ridgeway},
  journal = {Computing Science and Statistics},
  volume = {31},
  pages = {172--181},
  year = {1999},
}

@Article{horncomparative2016,
  title = {A Comparative Study on Large Scale Kernelized Support Vector Machines},
  url = {https://dx.doi.org/10.1007/s11634-016-0265-7},
  journal = {Advances in Data Analysis and Classification},
  author = {Daniel Horn and Aydın Demircioğlu and Bernd Bischl and Tobias Glasmachers and Claus Weihs},
  year = {2016},
  pages = {1--17},
}

@Article{eitrich,
  author = {Tatjana Eitrich and Bruno Lang},
  title = {Efficient Optimization of Support Vector Machine Learning Parameters for Unbalanced Datasets},
  journal = {Journal of Computational and Applied Mathematics},
  volume = {196},
  number = {2},
  year = {2006},
  pages = {425--436},
  url = {http://dx.doi.org/10.1016/j.cam.2005.09.009},
}

@TechReport{plattsequential,
  author = {John Platt},
  title = {Sequential Minimal Optimization: A Fast Algorithm for Training Support Vector Machines},
  year = {1998},
  url = {https://www.microsoft.com/en-us/research/publication/sequential-minimal-optimization-a-fast-algorithm-for-training-support-vector-machines},
  institution = {Microsoft Research},
  note = {Date of access: April 4, 2017},
}

@Manual{mlr,
  title = {Mlr: Machine Learning in R},
  author = {Bernd Bischl and Michel Lang and Lars Kotthoff and Julia Schiffner and Jakob Richter and Zachary Jones and Giuseppe Casalicchio},
  year = {2016},
  note = {R package version 2.9},
  url = {https://CRAN.R-project.org/package=mlr},
}

@Article{mlrpaper,
  author = {Bernd Bischl and Michel Lang and Lars Kotthoff and Julia Schiffner and Jakob Richter and Erich Studerus and Giuseppe Casalicchio and Zachary M. Jones},
  title = {mlr: Machine Learning in {R}},
  journal = {Journal of Machine Learning Research},
  year = {2016},
  volume = {17},
  number = {170},
  pages = {1-5},
  url = {http://jmlr.org/papers/v17/15-066.html},
}

@Manual{Ishwaranman2007,
  title = {Random Forests for Survival, Regression and Classification (RF-SRC)},
  author = {H. Ishwaran and U. B. Kogalur},
  year = {2016},
  note = {R package version 2.3.0},
  url = {https://cran.r-project.org/package=randomForestSRC},
}

@Article{ishwaranrandom2008,
  title = {Random Survival Forests},
  volume = {2},
  url = {https://dx.doi.org/10.1214/08-AOAS169},
  number = {3},
  journal = {The Annals of Applied Statistics},
  author = {Hemant Ishwaran and Udaya B. Kogalur and Eugene H. Blackstone and Michael S. Lauer},
  year = {2008},
  pages = {841--860},
}

@Manual{Matrix,
  title = {Matrix: Sparse and Dense Matrix Classes and Methods},
  author = {Douglas Bates and Martin Maechler},
  year = {2016},
  note = {R package version 1.2-6},
  url = {https://CRAN.R-project.org/package=Matrix},
}

@InCollection{goldfarbdual1982,
  series = {Lecture Notes in Mathematics},
  title = {Dual and Primal-Dual Methods for Solving Strictly Convex Quadratic Programs},
  number = {909},
  booktitle = {Numerical {Analysis}},
  publisher = {Springer-Verlag},
  author = {D. Goldfarb and A. Idnani},
  editor = {J. P. Hennart},
  year = {1982},
  pages = {226--239},
  url = {https://dx.doi.org/10.1007/BFb0092976},
}

@Manual{quadprog,
  title = {Quadprog: Functions to Solve Quadratic Programming Problems.},
  author = {Turlach {Berwin A.}},
  year = {2013},
  note = {R package version 1.5-5},
  url = {https://CRAN.R-project.org/package=quadprog},
}

@Manual{pracma,
  title = {Pracma: Practical Numerical Math Functions},
  author = {Hans Werner Borchers},
  year = {2016},
  note = {R package version 1.9.3},
  url = {https://CRAN.R-project.org/package=pracma},
}

@Article{loprinziprospective1994,
  title = {Prospective Evaluation of Prognostic Variables from Patient-Completed Questionnaires. {North} {Central} {Cancer} {Treatment} {Group}},
  volume = {12},
  number = {3},
  journal = {Journal of Clinical Oncology: Official Journal of the American Society of Clinical Oncology},
  author = {C. L. Loprinzi and J. A. Laurie and H. S. Wieand and J. E. Krook and P. J. Novotny and J. W. Kugler and J. Bartel and M. Law and M. Bateman and N. E. Klatt},
  year = {1994},
  pages = {601--607},
  url = {https://dx.doi.org/10.1200/JCO.1994.12.3.601},
}

@Article{Schumacher,
  title = {Randomized $2\times2$ Trial Evaluating Hormonal Treatment and the Duration of Chemotherapy in Node-Positive Breast Cancer Patients},
  volume = {12},
  number = {10},
  journal = {Journal of Clinical Oncology},
  author = {M. Schumacher and Basert G. and H. Bojar and K. Huebner and M. Olschewski and W. Sauerbrei and C. Schmoor and C. Beyerle and R. L. A Neumann and H. F. Rauschecker},
  year = {1994},
  pages = {2086 -- 2093},
  url = {https://dx.doi.org/10.1200/JCO.1994.12.10.2086},
}

@InCollection{emersonleukemia,
  booktitle = {Case Studies in Biometry},
  title = {Interpretation of a Leukemia Trial Stopped Early},
  chapter = {14},
  publisher = {John Wiley \& Sons},
  author = {SS. Ermerson and PLC. Banks},
  editor = {Nicholas Lange},
  pages = {275 -- 99},
  year = {1994},
}

@Article{kernlab,
  title = {Kernlab -- An {S4} Package for Kernel Methods in {R}},
  author = {Alexandros Karatzoglou and Alex Smola and Kurt Hornik and Achim Zeileis},
  journal = {Journal of Statistical Software},
  year = {2004},
  volume = {11},
  number = {9},
  pages = {1--20},
  url = {https://dx.doi.org/10.18637/jss.v011.i09},
}

@Article{harrell_regression_1984,
  title = {Regression Modelling Strategies for Improved Prognostic Prediction},
  volume = {3},
  url = {https://dx.doi.org/10.1002/sim.4780030207},
  number = {2},
  journal = {Statistics in Medicine},
  author = {Frank E. Harrell and Kerry L. Lee and Robert M. Califf and David B. Pryor and Robert A. Rosati},
  year = {1984},
  pages = {143--152},
}

@InProceedings{van2007support,
  title = {Support Vector Machines for Survival Analysis},
  author = {Vanya {Van Belle} and Kristiaan Pelckmans and JAK Suykens and Sabine {Van Huffel}},
  booktitle = {Proceedings of the Third International Conference on Computational Intelligence in Medicine and Healthcare (CIMED2007)},
  pages = {1--8},
  year = {2007},
}

@TechReport{hsu_practical_2010,
  author = {Chih-Wei Hsu and Chih-Chung Chang and Chih-Jen Lin},
  institution = {Department of Computer Science, National Taiwan University},
  title = {A Practical Guide to Support Vector Classification},
  url = {http://www.csie.ntu.edu.tw/~cjlin/papers.html},
  year = {2003},
  note = {Date of access: April 4, 2017},
}

@Article{cervantes_support_2008,
  title = {Support Vector Machine Classification for Large Data Sets via Minimum Enclosing Ball Clustering},
  volume = {71},
  url = {https://dx.doi.org/10.1016/j.neucom.2007.07.028},
  number = {4–6},
  journal = {Neurocomputing},
  author = {Jair Cervantes and Xiaoou Li and Wen Yu and Kang Li},
  year = {2008},
  pages = {611--619},
}

@InProceedings{shivaswamy_support_2007,
  title = {A Support Vector Approach to Censored Targets},
  url = {https://dx.doi.org/10.1109/ICDM.2007.93},
  booktitle = {Seventh {IEEE} {International} {Conference} on {Data} {Mining} ({ICDM} 2007)},
  author = {P. K. Shivaswamy and W. Chu and M. Jansche},
  year = {2007},
  pages = {655--660},
}

@InProceedings{daemen_development_2009,
  title = {Development of a Kernel Function for Clinical Data},
  author = {Anneleen Daemen and Bart {De Moor}},
  booktitle = {2009 Annual International Conference of the IEEE Engineering in Medicine and Biology Society},
  pages = {5913--5917},
  year = {2009},
}

@Book{bishop_pattern_2007,
  edition = {2nd},
  title = {Pattern Recognition and Machine Learning},
  isbn = {978-0-387-31073-2},
  publisher = {Springer-Verlag},
  author = {Christopher Bishop},
  year = {2007},
}

@Article{cox_regression_1972,
  title = {Regression Models and Life-Tables},
  volume = {34},
  url = {https://dx.doi.org/10.1007/978-1-4612-4380-9_37},
  number = {2},
  journal = {Journal of the Royal Statistical Society. Series B (Methodological)},
  author = {D. R. Cox},
  year = {1972},
  pages = {187--220},
}

@Article{evers_sparse_2008,
  title = {Sparse Kernel Methods for High-Dimensional Survival Data},
  volume = {24},
  url = {https://dx.doi.org/10.1093/bioinformatics/btn253},
  number = {14},
  journal = {Bioinformatics},
  author = {Ludger Evers and Claudia-Martina Messow},
  year = {2008},
  pages = {1632--1638},
}

@Book{lee_statistical_2003,
  title = {Statistical Methods for Survival Data Analysis},
  isbn = {978-0-471-45854-8},
  publisher = {John Wiley \& Sons},
  author = {Elisa T. Lee and John Wenyu Wang},
  year = {2003},
}

@InProceedings{herbrich_support_1999,
  title = {Support Vector Learning for Ordinal Regression},
  url = {https://dx.doi.org/10.1049/cp:19991091},
  booktitle = {9th International Conference on Artificial Neural Networks (ICANN99)},
  author = {R. Herbrich and T. Graepel and K. Obermayer},
  year = {1999},
  pages = {97--102},
}

@Article{van_belle_support_2011,
  title = {Support Vector Methods for Survival Analysis: a Comparison between Ranking and Regression Approaches},
  volume = {53},
  url = {https://dx.doi.org/10.1016/j.artmed.2011.06.006},
  number = {2},
  journal = {Artificial Intelligence in Medicine},
  author = {Vanya {Van Belle} and Kristiaan Pelckmans and Sabine {Van Huffel} and Johan A. K. Suykens},
  year = {2011},
  pages = {107--118},
}

@Book{vapnik_nature_1995,
  title = {The Nature of Statistical Learning Theory},
  isbn = {978-0-387-94559-0},
  publisher = {Springer-Verlag},
  author = {Vladimir N. Vapnik},
  year = {1995},
}

@Book{kalbfleisch_statistical_2002,
  edition = {2nd},
  title = {The Statistical Analysis of Failure Time Data},
  isbn = {978-0-471-36357-6},
  publisher = {John Wiley \& Sons},
  author = {John D. Kalbfleisch and Ross L. Prentice},
  year = {2002},
}

@Book{kleinbaum2012survival,
  title = {Survival Analysis, a Self-Learning Text},
  author = {David G Kleinbaum and Mitchel Klein},
  edition = {3rd},
  year = {2012},
  publisher = {Springer-Verlag},
  isbn = {978-1-4419-6646-9},
}

@Manual{survlab,
  title = {Survlab: A Survival Analysis Toolbox},
  author = {Liu Yang and Kristiaan Pelckmans},
  year = {2014},
  note = {version 2.0},
  url = {http://user.it.uu.se/~kripe367/survlab/index.html},
}

@Misc{Machine_learning_2012,
  author = {Andreas Rhode},
  title = {Learning {Kernels} {SVM}},
  url = {https://quantsignals.wordpress.com/2012/09/25/kernel-learning-svm},
  urldate = {2018-01-03},
  year = {2012},
  note = {Accessed on Jan 03, 2018},
}
