@Manual{pandoc,
    title = {Pandoc: A universal document converter},
    author = {J. MacFarlane},
    year = {2022},
    note = {https://www.pandoc.org/}
}

@Manual{equatiomatic,
    title = {equatiomatic: Transform Models into 'LaTeX' Equations},
    author = {D. Anderson and A. Heiss and J. Sumners},
    year = {2023},
    note = {https://github.com/datalorax/equatiomatic,
https://datalorax.github.io/equatiomatic/},
}

@Manual{latex2r,
    title = {{latex2r}: Translate Latex Formulas to {R} Code},
    author = {T. Capretto},
    year = {2023},
    note = {R package version 0.2.0},
    url = {https://github.com/tomicapretto/latex2r},
}

@Manual{ssu,
  title = {Single Sided Unification rules},
  author = {{SWI-Prolog}},
  year = {2023},
  note = {Section 5.6 of the SWI-Prolog manual},
  url = {https://www.swi-prolog.org/pldoc/man?section=ssu},
}

@Manual{pracma,
  title = {{pracma}: Practical Numerical Math Functions},
  author = {H. W. Borchers},
  year = {2022},
  note = {R package version 2.4.2},
  url = {https://CRAN.R-project.org/package=pracma},
}

@article{swipl,
  author = {Wielemaker, J. and T. Schrijvers and M. Triska and T. Lager},
  title = {{SWI-Prolog}},
  journal = {Theory and Practice of Logic Programming},
  year = {2012},
  volume = {12},
  number = {1-2},
  pages = {67--96},
  ISSN = {1471-0684}
}

@misc{allaire2018,
  author = {Allaire, J.J. and Iannone, R. and Presmanes Hill, A. and Xie, Y.},
  title = {Distill for {R} Markdown},
  url = {https://rstudio.github.io/distill},
  year = {2018}
}

@Manual{breqn,
    title = {breqn: automatic line breaking of displayed equations},
    author = {W. Robertson and J. Wright and F. Mittelbach and U. Fischer},
    year = {2021},
    note = {LaTeX package version 0.98l},
    url = {https://www.ctan.org/pkg/breqn},
  }

@Manual{Viechtbauer2022,
    title = {{mathjaxr}: Using 'Mathjax' in Rd Files},
    author = {W. Viechtbauer},
    year = {2022},
    note = {R package version 1.6-0},
    url = {https://CRAN.R-project.org/package=mathjaxr},
  }

@Manual{Chang2022,
  title = {shiny: Web Application Framework for {R}},
  author = {W. Chang and J. Cheng and J. J. Allaire and C. Sievert and B. Schloerke and Y. Xie and J. Allen and J. McPherson and A. Dipert and B. Borges},
  year = {2022},
  note = {R package version 1.7.3},
  url = {https://CRAN.R-project.org/package=shiny},
}

@Manual{rolog,
  title = {{rolog}: Query {SWI}-{P}rolog from {R}},
  author = {M. Gondan},
  year = {2022},
  note = {R package version 0.9.8},
  url = {https://github.com/mgondan/rolog},
}

@Book{plotly,
  author = {C. Sievert},
  title = {{Interactive Web-Based Data Visualizatio}n with {R}, plotly, and shiny},
  publisher = {Chapman and Hall/CRC},
  year = {2020},
  isbn = {9781138331457},
  url = {https://plotly-r.com},
}

@Manual{crosstalk,
  title = {{crosstalk}: Inter-Widget Interactivity for HTML Widgets},
  author = {J. Cheng and C. Sievert},
  year = {2021},
  note = {R package version 1.1.1},
  url = {https://CRAN.R-project.org/package=crosstalk},
}

@article{RJ-2021-050,
  author = {E. Wang and D. Cook},
  title = {Conversations in time: interactive visualisation to explore
          structured temporal data},
  year = {2021},
  journal = {The R Journal},
  doi = {10.32614/RJ-2021-050},
  url = {https://journal.r-project.org/archive/2021/RJ-2021-050/index.html}
}

@article{green1977,
  author = {Green, T. R. G.},
  title = {Conditional program statements and their comprehensibility to professional programmers},
  journal = {Journal of Occupational Psychology},
  volume = {50},
  pages = {93-109},
  year = {1977}
}

@article{miller1986,
  title = {Timecourse of coactivation in bimodal divided attention},
  author = {J. Miller},
  year = {1986},
  journal = {Perception \& {P}sychophysics},
  volume = {40},
  pages = {331 - 343}
}

@article{murrell2000,
  author = {P. Murrell and R. Ihaka},
  title = {An approach to providing mathematical annotation in plots},
  year = {2000},
  journal = {Journal of Computational and Graphical Statistics},
  pages = {582-599},
  volume = {9},
  issue = {3}
}

@Manual{palmerpenguins,
  title = {{palmerpenguins}: Palmer Archipelago (Antarctica) penguin data},
  author = {Allison Marie Horst and Alison Presmanes Hill and Kristen B Gorman},
  year = {2020},
  note = {R package version 0.1.0},
  url = {https://allisonhorst.github.io/palmerpenguins/},
}

@Manual{R,
  title = {R: A Language and Environment for Statistical Computing},
  author = {{R Core Team}},
  organization = {R Foundation for Statistical Computing},
  address = {Vienna, Austria},
  year = {2022},
  url = {https://www.R-project.org/}
}

@article{ratcliff2008,
  title = {The Diffusion Decision Model: Theory and Data for Two-Choice Decision Task},
  author = {R. Ratcliff and G. McKoon},
  year = {2008},
  journal = {Neural Computation},
  volume = {20},
  issue = {4},
  pages = {873-922}
}

@article{ratcliff2016,
  title = {Diffusion Decision Model: Current Issues and History},
  author = {R. Ratcliff and P. L. Smith and S. D. Brown and G. McKoon},
  year = {2016},
  journal = {Trends in Cognitive Sciences},
  volume = {20},
  issue = {4},
  pages = {260-281}
}

@Manual{Sarkar2022,
  author = {D. Sarkar and K. Hornik},
  title = {Enhancements to {HTML} {D}ocumentation},
  URL = {https://blog.r-project.org/2022/04/08/enhancements-to-html-documentation/index.html},
  year = {2022}
}

@article{schwarz1994,
  author = {W. Schwarz},
  title = {Diffusion, superposition, and the redundant-targets effect},
  journal = {Journal of Mathematical Psychology},
  volume = {38},
  pages = {504-520},
  year = {1994}
}

@Book{Wickham2019,
  author = {Wickham, H.},
  title = {Advanced {R}},
  address = {Cambridge},
  publisher = {Chapman and Hall/CRC},
  year = {2019}
}

@Manual{knitr,
    title = {{knitr}: A General-Purpose Package for Dynamic Report Generation in {R}},
    author = {Y. Xie},
    year = {2023},
    note = {R package version 1.43},
    url = {https://yihui.org/knitr/},
  }

@Book{Xie2018,
    title = {{R} Markdown: The Definitive Guide},
    author = {Y. Xie and J.J. Allaire and G. Grolemund},
    publisher = {Chapman and Hall/CRC},
    address = {Boca Raton, Florida},
    year = {2018},
    isbn = {9781138359338},
    url = {https://bookdown.org/yihui/rmarkdown},
  }

@Manual{rmarkdown,
    title = {rmarkdown: Dynamic Documents for {R}},
    author = {J.J. Allaire and Y. Xie and C. Dervieux and J. McPherson and J. Luraschi and K. Ushey and A. Atkins and H. Wickham and J. Cheng and W. Chang and R. Iannone},
    year = {2023},
    note = {R package version 2.22},
    url = {https://github.com/rstudio/rmarkdown},
  }

@Book{Xie2020,
  author = {Xie, Y. and Dervieux, C. and Riederer, E.},
  title = {R Markdown Cookbook},
  address = {Cambridge},
  publisher = {Chapman and Hall/CRC},
  year = {2020}
}

@Manual{rswipl,
    title = {{rswipl}: Embed {SWI}-{P}rolog},
    author = {M. Gondan},
    year = {2023},
    note = {R package version 9.1.9},
    url = {https://CRAN.R-project.org/package=rswipl},
  }


@article{miller,
  title = {Timecourse of coactivation in bimodal divided attention},
  author = {Miller, J. O.},
  year = {1986},
  journal = {Perception & Psychophysics},
  volume = {40},
  pages = {331-343}
}
