%% This BibTeX bibliography file was created using BibDesk.
%% http://bibdesk.sourceforge.net/

%% Created for Mustafa ÇAVUŞ at 2020-11-11 09:45:16 +0300 


%% Saved with string encoding Unicode (UTF-8) 



@article{erps:2019,
	Author = {Erps, R. C. and Noguchi, K.},
	Date-Added = {2020-11-11 09:41:31 +0300},
	Date-Modified = {2020-11-11 09:43:23 +0300},
	Journal = {Journal of Educational and Behavioral Statistics},
	Number = {4},
	Pages = {403-425},
	Title = {A robust test for checking the homogeneity of variability measures and its application to the analysis of implicit attitudes},
	Volume = {45},
	Year = {2019}}

@article{noguchi:2010,
	Author = {Noguchi, K. and Gel, Y. R.},
	Date-Added = {2020-11-11 09:40:28 +0300},
	Date-Modified = {2020-11-11 09:41:21 +0300},
	Journal = {Journal of Nonparametric Statistics},
	Number = {7},
	Pages = {897-913},
	Title = {Combination of Levene-type tests and a finite-intersection method for testing equality of variances against ordered alternatives},
	Volume = {22},
	Year = {2010}}

@article{ma:2009,
	Author = {Ma, C. X. and Tian, L.},
	Date-Added = {2020-11-10 14:12:25 +0300},
	Date-Modified = {2020-11-10 14:13:12 +0300},
	Journal = {Communications in Statistics-Simulation and Computation},
	Pages = {1153-1160},
	Title = {A parametric bootstrap approach for testing equality of inverse Gaussian means under heterogeneity},
	Volume = {38},
	Year = {2009}}

@article{tian:2007,
	Author = {Tian, L. and Wu, J.},
	Date-Added = {2020-11-10 14:09:27 +0300},
	Date-Modified = {2020-11-10 14:10:22 +0300},
	Journal = {Biometrical Journal},
	Pages = {944:951},
	Title = {Inferences on the common mean of several log-normal populations: the generalized variable approach},
	Volume = {49},
	Year = {2007}}

@article{tian:2006,
	Author = {Tian, L.},
	Date-Added = {2020-11-10 14:07:51 +0300},
	Date-Modified = {2020-11-10 14:09:21 +0300},
	Journal = {Computational Statistics Data Analysis},
	Pages = {1156:1162},
	Title = {Testing equality of inverse Gaussian means under heterogeneity based on generalized test variable},
	Volume = {51},
	Year = {2006}}

@manual{rstatix:2020,
	Author = {Alboukadel Kassambara},
	Date-Added = {2020-11-10 12:00:00 +0300},
	Date-Modified = {2020-11-10 12:00:47 +0300},
	Note = {R package version 0.6.0},
	Title = {rstatix: Pipe-Friendly Framework for Basic Statistical Tests},
	Url = {https://CRAN.R-project.org/package=rstatix},
	Year = {2020},
	Bdsk-Url-1 = {https://CRAN.R-project.org/package=psych}}

@manual{lawstat:2020,
	Author = {Joseph L. Gastwirth and Yulia R. Gel and W. L. Wallace Hui and Vyacheslav Lyubchich and Weiwen Miao and Kimihiro Noguchi},
	Date-Added = {2020-11-10 11:58:36 +0300},
	Date-Modified = {2020-11-10 11:59:53 +0300},
	Note = {R package version 3.4},
	Title = {lawstat: Tools for Biostatistics, Public Policy, and Law},
	Url = {https://CRAN.R-project.org/package=lawstat},
	Year = {2020},
	Bdsk-Url-1 = {https://CRAN.R-project.org/package=psych}}

@manual{psych:2019,
	Address = {Evanston, Illinois},
	Author = {William Revelle},
	Date-Added = {2020-11-10 11:57:36 +0300},
	Date-Modified = {2020-11-10 11:57:36 +0300},
	Note = {R package version 1.8.4},
	Organization = {Northwestern University},
	Title = {psych: Procedures for Psychological, Psychometric, and Personality Research},
	Url = {https://CRAN.R-project.org/package=psych},
	Year = {2018},
	Bdsk-Url-1 = {https://CRAN.R-project.org/package=psych}}

@book{car,
	Author = {Fox, J. and Weisberg, S.},
	Date-Added = {2020-11-10 11:48:59 +0300},
	Date-Modified = {2020-11-10 11:49:53 +0300},
	Edition = {Third edition},
	Publisher = {Sage, Thousand Oaks CA.},
	Title = {An R companion to applied regression},
	Year = {2019}}

@article{blanca:2013,
	Author = {Blanca, M.J. and Arnau, J. and Lopez-Montiel, D. and Bono, R. and Bendayan, R.},
	Date-Added = {2020-11-10 11:44:51 +0300},
	Date-Modified = {2020-11-10 11:46:20 +0300},
	Journal = {Methodology},
	Pages = {78-84},
	Title = {Skewness and kurtosis in real data samples},
	Volume = {9},
	Year = {2013}}

@article{bono:2017,
	Author = {Bono, R. and Blanca, M.J. and Arnau, J. and Gomez-Benito, J},
	Date-Added = {2020-11-10 11:40:15 +0300},
	Date-Modified = {2020-11-10 11:42:14 +0300},
	Journal = {Frontiers in Psychology},
	Title = {Non-normal Distributions Commonly Used in Health, Education, and Social Sciences: A Systematic Review},
	Volume = {8},
	Year = {2017}}

@manual{inferr:2018,
	Author = {Aravind Hebbali},
	Date-Modified = {2020-11-10 11:58:31 +0300},
	Note = {R package version 0.3.0},
	Title = {inferr: Inferential Statistics},
	Url = {https://CRAN.R-project.org/package=inferr},
	Year = {2018},
	Bdsk-Url-1 = {https://CRAN.R-project.org/package=psych}}

@anual{doex:2019,
	Author = {Mustafa CAVUS and Berna YAZICI},
	Note = {R package version 1.1},
	Title = {doex: The One-Way Heteroscedastic ANOVA Tests},
	Url = {https://CRAN.R-project.org/package=doex},
	Year = {2019},
	Bdsk-Url-1 = {https://CRAN.R-project.org/package=doex}}

@article{lee:2003,
	Author = {Lee, S. and Ahn, C. H.},
	Journal = {Communication in Statistics-Simulation and Computation},
	Number = {4},
	Pages = {987-1004},
	Title = {Modified ANOVA for unequal variances},
	Volume = {32},
	Year = {2003}}

@article{bradley:1978,
	Author = {J. V. Bradley},
	Journal = {British Journal of Mathematical and Statistical Psychology},
	Pages = {144-152},
	Title = {Robustness},
	Volume = {31},
	Year = {1978}}

@article{cavus:2018,
	Author = {M. Cavus and B. Yazici and A. Sezer},
	Journal = {International Journal of Economic and Administrative Studies},
	Pages = {541-551},
	Title = {Analysing regional export data by the modified generalized F-test},
	Url = {https://dergipark.org.tr/download/article-file/408447},
	Year = {2018},
	Bdsk-Url-1 = {https://dergipark.org.tr/download/article-file/408447}}

@article{cavus:2017,
	Author = {M. Cavus and B. Yazici and A. Sezer},
	Journal = {Hacettepe Journal of Mathematics and Statistics},
	Number = {3},
	Pages = {493-510},
	Title = {Modified tests for comparison of group means under heteroskedasticity and non-normality caused by outliers},
	Url = {http://www.hjms.hacettepe.edu.tr/uploads/f0746d40-4b55-41fb-9917-12f8f2f0a2e4.pdf},
	Volume = {46},
	Year = {2017},
	Bdsk-Url-1 = {http://www.hjms.hacettepe.edu.tr/uploads/f0746d40-4b55-41fb-9917-12f8f2f0a2e4.pdf}}

@article{mutlu:2017,
	Author = {H. T. Mutlu and F. Gokpinar and E. Gokpinar and H. H. Gul and G. Guven},
	Journal = {Communications in Statistics - Theory and Methods},
	Number = {16},
	Pages = {8236-8256},
	Read = {1},
	Title = {A new computational approach test for one-way ANOVA under heteroscedasticity},
	Volume = {46},
	Year = {2017}}

@article{cavus:2019,
	Author = {Mustafa Cavus and Berna Yazici and Ahmet Sezer},
	Journal = {Communication in Statistics-Simulation and Computation},
	Title = {Penalized power approach to compare the power of the tests when Type I error probabilities are different},
	Url = {https://doi.org/10.1080/03610918.2019.1588310},
	Year = 2019,
	Bdsk-Url-1 = {https://www.jstor.org/stable/pdf/1267501.pdf}}

@article{krish:2007,
	Author = {Krishnamoorthy, K. and Lu, F. and Mathew, T.},
	Journal = {Computational Statistics and Data Analysis},
	Number = 12,
	Pages = {5731--5742},
	Title = {A parametric bootstrap approach for ANOVA with unequal variances: fixed and random models},
	Url = {https://www.sciencedirect.com/science/article/pii/S016794730600363X},
	Volume = 51,
	Year = 2007,
	Bdsk-Url-1 = {https://www.sciencedirect.com/science/article/pii/S016794730600363X}}

@article{asiribo:1990,
	Author = {Asiribo, O. and Gurland, J.},
	Journal = {Communications in Statistics-Theory and Methods},
	Number = 11,
	Pages = {4029--4048},
	Title = {Coping with variance heterogeneity},
	Url = {https://www.tandfonline.com/doi/abs/10.1080/03610929008830427},
	Volume = 19,
	Year = 1990,
	Bdsk-Url-1 = {https://www.tandfonline.com/doi/abs/10.1080/03610929008830427}}

@article{welch:1951,
	Author = {Welch, B. L.},
	Journal = {Biometrika},
	Number = 1,
	Pages = {330--336},
	Title = {On the comparison of several mean values},
	Url = {https://www.jstor.org/stable/2332631},
	Volume = 38,
	Year = 1951,
	Bdsk-Url-1 = {https://www.jstor.org/stable/2332631}}

@article{scott:1971,
	Author = {Scott, A. J. and Smith, T. M.},
	Journal = {Journal of the Royal Statistical Society},
	Number = 3,
	Pages = {276--285},
	Title = {Interval estimates for linear combinations of means},
	Url = {https://www.jstor.org/stable/2346757},
	Volume = 20,
	Year = 1971,
	Bdsk-Url-1 = {https://www.jstor.org/stable/2346757}}

@article{ozdemir:2006,
	Author = {Ozdemir, A. F. and Kurt, S.},
	Journal = {Selcuk Journal of Applied Mathematics},
	Number = 2,
	Pages = {81--90},
	Title = {One-way fixed effect analysis of variance under variance heterogeneity and a solution proposal},
	Url = {http://sjam.selcuk.edu.tr/sjam/article/view/174},
	Volume = 7,
	Year = 2006,
	Bdsk-Url-1 = {http://sjam.selcuk.edu.tr/sjam/article/view/174}}

@article{mehrotra:1997,
	Author = {Mehrotra, D. V.},
	Journal = {Communication in Statistics-Simulation and Computation},
	Number = 3,
	Pages = {1139--1145},
	Title = {Improving the Brown-Forsythe solution to the generalized Behrens-Fisher problem},
	Url = {https://www.tandfonline.com/doi/abs/10.1080/03610919708813431},
	Volume = 26,
	Year = 1997,
	Bdsk-Url-1 = {https://www.tandfonline.com/doi/abs/10.1080/03610919708813431}}

@article{li:2011,
	Author = {Li, X. and Wang, J. and Liang, H.},
	Journal = {Computational Statistics and Data Analysis},
	Number = 5,
	Pages = {1993--2002},
	Title = {Comparison of several means: a fiducial based approach},
	Url = {https://www.sciencedirect.com/science/article/pii/S0167947310004779},
	Volume = 55,
	Year = 2011,
	Bdsk-Url-1 = {https://www.sciencedirect.com/science/article/pii/S0167947310004779}}

@article{johansen:1980,
	Author = {Johansen, S.},
	Journal = {Biometrika},
	Number = 1,
	Pages = {58--92},
	Title = {The Welch-James approximation to the distribution of the residual sum of squares in a weighted linear regression},
	Url = {https://www.jstor.org/stable/2335320},
	Volume = 67,
	Year = 1980,
	Bdsk-Url-1 = {https://www.jstor.org/stable/2335320}}

@article{hartung:2002,
	Author = {Hartung, J. and Argac, D. and Makambi, K. H.},
	Journal = {Statistical Papers},
	Number = 2,
	Pages = {1139--1145},
	Title = {Small sample properties of tests on homogeneity in one-way ANOVA and meta-analysis},
	Url = {https://link.springer.com/article/10.1007/s00362-002-0097-8},
	Volume = 43,
	Year = 2002,
	Bdsk-Url-1 = {https://link.springer.com/article/10.1007/s00362-002-0097-8}}

@article{cochran:1937,
	Author = {Cochran, W. G.},
	Journal = {Technometrics},
	Number = 1,
	Pages = {290--302},
	Title = {Problems Arising in the Analysis of a Series of Similar Experiments},
	Url = {https://www.jstor.org/stable/pdf/2984123.pdf},
	Volume = 4,
	Year = 1937,
	Bdsk-Url-1 = {https://www.jstor.org/stable/pdf/2984123.pdf}}

@article{brown:1974,
	Author = {Brown, M. B. and Forsythe, A. B.},
	Journal = {Technometrics},
	Number = 1,
	Pages = {81--90},
	Title = {The small sample behavior of some statistics which test the equality of several means},
	Url = {https://www.jstor.org/stable/pdf/1267501.pdf},
	Volume = 16,
	Year = 1974,
	Bdsk-Url-1 = {https://www.jstor.org/stable/pdf/1267501.pdf}}

@article{box:1954,
	Author = {Box, G. E. P.},
	Journal = {Technometrics},
	Number = 2,
	Pages = {290--302},
	Title = {Some theorems on quadratic forms applied in the study of analysis of variance problems},
	Url = {https://www.jstor.org/stable/pdf/2236731.pdf},
	Volume = 25,
	Year = 1954,
	Bdsk-Url-1 = {https://www.jstor.org/stable/pdf/2236731.pdf}}

@article{berry:2002,
	Author = {Berry, K. J. and Mielke, P. W.},
	Journal = {Psychological Reports},
	Number = 2,
	Pages = {495--502},
	Title = {The Fisher-Pitman permutation test: an attractive alternative to the f test},
	Url = {https://www.ncbi.nlm.nih.gov/pubmed/12061589},
	Volume = 90,
	Year = 2002,
	Bdsk-Url-1 = {https://www.ncbi.nlm.nih.gov/pubmed/12061589}}

@article{weerahandi:1995,
	Author = {Weerahandi, S.},
	Journal = {Biometrics},
	Number = 2,
	Pages = {589--599},
	Title = {ANOVA under unequal error variances},
	Url = {http://www.jstor.org/stable/2532947},
	Volume = 51,
	Year = 1995,
	Bdsk-Url-1 = {http://www.jstor.org/stable/2532947}}

@article{aspin:1948,
	Author = {Aspin, A. A.},
	Journal = {Biometrika},
	Number = 1,
	Pages = {276--285},
	Title = {Interval estimates for linear combinations of means},
	Url = {https://www.jstor.org/stable/2332631},
	Volume = 35,
	Year = 1948,
	Bdsk-Url-1 = {https://www.jstor.org/stable/2332631}}

@article{alvandi:2012,
	Author = {Sadooghi-Alvandi, S. M. and Jafari, A. A. and Mardani-Fard, H. A.},
	Journal = {Communications in Statistics-Theory and Methods},
	Number = 22,
	Pages = {4200--4221},
	Title = {One-way ANOVA with unequal variances},
	Url = {https://www.tandfonline.com/doi/full/10.1080/03610926.2011.573160},
	Volume = 41,
	Year = 2012,
	Bdsk-Url-1 = {https://www.tandfonline.com/doi/full/10.1080/03610926.2011.573160}}

@article{alexander:1994,
	Author = {Alexander, R. A. and Govern, D. M.},
	Journal = {Journal of Educational Statistics},
	Number = 2,
	Pages = {91--101},
	Title = {A new and simplier approximation for ANOVA under variance heterogeneity},
	Url = {https://www.jstor.org/stable/1165140},
	Volume = 19,
	Year = 1994,
	Bdsk-Url-1 = {https://www.jstor.org/stable/1165140}}

@article{lloyd:2005,
	Author = {Lloyd, C. J.},
	Journal = {Journal of Statistical Computation and Simulation},
	Number = 11,
	Pages = {921--933},
	Title = {Estimating test power adjusted for size},
	Url = {https://www.tandfonline.com/doi/abs/10.1080/00949650412331321160},
	Volume = 75,
	Year = 2005,
	Bdsk-Url-1 = {https://www.tandfonline.com/doi/abs/10.1080/00949650412331321160}}

@article{zhang:1994,
	Author = {Zhang, J. and Boos, D. D.},
	Journal = {Communications in Statistics-Computation and Simulation},
	Number = 1,
	Pages = {165--173},
	Title = {Adjusted power estimates in Monte-Carlo experiments},
	Url = {https://www.tandfonline.com/doi/abs/10.1080/00949650412331321160},
	Volume = 23,
	Year = 1994,
	Bdsk-Url-1 = {https://www.tandfonline.com/doi/abs/10.1080/00949650412331321160}}

@article{argac:2004,
	Author = {Argac, D.},
	Journal = {Computational Statistics \& Data Analysis},
	Pages = {603--612},
	Title = {Testing for homogeneity in a general one-way classification with fixed effects: power simulations and comparative study},
	Url = {https://doi.org/10.1016/S0167-9473(02)00264-5},
	Volume = 44,
	Year = 2004,
	Bdsk-Url-1 = {https://doi.org/10.1016/S0167-9473(02)00264-5}}

@article{gamage:1998,
	Author = {Gamage, J. and Weerahandi, S.},
	Journal = {Communications in Statistics-Computation and Simulation},
	Number = 3,
	Pages = {165--173},
	Title = {Size performance of some tests in one-way ANOVA},
	Url = {http://dx.doi.org/10.1080/03610919808813500},
	Volume = 27,
	Year = 1998,
	Bdsk-Url-1 = {http://dx.doi.org/10.1080/03610919808813500}}

@article{gokpinar:2012,
	Author = {Gokpinar, E. and Gokpinar, F.},
	Journal = {Hacettepe Journal of Mathematics and Statistics},
	Number = 4,
	Pages = {605--613},
	Title = {A test based on the computational approach for equality of means under the unequal variance assumption},
	Url = {http://www.hjms.hacettepe.edu.tr/uploads/0871d39b-039b-45fb-9b31-483cdde56ef7.pdf},
	Volume = 41,
	Year = 2012,
	Bdsk-Url-1 = {http://www.hjms.hacettepe.edu.tr/uploads/0871d39b-039b-45fb-9b31-483cdde56ef7.pdf}}

@article{malekzadeh:2018,
	Author = {Malekzadeh, A. and Kharrati-Kopaei, M.},
	Journal = {Computational Statistics},
	Number = 3,
	Pages = {1367--1384},
	Title = {Inferences on the common mean of several normal populations under heteroscedasticity},
	Url = {https://doi.org/10.1007/s00180-017-0789-0},
	Volume = 33,
	Year = 2018,
	Bdsk-Url-1 = {https://doi.org/10.1007/s00180-017-0789-0}}

@article{dag:2018,
	Author = {Dag, O. and Dolgun, A. and Konar, N. M.},
	Journal = {R Journal},
	Number = 1,
	Pages = {175--199},
	Title = {onewaytests: an R package for one-way tests in independent groups designs},
	Url = {https://journal.r-project.org/archive/2018/RJ-2018-022/RJ-2018-022.pdf},
	Volume = 10,
	Year = 2018,
	Bdsk-Url-1 = {https://journal.r-project.org/archive/2018/RJ-2018-022/RJ-2018-022.pdf}}

@article{hothorn:2008,
	Author = {Hothorn, T. and Hornik, K. and van de Wiel, M. A. and Zeileis, A.},
	Journal = {Journal of Statistical Software},
	Number = 8,
	Pages = {1--23},
	Title = {lawstat: an R package for law, public policy and biostatistics},
	Url = {https://doi.org/10.18637/jss.v028.i08},
	Volume = 28,
	Year = 2008,
	Bdsk-Url-1 = {https://doi.org/10.18637/jss.v028.i08}}

@article{hui:2008,
	Author = {Hui, W. and Gel, Y. R. and Gastwirth, G. G.},
	Journal = {Journal of Statistical Software},
	Number = 3,
	Pages = {1--26},
	Title = {Implementing a class of permutation tests: The coin package},
	Url = {https://doi.org/10.18637/jss.v028.i03},
	Volume = 28,
	Year = 2008,
	Bdsk-Url-1 = {https://doi.org/10.18637/jss.v028.i03}}

@manual{aho:2019,
	Author = {Ken Aho},
	Note = {R package version 1.5-3},
	Title = {asbio: A Collection of Statistical Tools for Biologists},
	Url = {https://CRAN.R-project.org/package=asbio},
	Year = {2018},
	Bdsk-Url-1 = {https://CRAN.R-project.org/package=asbio}}

@article{villacorta:2017,
	Author = {Villacorta, P. J.},
	Journal = {The R Journal},
	Number = 2,
	Pages = {309--328},
	Title = {The welchADF package for robust hypothesis testing in unbalanced multivariate mixed models with heteroscedastic an non-normal data},
	Url = {https://journal.r-project.org/archive/2017/RJ-2017-049/RJ-2017-049.pdf},
	Volume = 9,
	Year = 2017,
	Bdsk-Url-1 = {https://journal.r-project.org/archive/2017/RJ-2017-049/RJ-2017-049.pdf}}

@manual{wilcox:2018,
	Author = {Patrick Mair and Rand Wilcox},
	Note = {0.10-0},
	Title = {{WRS2: Wilcox robust estimation and testing}},
	Year = {2018}}

@manual{R,
	Address = {Vienna, Austria},
	Author = {{R Core Team}},
	Note = {{ISBN} 3-900051-07-0},
	Organization = {R Foundation for Statistical Computing},
	Title = {R: A Language and Environment for Statistical Computing},
	Url = {https://www.R-project.org/},
	Year = {2016},
	Bdsk-Url-1 = {https://www.R-project.org/}}
