
@article{barnardMultipleImputation2015,
  title = {Multiple {{Imputation}}},
  author = {Barnard, John and Schenker, Nathaniel and Rubin, D.B.},
  year = {2015},
  month = mar,
  edition = {Second},
  pages = {88--93},
  publisher = {{Elsevier Ltd. A}},
  url = {https://doi.org/10.1016/B978-0-08-097086-8.42083-0},
  urldate = {2016-05-31},
  isbn = {978-0-08-097087-5},
  journal = {International Encyclopedia of the Social \& Behavioral Sciences}
}
% == BibTeX quality report for barnardMultipleImputation2015:
% ? Title looks like it was stored in title-case in Zotero

@techreport{bolksBaselineAssessmentLeftCensored2014,
  title = {Baseline {{Assessment}} of {{Left}}-{{Censored Environmental Data Using R}}},
  author = {Bolks, A. and DeWire, A. and Harcum, J.B.},
  year = {2014},
  month = jun,
  pages = {12--15},
  address = {{Fairfax, VA}},
  institution = {{Tetra Tech, Inc.}},
  url = {https://www.epa.gov/nps/nonpoint-source-monitoring-technotes},
  number = {1}
}
% == BibTeX quality report for bolksBaselineAssessmentLeftCensored2014:
% ? Title looks like it was stored in title-case in Zotero

@article{braunWhatCanEpidemiological2016,
  title = {What {{Can Epidemiological Studies Tell Us About}} the {{Impact}} of {{Chemical Mixtures}} on {{Human Health}}?},
  author = {Braun, Joseph M. and Gennings, Chris and Hauser, Russ and Webster, Thomas F.},
  year = {2016},
  month = jan,
  volume = {124},
  pages = {A6-A9},
  issn = {0091-6765},
  url = {https://doi.org/10.1289/ehp.1510569},
  urldate = {2016-01-25},
  journal = {Environmental Health Perspectives},
  number = {1}
}
% == BibTeX quality report for braunWhatCanEpidemiological2016:
% ? Title looks like it was stored in title-case in Zotero

@article{bushChapter11GenomeWide2012,
  title = {Chapter 11: {{Genome}}-{{Wide Association Studies}}},
  shorttitle = {{{GWAS}}},
  author = {Bush, William S. and Moore, Jason H.},
  editor = {Lewitter, Fran and Kann, Maricel},
  year = {2012},
  month = dec,
  volume = {8},
  pages = {e1002822},
  issn = {1553-7358},
  doi = {10.1371/journal.pcbi.1002822},
  journal = {PLOS Computational Biology},
  number = {12}
}
% == BibTeX quality report for bushChapter11GenomeWide2012:
% ? Title looks like it was stored in title-case in Zotero

@article{carricoCharacterizationWeightedQuantile2014,
  title = {Characterization of {{Weighted Quantile Sum Regression}} for {{Highly Correlated Data}} in a {{Risk Analysis Setting}}},
  author = {Carrico, Caroline and Gennings, Chris and Wheeler, David C. and {Factor-Litvak}, Pam},
  year = {2014},
  month = dec,
  volume = {20},
  pages = {100--120},
  issn = {1085-7117, 1537-2693},
  doi = {10.1007/s13253-014-0180-3},
  journal = {Journal of Agricultural, Biological, and Environmental Statistics},
  number = {1}
}
% == BibTeX quality report for carricoCharacterizationWeightedQuantile2014:
% ? Title looks like it was stored in title-case in Zotero

@techreport{centerfordiseasecontrolandprevention:nationalcenterforhealthstatisticsNationalHealthNutrition2018,
  title = {National {{Health}} and {{Nutrition Examination Survey}}},
  author = {{Center for Disease Control {and} Prevention: National Center for Health Statistics}},
  year = {2018},
  month = oct,
  institution = {{CDC}},
  url = {https://www.cdc.gov/nchs/nhanes/index.htm},
  annotation = {NHANES}
}
% == BibTeX quality report for centerfordiseasecontrolandprevention:nationalcenterforhealthstatisticsNationalHealthNutrition2018:
% ? Title looks like it was stored in title-case in Zotero

@article{czarnotaAnalysisEnvironmentalChemical2015,
  title = {Analysis of {{Environmental Chemical Mixtures}} and {{Non}}-{{Hodgkin Lymphoma Risk}} in the {{NCI}}-{{SEER NHL Study}}},
  author = {Czarnota, Jenna and Gennings, Chris and Colt, Joanne S. and De Roos, Anneclaire J. and Cerhan, James R. and Severson, Richard K. and Hartge, Patricia and Ward, Mary H. and Wheeler, David C.},
  year = {2015},
  month = oct,
  volume = {123},
  pages = {965--970},
  issn = {1552-9924},
  url = {https://doi.org/10.1289/ehp.1408630},
  journal = {Environmental Health Perspectives},
  number = {10}
}
% == BibTeX quality report for czarnotaAnalysisEnvironmentalChemical2015:
% ? Title looks like it was stored in title-case in Zotero

@article{czarnotaAssessmentWeightedQuantile2015,
  title = {Assessment of {{Weighted Quantile Sum Regression}} for {{Modeling Chemical Mixtures}} and {{Cancer Risk}}},
  author = {Czarnota, Jenna and Gennings, Chris and Wheeler, David C},
  year = {2015},
  month = may,
  volume = {14},
  pages = {159--171},
  issn = {1176-9351},
  url = {https://doi.org/10.4137/CIN.S17295},
  urldate = {2016-01-17},
  journal = {Cancer Informatics}
}
% == BibTeX quality report for czarnotaAssessmentWeightedQuantile2015:
% ? Title looks like it was stored in title-case in Zotero

@misc{czarnotaWqsWeightedQuantile2015,
  title = {\{wqs\}: {{Weighted Quantile Sum Regression}}},
  shorttitle = {Wqs},
  author = {Czarnota, Jenna and Wheeler, David},
  year = {2015},
  month = oct,
  url = {https://cran.r-project.org/web/packages/wqs/index.html},
  urldate = {2016-09-21},
  copyright = {GPL-2 | GPL-3 [expanded from: GPL ({$\geq$} 2)]}
}
% == BibTeX quality report for czarnotaWqsWeightedQuantile2015:
% ? Title looks like it was stored in title-case in Zotero

@article{deyssenrothIntrauterineMultiMetalExposure2018,
  title = {Intrauterine {{Multi}}-{{Metal Exposure Is Associated}} with {{Reduced Fetal Growth Through Modulation}} of the {{Placental Gene Network}}},
  author = {Deyssenroth, Maya A. and Gennings, Chris and Liu, Shelley H. and Peng, Shouneng and Hao, Ke and Lambertini, Luca and Jackson, Brian P. and Karagas, Margaret R. and Marsit, Carmen J. and Chen, Jia},
  year = {2018},
  month = nov,
  volume = {120},
  pages = {373--381},
  issn = {01604120},
  url = {https://doi.org/10.1016/j.envint.2018.08.010},
  urldate = {2020-05-13},
  journal = {Environment International}
}
% == BibTeX quality report for deyssenrothIntrauterineMultiMetalExposure2018:
% ? Title looks like it was stored in title-case in Zotero

@article{dongPrincipledMissingData2013,
  title = {Principled {{Missing Data Methods}} for {{Researchers}}},
  author = {Dong, Yiran and Peng, Chao-Ying Joanne},
  year = {2013},
  volume = {2},
  issn = {2193-1801},
  doi = {10.1186/2193-1801-2-222},
  journal = {SpringerPlus},
  number = {1}
}
% == BibTeX quality report for dongPrincipledMissingData2013:
% ? Title looks like it was stored in title-case in Zotero

@article{ferberModelingDiscreteSurvival2015,
  title = {Modeling {{Discrete Survival Time Using Genomic Feature Data}}},
  author = {Ferber, Kyle and Archer, Kellie J.},
  year = {2015},
  month = mar,
  volume = {14s2},
  pages = {37--43},
  issn = {1176-9351},
  url = {https://doi.org/10.4137/CIN.S17275},
  urldate = {2019-01-23},
  journal = {Cancer Informatics}
}
% == BibTeX quality report for ferberModelingDiscreteSurvival2015:
% ? Title looks like it was stored in title-case in Zotero

@incollection{forerMissingData2014,
  title = {Missing {{Data}}},
  booktitle = {Encyclopedia of {{Quality}} of {{Life}} and {{Well}}-{{Being Research}}},
  author = {Forer, Barry},
  editor = {Michalos, Alex C.},
  year = {2014},
  pages = {4078--4082},
  publisher = {{Springer Netherlands}},
  address = {{Dordrecht}},
  doi = {10.1007/978-94-007-0753-5_1821},
  isbn = {978-94-007-0752-8}
}
% == BibTeX quality report for forerMissingData2014:
% ? Title looks like it was stored in title-case in Zotero

@article{gelmanInferenceIterativeSimulation1992,
  title = {Inference from {{Iterative Simulation Using Multiple Sequences}}},
  author = {Gelman, Andrew and Rubin, Donald B.},
  year = {1992},
  month = nov,
  volume = {7},
  pages = {457--472},
  issn = {0883-4237},
  url = {https://doi.org/10.1214/ss/1177011136},
  urldate = {2018-05-16},
  journal = {Statistical Science},
  number = {4}
}
% == BibTeX quality report for gelmanInferenceIterativeSimulation1992:
% ? Title looks like it was stored in title-case in Zotero

@article{genningsCohortStudyEvaluation2013,
  title = {A {{Cohort Study Evaluation}} of {{Maternal PCB Exposure Related}} to {{Time}} to {{Pregnancy}} in {{Daughters}}},
  author = {Gennings, Chris and Carrico, Caroline and {Factor-Litvak}, Pam and Krigbaum, Nickilou and Cirillo, Piera M. and Cohn, Barbara A.},
  year = {2013},
  month = aug,
  volume = {12},
  pages = {66},
  issn = {1476-069X},
  url = {https://doi.org/10.1186/1476-069X-12-66},
  urldate = {2016-01-17},
  copyright = {2013 Gennings et al.; licensee BioMed Central Ltd.},
  journal = {Environmental Health},
  number = {1}
}
% == BibTeX quality report for genningsCohortStudyEvaluation2013:
% ? Title looks like it was stored in title-case in Zotero

@misc{ghalanosRsolnpGeneralNonLinear2015,
  title = {Rsolnp: {{General Non}}-{{Linear Optimization Using Augmented Lagrange Multiplier Method}}},
  author = {Ghalanos, Alexios and Theussl, Stefan},
  year = {2015},
  month = jul,
  url = {https://cran.r-project.org/web/packages/Rsolnp/index.html}
}
% == BibTeX quality report for ghalanosRsolnpGeneralNonLinear2015:
% ? Title looks like it was stored in title-case in Zotero

@article{hargartenAccountingUncertaintyDue2020,
  title = {Accounting for the {{Uncertainty Due}} to {{Chemicals Below}} the {{Detection Limit}} in {{Mixture Analysis}}},
  author = {Hargarten, Paul M. and Wheeler, David C.},
  year = {2020},
  month = jul,
  volume = {186},
  pages = {109466},
  issn = {00139351},
  url = {https://doi.org/10.1016/j.envres.2020.109466},
  urldate = {2020-04-27},
  journal = {Environmental Research}
}
% == BibTeX quality report for hargartenAccountingUncertaintyDue2020:
% ? Title looks like it was stored in title-case in Zotero


@misc{hargartenMiWQSMultipleImputation2021,
  title = {{{miWQS}}: {{Multiple Imputation Using Weighted Quantile Sum Regression}}},
  author = {Hargarten, Paul M. and Wheeler, David C.},
  year = {2021},
  url = {https://CRAN.R-project.org/package=miWQS}
}


@misc{harrellHmiscHarrellMiscellaneous2020,
  title = {Hmisc: {{Harrell Miscellaneous}}},
  author = {Harrell, Jr., Frank E.},
  year = {2020},
  url = {https://cran.r-project.org/web/packages/Hmisc/index.html},
  collaborator = {Dupont, Charles and {many others}}
}
% == BibTeX quality report for harrellHmiscHarrellMiscellaneous2020:
% ? Title looks like it was stored in title-case in Zotero

@book{helselStatisticsCensoredEnvironmental2012,
  title = {Statistics for {{Censored Environmental Data Using Minitab}} and {{R}}},
  author = {Helsel, Dennis R.},
  year = {2012},
  edition = {Second},
  publisher = {{John Wiley \& Sons}},
  address = {{Hoboken, NJ, USA}},
  isbn = {978-0-470-47988-9}
}
% == BibTeX quality report for helselStatisticsCensoredEnvironmental2012:
% ? Title looks like it was stored in title-case in Zotero

@misc{henryPurrrFunctionalProgramming2020a,
  title = {Purrr: {{Functional}} Programming Tools},
  author = {Henry, Lionel and Wickham, Hadley},
  year = {2020},
  url = {https://CRAN.R-project.org/package=purrr}
}

@article{hortonCOOccurringExposurePerchlorate2015,
  title = {{{CO}}-{{Occurring Exposure}} to {{Perchlorate}}, {{Nitrate}} and {{Thiocyanate Alters Thyroid Function}} in {{Healthy Pregnant Women}}},
  author = {Horton, Megan K. and Blount, Benjamin C. and {Valentin-Blasini}, Liza and Wapner, Ronald and Whyatt, Robin and Gennings, Chris and {Factor-Litvak}, Pam},
  year = {2015},
  month = nov,
  volume = {143},
  pages = {1--9},
  issn = {1096-0953},
  url = {https://doi.org/10.1016/j.envres.2015.09.013},
  journal = {Environmental Research},
  number = {Pt A}
}
% == BibTeX quality report for hortonCOOccurringExposurePerchlorate2015:
% ? Title looks like it was stored in title-case in Zotero

@article{JSSv045i02,
  ids = {gelmanMultipleImputationDiagnostics2011},
  title = {Multiple {{Imputation}} with {{Diagnostics}} (Mi) in {{R}}: {{Opening Windows}} into the {{Black Box}}},
  author = {Su, Yu-Sung and Gelman, Andrew and Hill, Jennifer and Yajima, Masanao},
  year = {2011},
  month = dec,
  volume = {45},
  pages = {1--31},
  issn = {1548-7660},
  doi = {10.18637/jss.v045.i02},
  journal = {Journal of Statistical Software},
  number = {2}
}

@misc{kahleInvgammaInverseGamma2017,
  title = {Invgamma: {{The Inverse Gamma Distribution}}},
  author = {Kahle, David and Stamey, James},
  year = {2017},
  month = may,
  url = {https://CRAN.R-project.org/package=invgamma}
}

@article{littleRegressionMissingReview1992,
  title = {Regression {{With Missing X}}'s: {{A Review}}},
  shorttitle = {Regression {{With Missing X}}'s},
  author = {Little, Roderick J. A.},
  year = {1992},
  volume = {87},
  pages = {1227--1237},
  issn = {0162-1459},
  doi = {10.2307/2290664},
  journal = {Journal of the American Statistical Association},
  number = {420}
}
% == BibTeX quality report for littleRegressionMissingReview1992:
% ? Title looks like it was stored in title-case in Zotero

@article{lubinEpidemiologicEvaluationMeasurement2004,
  title = {Epidemiologic {{Evaluation}} of {{Measurement Data}} in the {{Presence}} of {{Detection Limits}}},
  author = {Lubin, Jay H. and Colt, Joanne S. and Camann, David and Davis, Scott and Cerhan, James R. and Severson, Richard K. and Bernstein, Leslie and Hartge, Patricia},
  year = {2004},
  month = dec,
  volume = {112},
  pages = {1691--1696},
  issn = {0091-6765},
  url = {https://doi.org/10.1289/ehp.7199},
  urldate = {2016-03-09},
  journal = {Environmental Health Perspectives},
  number = {17}
}
% == BibTeX quality report for lubinEpidemiologicEvaluationMeasurement2004:
% ? Title looks like it was stored in title-case in Zotero

@article{marschnerGlm2FittingGeneralized2011,
  title = {Glm2: {{Fitting Generalized Linear Models}} with {{Convergence Problems}}},
  author = {Marschner, Ian C. and Donoghoe, Mark W.},
  year = {2011},
  month = dec,
  volume = {3},
  pages = {12--15},
  issn = {2073-4859},
  annotation = {verison 1.2},
  journal = {The R Journal},
  number = {2}
}

@misc{mersmannTruncnormTruncatedNormal2020,
  title = {Truncnorm: {{Truncated Normal Distribution}}},
  author = {Mersmann, Olaf and Trautmann, Heike and Steuer, Detlef and Bornkamp, Bj{\"o}rn},
  year = {2020},
  url = {https://github.com/olafmersmann/truncnorm}
}

@article{metayerExposureHerbicidesHouse2013,
  title = {Exposure to {{Herbicides}} in {{House Dust}} and {{Risk}} of {{Childhood Acute Lymphoblastic Leukemia}}},
  author = {Metayer, Catherine and Colt, Joanne S and Buffler, Patricia A and Reed, Helen D and Selvin, Steve and Crouse, Vonda and Ward, Mary H},
  year = {2013},
  month = jul,
  volume = {23},
  pages = {363--370},
  issn = {1559-0631, 1559-064X},
  url = {https://doi.org/10.1038/jes.2012.115},
  urldate = {2018-05-24},
  journal = {Journal of Exposure Science \& Environmental Epidemiology},
  number = {4}
}
% == BibTeX quality report for metayerExposureHerbicidesHouse2013:
% ? Title looks like it was stored in title-case in Zotero

@misc{novoNormAnalysisMultivariate2013,
  title = {Norm: {{Analysis}} of {{Multivariate Normal Datasets}} with {{Missing Values}}},
  author = {Novo, Alvaro A. and Schafer, Joseph L.},
  year = {2013},
  url = {https://CRAN.R-project.org/package=norm}
}

@article{panFractionMissingInformation2016,
  title = {Fraction of {{Missing Information}} at {{Different Missing Data Fractions}} in the 2012 {{NAMCS Physician Workflow Mail Survey}}},
  author = {Pan, Qiyuan and Wei, Rong},
  year = {2016},
  volume = {07},
  pages = {1057--1067},
  issn = {2152-7385, 2152-7393},
  url = {https://doi.org/10.4236/am.2016.710093},
  urldate = {2018-05-16},
  journal = {Applied Mathematics},
  number = {10}
}
% == BibTeX quality report for panFractionMissingInformation2016:
% ? Title looks like it was stored in title-case in Zotero

@article{plummerCodaConvergenceDiagnosis2006,
  title = {Coda: {{Convergence Diagnosis}} and {{Output Analysis}} for {{MCMC}}},
  author = {Plummer, Martyn and Best, Nicky and Cowles, Kate and Vines, Karen},
  year = {2006},
  month = mar,
  volume = {6},
  pages = {7--11},
  journal = {R News},
  number = {1}
}

@misc{renRlistToolboxNonTabular2016,
  title = {Rlist: {{A Toolbox}} for {{Non}}-{{Tabular Data Manipulation}}},
  author = {Ren, Kun},
  year = {2016},
  url = {https://CRAN.R-project.org/package=rlist}
}

@misc{renzettiGWQSGeneralizedWeighted2020a,
  title = {{{gWQS}}: {{Generalized Weighted Quantile Sum Regression}}},
  author = {Renzetti, Stefano and Curtin, Paul and Just, Allan C. and Bello, Ghalib and Gennings, Chris},
  year = {2020},
  url = {https://CRAN.R-project.org/package=gWQS}
}

@book{rubinMultipleImputationNonresponse1987,
  title = {Multiple {{Imputation}} for {{Nonresponse}} in {{Surveys}}},
  author = {Rubin, Donald B.},
  year = {1987},
  publisher = {{John Wiley \& Sons}},
  address = {{New York, NY, USA}},
  annotation = {Available at VCU Cabell General Collections  Library.},
  isbn = {978-0-471-08705-2},
  lccn = {HA31.2 .R83 1987}
}
% == BibTeX quality report for rubinMultipleImputationNonresponse1987:
% ? Title looks like it was stored in title-case in Zotero

@article{savaleiObtainingEstimatesFraction2012,
  title = {On {{Obtaining Estimates}} of the {{Fraction}} of {{Missing Information}} from {{Full Information Maximum Likelihood}}},
  author = {Savalei, Victoria and Rhemtulla, Mijke},
  year = {2012},
  month = jul,
  volume = {19},
  pages = {477--494},
  issn = {1070-5511, 1532-8007},
  doi = {10.1080/10705511.2012.687669},
  journal = {Structural Equation Modeling: A Multidisciplinary Journal},
  number = {3}
}
% == BibTeX quality report for savaleiObtainingEstimatesFraction2012:
% ? Title looks like it was stored in title-case in Zotero

@misc{schloerkeGGallyExtensionGgplot22020,
  title = {{{GGally}}: {{Extension}} to 'Ggplot2'},
  author = {Schloerke, Barret and Crowley, Jason and Cook, Di and Briatte, Francois and Marbach, Moritz and Thoen, Edwin and Elberg, Amos and Larmarange, Joseph},
  year = {2020},
  url = {https://CRAN.R-project.org/package=GGally},
  annotation = {R package version 1.4.0}
}

@misc{therneauPackageSurvivalAnalysis2015,
  title = {A {{Package}} for {{Survival Analysis}} in {{S}}},
  author = {Therneau, Terry M. and Lumley, Thomas},
  year = {2015},
  url = {https://CRAN.R-project.org/package=survival}
}
% == BibTeX quality report for therneauPackageSurvivalAnalysis2015:
% ? Title looks like it was stored in title-case in Zotero

@article{vanbuurenMiceMultivariateImputation2011,
  ids = {buurenMiceMultivariateImputation2011},
  title = {Mice: {{Multivariate Imputation}} by {{Chained Equations}} in {{R}}},
  author = {{van Buuren}, Stef and {Groothuis-Oudshoorn}, Karin},
  year = {2011},
  volume = {45},
  pages = {1--67},
  issn = {1548-7660},
  url = {https://doi.org/10.18637/jss.v045.i03},
  urldate = {2018-06-25},
  journal = {Journal of Statistical Software},
  number = {3}
}

@article{wardResidentialExposurePolychlorinated2009,
  title = {Residential {{Exposure}} to {{Polychlorinated Biphenyls}} and {{Organochlorine Pesticides}} and {{Risk}} of {{Childhood Leukemia}}},
  author = {Ward, Mary H. and Colt, Joanne S. and Metayer, Catherine and Gunier, Robert B. and Lubin, Jay and Crouse, Vonda and Nishioka, Marcia G. and Reynolds, Peggy and Buffler, Patricia A.},
  year = {2009},
  month = jun,
  volume = {117},
  pages = {1007--1013},
  issn = {0091-6765},
  url = {https://doi.org/10.1289/ehp.0900583},
  urldate = {2016-01-25},
  journal = {Environmental Health Perspectives},
  number = {6}
}
% == BibTeX quality report for wardResidentialExposurePolychlorinated2009:
% ? Title looks like it was stored in title-case in Zotero

@article{wardResidentialLevelsPolybrominated2014,
  title = {Residential {{Levels}} of {{Polybrominated Diphenyl Ethers}} and {{Risk}} of {{Childhood Acute Lymphoblastic Leukemia}} in {{California}}},
  author = {Ward, Mary H. and Colt, Joanne S. and Deziel, Nicole Cardello and Whitehead, Todd Patrick and Reynolds, Peggy and Gunier, Robert B. and Nishioka, Marcia and Dahl, Gary V. and Rappaport, Stephen M. and Buffler, Patricia A. and Metayer, Catherine},
  year = {2014},
  month = jun,
  volume = {122},
  pages = {1110--1116},
  issn = {0091-6765},
  url = {https://doi.org/10.1289/ehp.1307602},
  urldate = {2018-05-24},
  journal = {Environmental Health Perspectives},
  number = {10}
}
% == BibTeX quality report for wardResidentialLevelsPolybrominated2014:
% ? Title looks like it was stored in title-case in Zotero

@article{wheelerBayesianDeprivationIndex2019,
  title = {Bayesian {{Deprivation Index Models}} for {{Explaining Variation}} in {{Elevated Blood Lead Levels}} among {{Children}} in {{Maryland}}},
  author = {Wheeler, David C. and Raman, Shyam and Jones, Resa M. and Schootman, Mario and Nelson, Erik J.},
  year = {2019},
  month = aug,
  volume = {30},
  pages = {100286},
  issn = {18775845},
  doi = {10.1016/j.sste.2019.100286},
  journal = {Spatial and Spatio-temporal Epidemiology}
}
% == BibTeX quality report for wheelerBayesianDeprivationIndex2019:
% ? Title looks like it was stored in title-case in Zotero

@article{wheelerEstimatingAreaLevelSocioeconomic2017,
  title = {Estimating an {{Area}}-{{Level Socioeconomic Status Index}} and {{Its Association}} with {{Colonoscopy Screening Adherence}}},
  author = {Wheeler, David C. and Czarnota, Jenna and Jones, Resa M.},
  year = {2017},
  volume = {12},
  pages = {e0179272},
  issn = {1932-6203},
  doi = {10.1371/journal.pone.0179272},
  journal = {PLOS One},
  number = {6},
  pmcid = {PMC5464664},
  pmid = {28594927}
}
% == BibTeX quality report for wheelerEstimatingAreaLevelSocioeconomic2017:
% ? Title looks like it was stored in title-case in Zotero

@article{wheelerExplainingVariationElevated2019,
  title = {Explaining {{Variation}} in {{Elevated Blood Lead Levels Among Children}} in {{Minnesota Using Neighborhood Socioeconomic Variables}}},
  author = {Wheeler, David C. and Jones, Resa M. and Schootman, Mario and Nelson, Erik J.},
  year = {2019},
  month = feb,
  volume = {650},
  pages = {970--977},
  issn = {00489697},
  doi = {10.1016/j.scitotenv.2018.09.088},
  journal = {Science of the Total Environment}
}
% == BibTeX quality report for wheelerExplainingVariationElevated2019:
% ? Title looks like it was stored in title-case in Zotero

@article{wheelerNeighborhoodDisadvantageTobacco2020,
  title = {Neighborhood {{Disadvantage}} and {{Tobacco Retail Outlet}} and {{Vape Shop Outlet Rates}}},
  author = {Wheeler, David C. and Do, Elizabeth K. and Hayes, Rashelle B. and {Fugate-Laus}, Kendall and {Westley L. Fallavollita} and Hughes, Colleen and {Bernard F. Fuemmeler}},
  year = {2020},
  month = apr,
  volume = {17},
  pages = {2864},
  issn = {1660-4601},
  url = {https://doi.org/10.3390/ijerph17082864},
  urldate = {2020-07-03},
  journal = {International Journal of Environmental Research and Public Health},
  number = {8}
}
% == BibTeX quality report for wheelerNeighborhoodDisadvantageTobacco2020:
% ? Title looks like it was stored in title-case in Zotero

@article{whiteMultipleImputationUsing2011,
  title = {Multiple {{Imputation Using Chained Equations}}: {{Issues}} and {{Guidance}} for {{Practice}}},
  shorttitle = {Multiple Imputation Using Chained Equations},
  author = {White, Ian R. and Royston, Patrick and Wood, Angela M.},
  year = {2011},
  month = feb,
  volume = {30},
  pages = {377--399},
  issn = {02776715},
  doi = {10.1002/sim.4067},
  journal = {Statistics in Medicine},
  number = {4}
}
% == BibTeX quality report for whiteMultipleImputationUsing2011:
% ? Title looks like it was stored in title-case in Zotero

@book{wickhamGgplot2ElegantGraphics2016,
  title = {Ggplot2: {{Elegant Graphics}} for {{Data Analysis}}},
  author = {Wickham, Hadley},
  year = {2016},
  edition = {Second},
  publisher = {{Springer-Verlag}},
  address = {{New York, NY, USA}},
  url = {http://ggplot2.org},
  isbn = {978-3-319-24277-4}
}

@misc{wickhamTidyrEasilyTidy2020,
  title = {Tidyr: {{Easily Tidy Data}} with 'spread()' and 'Gather()' {{Functions}}},
  author = {Wickham, Hadley and Henry, Lionel},
  year = {2020},
  url = {https://CRAN.R-project.org/package=tidyr}
}

@misc{xieRticlesArticleFormats2020,
  title = {Rticles: {{Article}} Formats for r Markdown},
  author = {Xie, Yihui and Allaire, JJ and {R Foundation} and Wickham, Hadley and {Journal of Statistical Software} and Vaidyanathan, Ramnath and {Association for Computing Machinery} and Boettiger, Carl and {Elsevier} and Broman, Karl and Mueller, Kirill and Quast, Bastiaan and Pruim, Randall and Marwick, Ben and Wickham, Charlotte and Keyes, Oliver and Yu, Miao and Emaasit, Daniel and Onkelinx, Thierry and Gasparini, Alessandro and Desautels, Marc-Andre and Leutnant, Dominik and {MDPI} and {Taylor and Francis} and {\"O}{\u g}reden, O{\u g}uzhan and Hance, Dalton and N{\"u}st, Daniel and Uvesten, Petter and Campitelli, Elio and Muschelli, John and Hayes, Alex and Kamvar, Zhian N. and Ross, Noam and Cannoodt, Robrecht and Luguern, Duncan and Kaplan, David M. and Kreutzer, Sebastian and Wang, Shixiang and Hesselberth, Jay and Dervieux, Christophe},
  year = {2020},
  url = {https://github.com/rstudio/rticles}
}


