
@article{barnardMultipleImputation2015,
  title = {Multiple {{Imputation}}},
  author = {Barnard, John and Schenker, Nathaniel and Rubin, D.B.},
  year = {2015},
  pages = {88--93},
  publisher = {{Elsevier Ltd. A}},
  url = {http://www.sciencedirect.com/science/referenceworks/9780080970875\#ancpt1035},
  urldate = {2016-05-31},
  file = {/Users/Shared/Zotero/storage/KVN4EFLD/John Barnard et al. - 2015 - Multiple Imputation.pdf},
  isbn = {978-0-08-097087-5},
  journal = {International Encyclopedia of the Social \& Behavioral Sciences},
  keywords = {vignette},
  language = {eng}
}
% == BibTeX quality report for barnardMultipleImputation2015:
% Missing required field 'number'
% Missing required field 'volume'
% ? Title looks like it was stored in title-case in Zotero

@techreport{bolksBaselineAssessmentLeftCensored2014,
  title = {Baseline {{Assessment}} of {{Left}}-{{Censored Environmental Data Using R}}},
  author = {Bolks, A. and DeWire, A. and Harcum, J.B.},
  year = {2014},
  month = jun,
  pages = {12--15},
  address = {{Fairfax, VA}},
  institution = {{Tetra Tech, Inc.}},
  url = {https://www.epa.gov/polluted-runoff-nonpointsource- pollution/nonpoint-source-monitoring-technical-notes},
  file = {/Users/Shared/Zotero/storage/WR5TWAQH/tech_notes_10_jun2014_r.pdf},
  number = {1}
}
% == BibTeX quality report for bolksBaselineAssessmentLeftCensored2014:
% ? Title looks like it was stored in title-case in Zotero

@article{braunWhatCanEpidemiological2016,
  title = {What {{Can Epidemiological Studies Tell Us About}} the {{Impact}} of {{Chemical Mixtures}} on {{Human Health}}?},
  author = {Braun, Joseph M. and Gennings, Chris and Hauser, Russ and Webster, Thomas F.},
  year = {2016},
  month = jan,
  volume = {124},
  pages = {A6-A9},
  issn = {0091-6765},
  doi = {10.1289/ehp.1510569},
  url = {http://www.ncbi.nlm.nih.gov/pmc/articles/PMC4710611/},
  urldate = {2016-01-25},
  journal = {Environmental Health Perspectives},
  keywords = {chemical mixture,review},
  number = {1}
}
% == BibTeX quality report for braunWhatCanEpidemiological2016:
% ? Title looks like it was stored in title-case in Zotero

@article{bushChapter11GenomeWide2012,
  title = {Chapter 11: {{Genome}}-{{Wide Association Studies}}},
  shorttitle = {{{GWAS}}},
  author = {Bush, William S. and Moore, Jason H.},
  editor = {Lewitter, Fran and Kann, Maricel},
  year = {2012},
  month = dec,
  volume = {8},
  pages = {e1002822},
  issn = {1553-7358},
  doi = {10.1371/journal.pcbi.1002822},
  url = {https://dx.plos.org/10.1371/journal.pcbi.1002822},
  urldate = {2018-11-22},
  file = {/Users/Shared/Zotero/storage/8CTICIL7/Bush and Moore - 2012 - Chapter 11 Genome-Wide Association Studies.pdf},
  journal = {PLOS Computational Biology},
  keywords = {GWAS,Review},
  language = {en},
  number = {12}
}
% == BibTeX quality report for bushChapter11GenomeWide2012:
% ? Title looks like it was stored in title-case in Zotero

@article{carricoCharacterizationWeightedQuantile2014,
  title = {Characterization of {{Weighted Quantile Sum Regression}} for {{Highly Correlated Data}} in a {{Risk Analysis Setting}}},
  author = {Carrico, Caroline and Gennings, Chris and Wheeler, David C. and {Factor-Litvak}, Pam},
  year = {2014},
  month = dec,
  volume = {20},
  pages = {100--120},
  issn = {1085-7117, 1537-2693},
  doi = {10.1007/s13253-014-0180-3},
  url = {http://link.springer.com/article/10.1007/s13253-014-0180-3},
  urldate = {2016-08-10},
  file = {/Users/Shared/Zotero/storage/6AG2DVU9/Carrico_supplementary.pdf;/Users/Shared/Zotero/storage/7MFKDQDA/Carricio 2015 FINAL SUPPLE.docx;/Users/Shared/Zotero/storage/KC7C9GFT/Carrico et al. - 2014 - Characterization of Weighted Quantile Sum Regressi.pdf},
  journal = {Journal of Agricultural, Biological, and Environmental Statistics},
  keywords = {Simulation,WQS},
  language = {en},
  number = {1}
}
% == BibTeX quality report for carricoCharacterizationWeightedQuantile2014:
% ? Title looks like it was stored in title-case in Zotero

@techreport{centerfordiseasecontrolandpreventionnationalcenterforhealthstatisticsNationalHealthNutrition2018,
  title = {National {{Health}} and {{Nutrition Examination Survey}}},
  author = {{Center for Disease Control and Prevention: National Center for Health Statistics}},
  year = {2018},
  month = oct,
  url = {https://www.cdc.gov/nchs/nhanes/index.htm},
  keywords = {vignette}
}
% == BibTeX quality report for centerfordiseasecontrolandpreventionnationalcenterforhealthstatisticsNationalHealthNutrition2018:
% Missing required field 'institution'
% ? Title looks like it was stored in title-case in Zotero

@article{czarnotaAnalysisEnvironmentalChemical2015,
  title = {Analysis of {{Environmental Chemical Mixtures}} and {{Non}}-{{Hodgkin Lymphoma Risk}} in the {{NCI}}-{{SEER NHL Study}}},
  author = {Czarnota, Jenna and Gennings, Chris and Colt, Joanne S. and De Roos, Anneclaire J. and Cerhan, James R. and Severson, Richard K. and Hartge, Patricia and Ward, Mary H. and Wheeler, David C.},
  year = {2015},
  month = oct,
  volume = {123},
  pages = {965--970},
  issn = {1552-9924},
  doi = {10.1289/ehp.1408630},
  file = {/Users/Shared/Zotero/storage/W5JMIVPM/Czarnota et al. - 2015 - Analysis of Environmental Chemical Mixtures and No.pdf},
  journal = {Environmental Health Perspectives},
  keywords = {analysis,vignette},
  language = {eng},
  number = {10}
}
% == BibTeX quality report for czarnotaAnalysisEnvironmentalChemical2015:
% ? Title looks like it was stored in title-case in Zotero

@article{czarnotaAssessmentWeightedQuantile2015,
  title = {Assessment of {{Weighted Quantile Sum Regression}} for {{Modeling Chemical Mixtures}} and {{Cancer Risk}}},
  author = {Czarnota, Jenna and Gennings, Chris and Wheeler, David C},
  year = {2015},
  month = may,
  volume = {14},
  pages = {159--171},
  issn = {1176-9351},
  doi = {10.4137/CIN.S17295},
  url = {http://www.ncbi.nlm.nih.gov/pmc/articles/PMC4431483/},
  urldate = {2016-01-17},
  file = {/Users/Shared/Zotero/storage/54NCF4EU/Czarnota_2015b_Assesment of WQS Mixtures_submitted.pdf;/Users/Shared/Zotero/storage/I436NXXA/Czarnota_2015b_Assesment of WQS Mixtures_submitted.docx;/Users/Shared/Zotero/storage/MADSBN77/Czarnota_2015b_Assesment of WQS Mixtures_submitted.xlsx},
  journal = {Cancer Informatics},
  keywords = {simulation,vignette,wqs}
}
% == BibTeX quality report for czarnotaAssessmentWeightedQuantile2015:
% Missing required field 'number'
% ? Title looks like it was stored in title-case in Zotero

@misc{czarnotaWqsWeightedQuantile2015,
  title = {{{wqs}}: {{Weighted Quantile Sum Regression}}},
  shorttitle = {Wqs},
  author = {Czarnota, Jenna and Wheeler, David},
  year = {2015},
  month = oct,
  url = {https://cran.r-project.org/web/packages/wqs/index.html},
  urldate = {2016-09-21},
  copyright = {GPL-2 | GPL-3 [expanded from: GPL ({$\geq$} 2)]},
  keywords = {R Package}
}
% == BibTeX quality report for czarnotaWqsWeightedQuantile2015:
% Missing required field 'howpublished'

@article{deyssenrothIntrauterineMultiMetalExposure2018,
  title = {Intrauterine {{Multi}}-{{Metal Exposure Is Associated}} with {{Reduced Fetal Growth Through Modulation}} of the {{Placental Gene Network}}},
  author = {Deyssenroth, Maya A. and Gennings, Chris and Liu, Shelley H. and Peng, Shouneng and Hao, Ke and Lambertini, Luca and Jackson, Brian P. and Karagas, Margaret R. and Marsit, Carmen J. and Chen, Jia},
  year = {2018},
  month = nov,
  volume = {120},
  pages = {373--381},
  issn = {01604120},
  doi = {10.1016/j.envint.2018.08.010},
  url = {https://linkinghub.elsevier.com/retrieve/pii/S0160412018309863},
  urldate = {2020-05-13},
  file = {/Users/Shared/Zotero/storage/M6MBZSWC/Deyssenroth et al. - 2018 - Intrauterine multi-metal exposure is associated wi.pdf},
  journal = {Environment International},
  language = {en}
}
% == BibTeX quality report for deyssenrothIntrauterineMultiMetalExposure2018:
% Missing required field 'number'
% ? Title looks like it was stored in title-case in Zotero

@article{dongPrincipledMissingData2013,
  title = {Principled {{Missing Data Methods}} for {{Researchers}}},
  author = {Dong, Yiran and Peng, Chao-Ying Joanne},
  year = {2013},
  volume = {2},
  issn = {2193-1801},
  doi = {10.1186/2193-1801-2-222},
  url = {http://springerplus.springeropen.com/articles/10.1186/2193-1801-2-222},
  urldate = {2018-05-01},
  file = {/Users/Shared/Zotero/storage/9R33BIZR/Dong and Peng - 2013 - Principled missing data methods for researchers.pdf},
  journal = {SpringerPlus},
  keywords = {fmi},
  language = {en},
  number = {1}
}
% == BibTeX quality report for dongPrincipledMissingData2013:
% Missing required field 'pages'
% ? Title looks like it was stored in title-case in Zotero

@article{ferberModelingDiscreteSurvival2015,
  title = {Modeling {{Discrete Survival Time Using Genomic Feature Data}}},
  author = {Ferber, Kyle and Archer, Kellie J.},
  year = {2015},
  month = jan,
  volume = {14s2},
  pages = {CIN.S17275},
  issn = {1176-9351},
  doi = {10.4137/CIN.S17275},
  url = {http://journals.sagepub.com/doi/10.4137/CIN.S17275},
  urldate = {2019-01-23},
  file = {/Users/Shared/Zotero/storage/BFDWXI6N/Gene Expression Study_Ferber_Archer.pdf},
  journal = {Cancer Informatics},
  keywords = {Gene Expression,vignette},
  language = {en}
}
% == BibTeX quality report for ferberModelingDiscreteSurvival2015:
% Missing required field 'number'
% ? Title looks like it was stored in title-case in Zotero

@incollection{forerMissingData2014,
  title = {Missing {{Data}}},
  booktitle = {Encyclopedia of {{Quality}} of {{Life}} and {{Well}}-{{Being Research}}},
  author = {Forer, Barry},
  editor = {Michalos, Alex C.},
  year = {2014},
  pages = {4078--4082},
  publisher = {{Springer Netherlands}},
  address = {{Dordrecht}},
  doi = {10.1007/978-94-007-0753-5_1821},
  url = {http://link.springer.com/10.1007/978-94-007-0753-5_1821},
  urldate = {2019-08-22},
  file = {/Users/Shared/Zotero/storage/7R3EFPFZ/Forer - 2014 - Missing Data.pdf},
  isbn = {978-94-007-0752-8},
  language = {en}
}
% == BibTeX quality report for forerMissingData2014:
% ? Title looks like it was stored in title-case in Zotero

@article{gelmanInferenceIterativeSimulation1992,
  title = {Inference from {{Iterative Simulation Using Multiple Sequences}}},
  author = {Gelman, Andrew and Rubin, Donald B.},
  year = {1992},
  month = nov,
  volume = {7},
  pages = {457--472},
  issn = {0883-4237},
  doi = {10.1214/ss/1177011136},
  url = {http://projecteuclid.org/euclid.ss/1177011136},
  urldate = {2018-05-16},
  journal = {Statistical Science},
  keywords = {vignette},
  language = {en},
  number = {4}
}
% == BibTeX quality report for gelmanInferenceIterativeSimulation1992:
% ? Title looks like it was stored in title-case in Zotero

@article{gelmanMultipleImputationDiagnostics2011,
  title = {Multiple {{Imputation}} with {{Diagnostics}} (Mi) in {{R}}: {{Opening Windows}} into the {{Black Box}}},
  author = {Gelman, Andrew and Hill, Jennifer},
  year = {2011},
  volume = {40},
  file = {/Users/Shared/Zotero/storage/7JQQJEXS/Gelman and Hill - 2011 - Multiple Imputation with Diagnostics (mi) in R Op.pdf},
  journal = {Journal of Statistical Software},
  keywords = {mi package,R Package}
}
% == BibTeX quality report for gelmanMultipleImputationDiagnostics2011:
% Missing required field 'number'
% Missing required field 'pages'

@article{genningsCohortStudyEvaluation2013,
  title = {A {{Cohort Study Evaluation}} of {{Maternal PCB Exposure Related}} to {{Time}} to {{Pregnancy}} in {{Daughters}}},
  author = {Gennings, Chris and Carrico, Caroline and {Factor-Litvak}, Pam and Krigbaum, Nickilou and Cirillo, Piera M. and Cohn, Barbara A.},
  year = {2013},
  month = aug,
  volume = {12},
  pages = {66},
  issn = {1476-069X},
  doi = {10.1186/1476-069X-12-66},
  url = {http://www.ehjournal.net/content/12/1/66/abstract},
  urldate = {2016-01-17},
  copyright = {2013 Gennings et al.; licensee BioMed Central Ltd.},
  journal = {Environmental Health},
  keywords = {Endocrine disruptors,Polychlorinated biphenyls,Prenatal exposure,vignette,WQS analysis,WQS survival model},
  language = {en},
  number = {1}
}
% == BibTeX quality report for genningsCohortStudyEvaluation2013:
% ? Title looks like it was stored in title-case in Zotero

@misc{ghalanosRsolnpGeneralNonLinear2015,
  title = {Rsolnp: {{General Non}}-{{Linear Optimization Using Augmented Lagrange Multiplier Method}}},
  author = {Ghalanos, Alexios and Theussl, Stefan},
  year = {2015},
  month = jul,
  url = {https://cran.r-project.org/web/packages/Rsolnp/index.html}
}
% == BibTeX quality report for ghalanosRsolnpGeneralNonLinear2015:
% Missing required field 'howpublished'
% ? Title looks like it was stored in title-case in Zotero

@article{hargartenAccountingUncertaintyDue2020,
  title = {Accounting for the {{Uncertainty Due}} to {{Chemicals Below}} the {{Detection Limit}} in {{Mixture Analysis}}},
  author = {Hargarten, Paul M. and Wheeler, David C.},
  year = {2020},
  month = jul,
  volume = {186},
  pages = {109466},
  issn = {00139351},
  doi = {10.1016/j.envres.2020.109466},
  url = {https://linkinghub.elsevier.com/retrieve/pii/S0013935120303595},
  urldate = {2020-04-27},
  file = {/Users/Shared/Zotero/storage/7MZHZGBA/Hargarten and Wheeler - 2020 - Accounting for the uncertainty due to chemicals be.pdf;/Users/Shared/Zotero/storage/TYVRQGBT/Suppl.docx},
  journal = {Environmental Research},
  language = {en}
}
% == BibTeX quality report for hargartenAccountingUncertaintyDue2020:
% Missing required field 'number'
% ? Title looks like it was stored in title-case in Zotero

@misc{hargartenMiWQSMultipleImputation2020,
  title = {{{miWQS}}: {{Multiple Imputation Using Weighted Quantile Sum Regression}}},
  author = {Hargarten, Paul M. and Wheeler, David C.},
  year = {2020},
  url = {https://CRAN.R-project.org/package=miWQS}
}
% Missing required field 'howpublished'

@misc{harrellHmiscHarrellMiscellaneous2020,
  title = {Hmisc: {{Harrell Miscellaneous}}},
  author = {Harrell, Jr., Frank E.},
  year = {2020},
  url = {https://cran.r-project.org/web/packages/Hmisc/index.html},
  collaborator = {Dupont, Charles and {many others}}
}
% == BibTeX quality report for harrellHmiscHarrellMiscellaneous2019:
% Missing required field 'howpublished'
% ? Title looks like it was stored in title-case in Zotero

@book{helselStatisticsCensoredEnvironmental2012,
  title = {Statistics for {{Censored Environmental Data Using Minitab}} and {{R}}},
  author = {Helsel, Dennis R.},
  year = {2012},
  edition = {Second},
  publisher = {{John Wiley \& Sons}},
  address = {{Hoboken, NJ, USA}},
  file = {/Users/Shared/Zotero/storage/Q5L2N8MG/Helsel - 2012 - Statistics for Censored Environmental Data Using M.pdf},
  isbn = {978-0-470-47988-9},
  keywords = {detection limit,estimation,Kaplan-Meier,Type I censoring}
}
% == BibTeX quality report for helselStatisticsCensoredEnvironmental2012:
% ? Title looks like it was stored in title-case in Zotero

@article{hortonCOOccurringExposurePerchlorate2015,
  title = {{{CO}}-{{Occurring Exposure}} to {{Perchlorate}}, {{Nitrate}} and {{Thiocyanate Alters Thyroid Function}} in {{Healthy Pregnant Women}}},
  author = {Horton, Megan K. and Blount, Benjamin C. and {Valentin-Blasini}, Liza and Wapner, Ronald and Whyatt, Robin and Gennings, Chris and {Factor-Litvak}, Pam},
  year = {2015},
  month = nov,
  volume = {143},
  pages = {1--9},
  issn = {1096-0953},
  doi = {10.1016/j.envres.2015.09.013},
  file = {/Users/Shared/Zotero/storage/69CEJDB2/Horton et al. - 2015 - CO-occurring Exposure to Perchlorate, Nitrate and .pdf},
  journal = {Environmental Research},
  keywords = {Chemical mixtures,Nitrates,Perchlorate,Thiocyanates,Thyroid function,vignette,WQS analysis},
  language = {eng},
  number = {Pt A}
}
% == BibTeX quality report for hortonCOOccurringExposurePerchlorate2015:
% ? Title looks like it was stored in title-case in Zotero

@article{littleRegressionMissingReview1992,
  title = {Regression {{With Missing X}}'s: {{A Review}}},
  shorttitle = {Regression {{With Missing X}}'s},
  author = {Little, Roderick J. A.},
  year = {1992},
  volume = {87},
  pages = {1227--1237},
  issn = {0162-1459},
  doi = {10.2307/2290664},
  url = {http://www.jstor.org/stable/2290664},
  urldate = {2016-08-17},
  file = {/Users/Shared/Zotero/storage/BI7E5NZ3/Little - 1992 - Regression With Missing X's A Review.pdf},
  journal = {Journal of the American Statistical Association},
  number = {420}
}
% == BibTeX quality report for littleRegressionMissingReview1992:
% ? Title looks like it was stored in title-case in Zotero

@misc{kahleInvgammaInverseGamma2017,
  title = {{{invgamma:}} {{The Inverse Gamma Distribution}}},
  author = {Kahle, David and Stamey, James},
  year = {2017},
  month = may,
  url = {https://CRAN.R-project.org/package=invgamma}
}
% == BibTeX quality report for kahleInvgammaInverseGamma2017:
% Missing required field 'howpublished'

@article{lubinEpidemiologicEvaluationMeasurement2004,
  title = {Epidemiologic {{Evaluation}} of {{Measurement Data}} in the {{Presence}} of {{Detection Limits}}},
  author = {Lubin, Jay H. and Colt, Joanne S. and Camann, David and Davis, Scott and Cerhan, James R. and Severson, Richard K. and Bernstein, Leslie and Hartge, Patricia},
  year = {2004},
  month = dec,
  volume = {112},
  pages = {1691--1696},
  issn = {0091-6765},
  doi = {10.1289/ehp.7199},
  url = {http://www.ncbi.nlm.nih.gov/pmc/articles/PMC1253661/},
  urldate = {2016-03-09},
  file = {/Users/Shared/Zotero/storage/UYQTLS4X/Lubin et al. - 2004 - Epidemiologic Evaluation of Measurement Data in th.pdf},
  journal = {Environmental Health Perspectives},
  keywords = {vignette},
  number = {17}
}
% == BibTeX quality report for lubinEpidemiologicEvaluationMeasurement2004:
% ? Title looks like it was stored in title-case in Zotero

@article{marschnerGlm2FittingGeneralized2011,
  title = {{{glm2:}} {{Fitting Generalized Linear Models}} with {{Convergence Problems}}},
  author = {Marschner, Ian C. and Donoghoe, Mark W.},
  year = {2011},
  volume = {3},
  pages = {12--15},
  file = {/Users/Shared/Zotero/storage/PKLSWFPF/Marschner and Mark W. Donoghoe - 2011 - glm2 Fitting generalized linear models with conve.pdf},
  journal = {The R Journal},
  keywords = {R Package}
}
% == BibTeX quality report for marschnerGlm2FittingGeneralized2011:
% Missing required field 'number'

@misc{mersmannTruncnormTruncatedNormal2020,
  title = {{{truncnorm:}} {{Truncated Normal Distribution}}},
  author = {Mersmann, Olaf and Trautmann, Heike and Steuer, Detlef and Bornkamp, Bj{\"o}rn},
  year = {2020},
  month = Jul,
  url = {https://github.com/olafmersmann/truncnorm}
}
% == BibTeX quality report for mersmannTruncnormTruncatedNormal2018:
% Missing required field 'howpublished'

@article{metayerExposureHerbicidesHouse2013,
  title = {Exposure to {{Herbicides}} in {{House Dust}} and {{Risk}} of {{Childhood Acute Lymphoblastic Leukemia}}},
  author = {Metayer, Catherine and Colt, Joanne S and Buffler, Patricia A and Reed, Helen D and Selvin, Steve and Crouse, Vonda and Ward, Mary H},
  year = {2013},
  month = jul,
  volume = {23},
  pages = {363--370},
  issn = {1559-0631, 1559-064X},
  doi = {10.1038/jes.2012.115},
  url = {http://www.nature.com/articles/jes2012115},
  urldate = {2018-05-24},
  file = {/Users/Shared/Zotero/storage/BNN39ZEX/Metayer et al. - 2013 - Exposure to Herbicides in House Dust and Risk of C.pdf},
  journal = {Journal of Exposure Science \& Environmental Epidemiology},
  keywords = {CCLS analysis,single-chemical,single-imputation,substitution,vignette},
  language = {en},
  number = {4}
}
% == BibTeX quality report for metayerExposureHerbicidesHouse2013:
% ? Title looks like it was stored in title-case in Zotero

@misc{novoNormAnalysisMultivariate2013,
  title = {{{norm:}} {{Analysis}} of {{Multivariate Normal Datasets}} with {{Missing Values}}},
  author = {Novo, Alvaro A. and Schafer, Joseph L.},
  year = {2013},
  url = {https://CRAN.R-project.org/package=norm}
}
% == BibTeX quality report for novoNormAnalysisMultivariate2013:
% Missing required field 'howpublished'

@article{panFractionMissingInformation2016,
  title = {Fraction of {{Missing Information}} at {{Different Missing Data Fractions}} in the 2012 {{NAMCS Physician Workflow Mail Survey}}},
  author = {Pan, Qiyuan and Wei, Rong},
  year = {2016},
  volume = {07},
  pages = {1057--1067},
  issn = {2152-7385, 2152-7393},
  doi = {10.4236/am.2016.710093},
  url = {http://www.scirp.org/journal/doi.aspx?DOI=10.4236/am.2016.710093},
  urldate = {2018-05-16},
  file = {/Users/Shared/Zotero/storage/YAPXI7QH/Pan and Wei - 2016 - Fraction of Missing Information (γ) at Different M.pdf},
  journal = {Applied Mathematics},
  keywords = {fmi},
  language = {en},
  number = {10}
}
% == BibTeX quality report for panFractionMissingInformation2016:
% ? Title looks like it was stored in title-case in Zotero

@article{plummerCODAConvergenceDiagnosis2006,
  title = {{{coda}}: {{Convergence Diagnosis}} and {{Output Analysis}} for {{MCMC}}},
  author = {Plummer, Martyn and Best, Nicky and Cowles, Kate and Vines, Karen},
  year = {2006},
  volume = {6},
  pages = {7--11},
  url = {https://journal.r-project.org/archive/},
  file = {/Users/Shared/Zotero/storage/45NYTEJV/Plummer et al. - 2006 - CODA Convergence Diagnosis and Output Analysis fo.pdf},
  journal = {R News},
  keywords = {R Package},
  number = {1}
}
% == BibTeX quality report for plummerCODAConvergenceDiagnosis2006:
% ? Title looks like it was stored in title-case in Zotero

@misc{renRlistToolboxNonTabular2016,
  title = {{{rlist}}: {{A Toolbox}} for {{Non}}-{{Tabular Data Manipulation}}},
  author = {Ren, Kun},
  year = {2016},
  url = {https://CRAN.R-project.org/package=rlist}
}
% == BibTeX quality report for renRlistToolboxNonTabular2016:
% Missing required field 'howpublished'

@misc{renzettiGWQSGeneralizedWeighted2020,
  title = {{{gWQS}}: {{Generalized Weighted Quantile Sum Regression}}},
  author = {Renzetti, Stefano and Curtin, Paul and Just, Allan C. and Bello, Ghalib and Gennings, Chris},
  year = {2020},
  month = june,
  url = {https://CRAN.R-project.org/package=gWQS}
}
% == BibTeX quality report for renzettiGWQSGeneralizedWeighted2018:
% Missing required field 'howpublished'

@book{rubinMultipleImputationNonresponse1987,
  title = {Multiple {{Imputation}} for {{Nonresponse}} in {{Surveys}}},
  author = {Rubin, Donald B.},
  year = {1987},
  publisher = {{John Wiley \& Sons}},
  address = {{New York, NY, USA}},
  isbn = {978-0-471-08705-2},
  keywords = {Multiple imputation (Statistics),Nonresponse (Statistics),Social surveys Response rate.,vignette},
  language = {eng},
  lccn = {HA31.2 .R83 1987}
}
% == BibTeX quality report for rubinMultipleImputationNonresponse1987:
% ? Title looks like it was stored in title-case in Zotero

@article{savaleiObtainingEstimatesFraction2012,
  title = {On {{Obtaining Estimates}} of the {{Fraction}} of {{Missing Information}} from {{Full Information Maximum Likelihood}}},
  author = {Savalei, Victoria and Rhemtulla, Mijke},
  year = {2012},
  month = jul,
  volume = {19},
  pages = {477--494},
  issn = {1070-5511, 1532-8007},
  doi = {10.1080/10705511.2012.687669},
  url = {http://www.tandfonline.com/doi/abs/10.1080/10705511.2012.687669},
  urldate = {2018-05-16},
  file = {/Users/Shared/Zotero/storage/J92M6BKS/On Obtaining Estimates of the Fraction of Missing Information From Full Information Maximum Likelihood.pdf},
  journal = {Structural Equation Modeling: A Multidisciplinary Journal},
  keywords = {fmi},
  language = {en},
  number = {3}
}
% == BibTeX quality report for savaleiObtainingEstimatesFraction2012:
% ? Title looks like it was stored in title-case in Zotero

@misc{schloerkeGGallyExtensionGgplot22020,
  title = {{{GGally}}: {{Extension}} to 'Ggplot2'},
  author = {Schloerke, Barret and Crowley, Jason and Cook, Di and Briatte, Francois and Marbach, Moritz and Thoen, Edwin and Elberg, Amos and Larmarange, Joseph},
  year = {2020},
  url = {https://CRAN.R-project.org/package=GGally}
}
% == BibTeX quality report for schloerkeGGallyExtensionGgplot22018:
% Missing required field 'howpublished'

@misc{therneauPackageSurvivalAnalysis2015,
  title = {A {{Package}} for {{Survival Analysis}} in {{S}}},
  author = {Therneau, Terry M. and Lumley, Thomas},
  year = {2015},
  url = {https://CRAN.R-project.org/package=survival}
}
% == BibTeX quality report for therneauPackageSurvivalAnalysis2015:
% Missing required field 'howpublished'
% ? Title looks like it was stored in title-case in Zotero

@article{vanbuurenMiceMultivariateImputation2011,
  ids = {buurenMiceMultivariateImputation2011},
  title = {{{mice}}: {{Multivariate Imputation}} by {{Chained Equations}} in {{R}}},
  author = {{van Buuren}, Stef and {Groothuis-Oudshoorn}, Karin},
  year = {2011},
  volume = {45},
  pages = {1--67},
  issn = {1548-7660},
  doi = {10.18637/jss.v045.i03},
  url = {https://www.jstatsoft.org/v45/i03/},
  urldate = {2018-06-25},
  file = {/Users/Shared/Zotero/storage/EV583NND/Using the mice package.txt;/Users/Shared/Zotero/storage/PPWMHA7V/van Buuren and Groothuis-Oudshoorn - 2011 - mice Multivariate Imputation by Chained Equations.pdf;/Users/Shared/Zotero/storage/SMEMNQCM/Buuren and Groothuis-Oudshoorn - 2011 - `mice` Multivariate Imputation by Chained Equatio.pdf},
  journal = {Journal of Statistical Software},
  keywords = {R Package},
  language = {en},
  number = {3}
}
% == BibTeX quality report for vanbuurenMiceMultivariateImputation2011:
% ? Title looks like it was stored in title-case in Zotero

@article{wardResidentialExposurePolychlorinated2009,
  title = {Residential {{Exposure}} to {{Polychlorinated Biphenyls}} and {{Organochlorine Pesticides}} and {{Risk}} of {{Childhood Leukemia}}},
  author = {Ward, Mary H. and Colt, Joanne S. and Metayer, Catherine and Gunier, Robert B. and Lubin, Jay and Crouse, Vonda and Nishioka, Marcia G. and Reynolds, Peggy and Buffler, Patricia A.},
  year = {2009},
  month = jun,
  volume = {117},
  pages = {1007--1013},
  issn = {0091-6765},
  doi = {10.1289/ehp.0900583},
  url = {http://ehp.niehs.nih.gov/0900583},
  urldate = {2016-01-25},
  file = {/Users/Shared/Zotero/storage/5L5DGKND/Ward et al. - 2009 - Residential Exposure to Polychlorinated Biphenyls .pdf;/Users/Shared/Zotero/storage/FV8KX99L/Ward2009_Table1.xlsx;/Users/Shared/Zotero/storage/I7V8SY5G/Ward_2009_Table_3.csv},
  journal = {Environmental Health Perspectives},
  keywords = {CCLS analysis,single-chemical,single-imputation,vignette},
  language = {en},
  number = {6}
}
% == BibTeX quality report for wardResidentialExposurePolychlorinated2009:
% ? Title looks like it was stored in title-case in Zotero

@article{wardResidentialLevelsPolybrominated2014,
  title = {Residential {{Levels}} of {{Polybrominated Diphenyl Ethers}} and {{Risk}} of {{Childhood Acute Lymphoblastic Leukemia}} in {{California}}},
  author = {Ward, Mary H. and Colt, Joanne S. and Deziel, Nicole Cardello and Whitehead, Todd Patrick and Reynolds, Peggy and Gunier, Robert B. and Nishioka, Marcia and Dahl, Gary V. and Rappaport, Stephen M. and Buffler, Patricia A. and Metayer, Catherine},
  year = {2014},
  month = jun,
  issn = {0091-6765},
  doi = {10.1289/ehp.1307602},
  url = {http://ehp.niehs.nih.gov/1307602},
  urldate = {2018-05-24},
  journal = {Environmental Health Perspectives},
  keywords = {ALL,CCLS analysis,single-chemical,single-imputation,vignette},
  language = {en}
}
% == BibTeX quality report for wardResidentialLevelsPolybrominated2014:
% Missing required field 'number'
% Missing required field 'pages'
% Missing required field 'volume'
% ? Title looks like it was stored in title-case in Zotero


@article{wheelerBayesianDeprivationIndex2019,
  title = {Bayesian {{Deprivation Index Models}} for {{Explaining Variation}} in {{Elevated Blood Lead Levels}} among {{Children}} in {{Maryland}}},
  author = {Wheeler, David C. and Raman, Shyam and Jones, Resa M. and Schootman, Mario and Nelson, Erik J.},
  year = {2019},
  month = aug,
  volume = {30},
  pages = {100286},
  issn = {18775845},
  doi = {10.1016/j.sste.2019.100286},
  url = {https://linkinghub.elsevier.com/retrieve/pii/S1877584518301151},
  urldate = {2020-06-19},
  file = {/Users/Shared/Zotero/storage/DAYTJRHW/Wheeler et al. - 2019 - Bayesian deprivation index models for explaining v.pdf},
  journal = {Spatial and Spatio-temporal Epidemiology},
  language = {en}
}
% == BibTeX quality report for wheelerBayesianDeprivationIndex2019:
% Missing required field 'number'
% ? Title looks like it was stored in title-case in Zotero



% == BibTeX quality report for wheelerBayesianDeprivationIndex2019:
% Missing required field 'number'

@article{wheelerEstimatingAreaLevelSocioeconomic2017,
  title = {Estimating an {{Area}}-{{Level Socioeconomic Status Index}} and {{Its Association}} with {{Colonoscopy Screening Adherence}}},
  author = {Wheeler, David C. and Czarnota, Jenna and Jones, Resa M.},
  year = {2017},
  volume = {12},
  pages = {e0179272},
  issn = {1932-6203},
  doi = {10.1371/journal.pone.0179272},
  file = {/Users/Shared/Zotero/storage/RZJ2VMJV/Wheeler et al. - 2017 - Estimating an area-level socioeconomic status inde.pdf},
  journal = {PLOS One},
  keywords = {Colonoscopy,Guideline Adherence,vignette,WQS},
  language = {eng},
  number = {6},
  pmcid = {PMC5464664},
  pmid = {28594927}
}
% == BibTeX quality report for wheelerEstimatingAreaLevelSocioeconomic2017:
% ? Title looks like it was stored in title-case in Zotero

@article{wheelerExplainingVariationElevated2019,
  title = {Explaining {{Variation}} in {{Elevated Blood Lead Levels Among Children}} in {{Minnesota Using Neighborhood Socioeconomic Variables}}},
  author = {Wheeler, David C. and Jones, Resa M. and Schootman, Mario and Nelson, Erik J.},
  year = {2019},
  month = feb,
  volume = {650},
  pages = {970--977},
  issn = {00489697},
  doi = {10.1016/j.scitotenv.2018.09.088},
  url = {https://linkinghub.elsevier.com/retrieve/pii/S0048969718335307},
  urldate = {2018-10-04},
  file = {/Users/Shared/Zotero/storage/DDPRVKN4/Wheeler et al. - 2019 - Explaining variation in elevated blood lead levels.pdf},
  journal = {Science of the Total Environment},
  keywords = {Poisson,Rates,vignette,WQS},
  language = {en}
}
% == BibTeX quality report for wheelerExplainingVariationElevated2019:
% Missing required field 'number'
% ? Title looks like it was stored in title-case in Zotero

@article{wheelerNeighborhoodDisadvantageTobacco2020,
  title = {Neighborhood {{Disadvantage}} and {{Tobacco Retail Outlet}} and {{Vape Shop Outlet Rates}}},
  author = {Wheeler, David C. and Do, Elizabeth K. and Hayes, Rashelle B. and {Fugate-Laus}, Kendall and {Westley L. Fallavollita} and Hughes, Colleen and {Bernard F. Fuemmeler}},
  year = {2020},
  month = apr,
  volume = {17},
  pages = {2864},
  issn = {1660-4601},
  doi = {10.3390/ijerph17082864},
  url = {https://www.mdpi.com/1660-4601/17/8/2864},
  urldate = {2020-07-03},
  file = {/Users/Shared/Zotero/storage/RNVIVJBB/Wheeler et al. - 2020 - Neighborhood Disadvantage and Tobacco Retail Outle.pdf},
  journal = {International Journal of Environmental Research and Public Health},
  language = {en},
  number = {8}
}
% == BibTeX quality report for wheelerNeighborhoodDisadvantageTobacco2020:
% ? Title looks like it was stored in title-case in Zotero

@article{whiteMultipleImputationUsing2011,
  title = {Multiple {{Imputation Using Chained Equations}}: {{Issues}} and {{Guidance}} for {{Practice}}},
  shorttitle = {Multiple Imputation Using Chained Equations},
  author = {White, Ian R. and Royston, Patrick and Wood, Angela M.},
  year = {2011},
  month = feb,
  volume = {30},
  pages = {377--399},
  issn = {02776715},
  doi = {10.1002/sim.4067},
  url = {http://doi.wiley.com/10.1002/sim.4067},
  urldate = {2018-05-16},
  file = {/Users/Shared/Zotero/storage/M82UU4SY/White et al. - 2011 - Multiple imputation using chained equations Issue.pdf},
  journal = {Statistics in Medicine},
  keywords = {Review,vignette},
  language = {en},
  number = {4}
}
% == BibTeX quality report for whiteMultipleImputationUsing2011:
% ? Title looks like it was stored in title-case in Zotero

@book{wickhamGgplot2ElegantGraphics2016,
  title = {{{ggplot2}}: {{Elegant Graphics}} for {{Data Analysis}}},
  author = {Wickham, Hadley},
  year = {2016},
  edition = {Second},
  publisher = {{Springer-Verlag}},
  address = {{New York, NY, USA}},
  url = {http://ggplot2.org},
  isbn = {978-3-319-24277-4},
  keywords = {R Package}
}

@misc{wickhamTidyrEasilyTidy2020,
  title = {{{tidyr}}: {{Easily Tidy Data}} with 'spread()' and 'Gather()' {{Functions}}},
  author = {Wickham, Hadley and Henry, Lionel},
  year = {2020},
  url = {https://CRAN.R-project.org/package=tidyr}
}
% == BibTeX quality report for wickhamTidyrEasilyTidy2018:
% Missing required field 'howpublished'


@article{hargartenAccountingUncertaintyDue2020a,
  title = {Accounting for the {{Uncertainty Due}} to {{Chemicals Below}} the {{Detection Limit}} in {{Mixture Analysis}}},
  author = {Hargarten, Paul M.},
  year = {2020},
  month = aug,
  journal = {VCU Theses and Dissertations}
}
% == BibTeX quality report for hargartenAccountingUncertaintyDue2020a:
% Missing required field 'number'
% Missing required field 'pages'
% Missing required field 'volume'
% ? Title looks like it was stored in title-case in Zotero


@misc{henryPurrrFunctionalProgramming2020,
  title = {{{purrr}}: {{Functional Programming Tools}}},
  author = {Henry, Lionel and Wickham, Hadley},
  year = {2020},
  url = {https://CRAN.R-project.org/package=purrr}
}
% == BibTeX quality report for henryPurrrFunctionalProgramming2020:
% Missing required field 'howpublished'

