@Article{friedrich2018,
  title = {{MATS}: Inference for Potentially Singular and Heteroscedastic {MANOVA}},
  journal = {Journal of Multivariate Analysis},
  volume = {165},
  pages = {166 - 179},
  year = {2018},
  issn = {0047-259X},
  url = {https://doi.org/10.1016/j.jmva.2017.12.008},
  author = {Sarah Friedrich and Markus Pauly},
}

@Article{friedrich2017,
  title = {Permuting Longitudinal Data in Spite of the Dependencies},
  journal = {Journal of Multivariate Analysis},
  volume = {153},
  pages = {255 - 265},
  year = {2017},
  issn = {0047-259X},
  url = {https://doi.org/10.1016/j.jmva.2016.10.004},
  author = {Sarah Friedrich and Edgar Brunner and Markus Pauly},
}

@Article{pauly2015,
  author = {Markus Pauly and David Ellenberger and Edgar Brunner},
  title = {Analysis of High-Dimensional One Group Repeated Measures Designs},
  journal = {Statistics},
  volume = {49},
  number = {6},
  pages = {1243-1261},
  year = {2015},
  publisher = {Taylor & Francis},
  eprint = { 
        https://doi.org/10.1080/02331888.2015.1050022   
},
  url = {https://doi.org/10.1080/02331888.2015.1050022},
}

@Article{harrar2009,
  title = {Asymptotics for Tests on Mean Profiles, Additional Information and Dimensionality under Non-Normality},
  journal = {Journal of Statistical Planning and Inference},
  volume = {139},
  number = {8},
  pages = {2685 - 2705},
  year = {2009},
  issn = {0378-3758},
  url = {https://doi.org/10.1016/j.jspi.2008.12.008},
  author = {Solomon W. Harrar},
}

@Article{harrar2016,
  title = {High-Dimensional Multivariate Repeated Measures Analysis with Unequal Covariance Matrices},
  journal = {Journal of Multivariate Analysis},
  volume = {145},
  pages = {1 - 21},
  year = {2016},
  issn = {0047-259X},
  url = {https://doi.org/10.1016/j.jmva.2015.11.012},
  author = {Solomon W. Harrar and Xiaoli Kong},
}

@Article{konietschke2015,
  title = {Parametric and Nonparametric Bootstrap Methods for General {MANOVA}},
  journal = {Journal of Multivariate Analysis},
  volume = {140},
  pages = {291 - 301},
  year = {2015},
  issn = {0047-259X},
  url = {https://doi.org/10.1016/j.jmva.2015.05.001},
  author = {Frank Konietschke and Arne C. Bathke and Solomon W. Harrar and Markus Pauly},
}

@Article{bathke2018,
  author = {Arne C. Bathke and Sarah Friedrich and Markus Pauly and Frank Konietschke and Wolfgang Staffen and Nicolas Strobl and Yvonne Höller},
  title = {Testing Mean Differences among Groups: Multivariate and Repeated Measures Analysis with Minimal Assumptions},
  journal = {Multivariate Behavioral Research},
  volume = {0},
  number = {0},
  pages = {0-0},
  year = {2018},
  publisher = {Routledge},
  note = {PMID: 29565679},
  eprint = {https://doi.org/10.1080/00273171.2018.1446320},
  url = {https://doi.org/10.1080/00273171.2018.1446320},
}

@Manual{datatable,
  title = {data.table: Extension of `data.frame`},
  author = {Matt Dowle and Arun Srinivasan},
  year = {2017},
  note = {R package version 1.10.4-3},
  url = {https://CRAN.R-project.org/package=data.table},
}

@Article{chen2010,
  title = {A Two-Sample Test for High-Dimensional Data with Applications to Gene-Set Testing},
  author = {Song Xi Chen and Ying-Li Qin and {others}},
  journal = {The Annals of Statistics},
  volume = {38},
  number = {2},
  pages = {808--835},
  year = {2010},
  publisher = {Institute of Mathematical Statistics},
  url = {https://dx.doi.org/10.1214/09-AOS716},
}

@Article{box1954a,
  title = {Some Theorems on Quadratic Forms Applied in the Study of Analysis of Variance Problems, I. Effect of Inequality of Variance in the One-Way Classification},
  author = {George EP Box},
  journal = {The Annals of Mathematical Statistics},
  volume = {25},
  number = {2},
  pages = {290--302},
  year = {1954},
  publisher = {Institute of Mathematical Statistics},
  url = {https://doi.org/10.1214/aoms/1177728786},
}

@Article{box1954b,
  title = {Some Theorems on Quadratic Forms Applied in the Study of Analysis of Variance Problems, II. Effects of Inequality of Variance and of Correlation between Errors in the Two-Way Classification},
  author = {George Box},
  journal = {The Annals of Mathematical Statistics},
  volume = {25},
  number = {3},
  pages = {484--498},
  year = {1954},
  publisher = {Institute of Mathematical Statistics},
  url = {https://doi.org/10.1214/aoms/1177728717},
}

@Article{bathke2009,
  author = {Arne C Bathke and Oliver Schabenberger and Randall D Tobias and Laurence V Madden},
  title = {Greenhouse-{G}eisser Adjustment and the {ANOVA}-Type Statistic: Cousins or Twins?},
  journal = {The American Statistician},
  volume = {63},
  number = {3},
  pages = {239-246},
  year = {2009},
  publisher = {Taylor \& Francis},
  url = {https://doi.org/10.1198/tast.2009.08187},
}

@Article{brunner1997,
  title = {{B}ox-Type Approximations in Nonparametric Factorial Designs},
  author = {Edgar Brunner and Holger Dette and Axel Munk},
  journal = {Journal of the American Statistical Association},
  volume = {92},
  number = {440},
  pages = {1494--1502},
  year = {1997},
  publisher = {Taylor \& Francis},
  url = {https://doi.org/10.1080/01621459.1997.10473671},
}

@Article{brunner2001,
  title = {Nonparametric Methods in Factorial Designs},
  author = {Edgar Brunner and Madan L Puri},
  journal = {Statistical Papers},
  volume = {42},
  number = {1},
  pages = {1--52},
  year = {2001},
  publisher = {Springer-Verlag},
  url = {https://doi.org/10.1007/s003620000039},
}

@Article{sattler2017,
  title = {Inference For High-Dimensional Split-Plot-Designs: A Unified Approach for Small to Large Numbers of Factor Levels},
  author = {Paavo Sattler and Markus Pauly},
  journal = {arXiv preprint arXiv:1706.02592},
  year = {2017},
}

@Article{brunner2012,
  title = {Estimation of {B}ox's $\varepsilon$ for Low-and High-Dimensional Repeated Measures Designs with Unequal Covariance Matrices},
  author = {Edgar Brunner and Arne C Bathke and Marius Placzek},
  journal = {Biometrical Journal},
  volume = {54},
  number = {3},
  pages = {301--316},
  year = {2012},
  publisher = {John Wiley \& Sons},
  url = {https://doi.org/10.1002/bimj.201100160},
}

@Article{geisser1958,
  title = {An Extension of {B}ox's Results on the Use of the {$F$} Distribution in Multivariate Analysis},
  author = {Seymour Geisser and Samuel W Greenhouse},
  journal = {The Annals of Mathematical Statistics},
  volume = {29},
  number = {3},
  pages = {885--891},
  year = {1958},
  publisher = {Institute of Mathematical Statistics},
  url = {https://doi.org/10.1214/aoms/1177706545},
}

@Article{greenhouse1959,
  title = {On Methods in the Analysis of Profile Data},
  author = {Samuel W Greenhouse and Seymour Geisser},
  journal = {Psychometrika},
  volume = {24},
  number = {2},
  pages = {95--112},
  year = {1959},
  publisher = {Springer-Verlag},
  url = {https://doi.org/10.1007/BF02289823},
}

@Article{happ2016,
  title = {Inference for Low-and High-Dimensional Multigroup Repeated Measures Designs with Unequal Covariance Matrices},
  author = {Martin Happ and Solomon W Harrar and Arne C Bathke},
  journal = {Biometrical Journal},
  volume = {58},
  number = {4},
  pages = {810--830},
  year = {2016},
  publisher = {John Wiley \& Sons},
  url = {https://doi.org/10.1002/bimj.201500064},
}

@Article{happ2017,
  title = {High-Dimensional Repeated Measures},
  author = {Martin Happ and Solomon W Harrar and Arne C Bathke},
  journal = {Journal of Statistical Theory and Practice},
  volume = {11},
  number = {3},
  pages = {468-477},
  year = {2017},
  publisher = {Taylor \& Francis},
  url = {https://doi.org/10.1080/15598608.2017.1307792},
}

@Article{huynh1976,
  title = {Estimation of the {B}ox Correction for Degrees of Freedom from Sample Data in Randomized Block and Split-Plot Designs},
  author = {Huynh Huynh and Leonard S Feldt},
  journal = {Journal of Educational Statistics},
  volume = {1},
  number = {1},
  pages = {69--82},
  year = {1976},
  publisher = {Sage Publications Sage CA: Thousand Oaks, CA},
  url = {https://doi.org/10.3102/10769986001001069 },
}

@Article{srivastava2007,
  title = {Multivariate Theory for Analyzing High Dimensional Data},
  author = {M. S. Srivastava},
  journal = {JOURNAL OF THE JAPAN STATISTICAL SOCIETY},
  volume = {37},
  number = {1},
  pages = {53-86},
  year = {2007},
  url = {https://doi.org/10.14490/jjss.37.53},
}

@Article{srivastava2010,
  title = {Testing the Equality of Several Covariance Matrices with Fewer Observations than the Dimension},
  journal = {Journal of Multivariate Analysis},
  volume = {101},
  number = {6},
  pages = {1319 - 1329},
  year = {2010},
  issn = {0047-259X},
  url = {https://doi.org/10.1016/j.jmva.2009.12.010},
  author = {Muni S. Srivastava and Hirokazu Yanagihara},
}

@Article{lecoutre1991,
  title = {A Correction for the $\tilde \varepsilon$ Approximate Test in Repeated Measures Designs with Two or More Independent Groups},
  author = {Bruno Lecoutre},
  journal = {Journal of Educational Statistics},
  volume = {16},
  number = {4},
  pages = {371--372},
  year = {1991},
  publisher = {Sage Publications Sage CA: Los Angeles, CA},
  url = {https://doi.org/10.3102/10769986016004371 },
}

@Article{staffen2014,
  title = {Combining SPECT and EEG Analysis for Assessment of Disorders with Amnestic Symptoms to Enhance Accuracy in Early Diagnostics},
  author = {W. Staffen and N. Strobl and H. Zauner and Y. Höller and J. Dobesberger and E. Trinka},
  journal = {Poster A19 Presented at the 11th Annual Meeting of the Austrian Society of Neurology. 26th-29th March 2014, Salzburg, Austria.},
  year = {2014},
  publisher = {Sage Publications Sage CA: Los Angeles, CA},
}

@Article{secchi2013,
  title = {Inference for the Mean of Large $ p $ Small $ n $ Data: A Finite-Sample High-Dimensional Generalization of {H}otelling's Theorem},
  author = {Piercesare Secchi and Aymeric Stamm and Simone Vantini},
  journal = {Electronic Journal of Statistics},
  volume = {7},
  pages = {2005--2031},
  year = {2013},
  publisher = {The Institute of Mathematical Statistics and the Bernoulli Society},
  url = {https://doi.org/10.1214/13-EJS833},
}

@Article{RGtk2,
  title = {{RGtk2}: A Graphical User Interface Toolkit for {R}},
  author = {Michael Lawrence and Duncan {Temple Lang}},
  journal = {Journal of Statistical Software},
  year = {2010},
  volume = {37},
  number = {8},
  pages = {1--52},
  url = {http://www.jstatsoft.org/v37/i08/},
}

@Article{rangel2004,
  title = {Modeling T-Cell Activation Using Gene Expression Profiling and State-Space Models},
  author = {Claudia Rangel and John Angus and Zoubin Ghahramani and Maria Lioumi and Elizabeth Sotheran and Alessia Gaiba and David L Wild and Francesco Falciani},
  journal = {Bioinformatics},
  volume = {20},
  number = {9},
  pages = {1361--1372},
  year = {2004},
  publisher = {Oxford University Press},
  url = {https://doi.org/10.1093/bioinformatics/bth093 },
}

@Manual{R,
  title = {R: A Language and Environment for Statistical Computing},
  author = {{R Core Team}},
  organization = {R Foundation for Statistical Computing},
  address = {Vienna, Austria},
  year = {2017},
  url = {https://www.R-project.org/},
}

@Manual{RGtk2Extras,
  title = {RGtk2Extras: Data Frame Editor and Dialog Making Wrapper for RGtk2},
  author = {Tom Taverner and {with contributions from John Verzani} and Iago Conde and Liviu Andronic},
  year = {2012},
  note = {R package version 0.6.1},
  url = {https://CRAN.R-project.org/package=RGtk2Extras},
}

@Manual{cairoDevice,
  title = {cairoDevice: Embeddable Cairo Graphics Device Driver},
  author = {Michael Lawrence},
  year = {2017},
  note = {R package version 2.24},
  url = {https://CRAN.R-project.org/package=cairoDevice},
}

@Manual{xtable,
  title = {xtable: Export Tables to LaTeX or HTML},
  author = {David B. Dahl},
  year = {2016},
  note = {R package version 1.8-2},
  url = {https://CRAN.R-project.org/package=xtable},
}

@Manual{longitudinal,
  title = {longitudinal: Analysis of Multiple Time Course Data},
  author = {Rainer Opgen-Rhein and Korbinian Strimmer.},
  year = {2015},
  note = {R package version 1.1.12},
  url = {https://CRAN.R-project.org/package=longitudinal},
}

@Book{ggplot2,
  author = {Hadley Wickham},
  title = {Ggplot2: Elegant Graphics for Data Analysis},
  publisher = {Springer-Verlag},
  year = {2009},
  isbn = {978-0-387-98140-6},
  url = {http://ggplot2.org},
}

@Manual{MANOVA.RM,
  title = {MANOVA.RM: Analysis of Multivariate Data and Repeated Measures Designs},
  author = {Sarah Friedrich and Frank Konietschke and Markus Pauly},
  year = {2017},
  note = {R package version 0.1.2},
  url = {https://CRAN.R-project.org/package=MANOVA.RM},
}

@Book{brunner2002,
  title = {Nonparametric Analysis of Longitudinal Data in Factorial Designs},
  author = {E Brunner and S Domhof and F Langer},
  year = {2002},
  publisher = {John Wiley \& Sons},
}

@Article{huynh1970,
  title = {Conditions under Which Mean Square Ratios in Repeated Measurements Designs Have Exact {F}-Distributions},
  author = {Huynh Huynh and Leonard S Feldt},
  journal = {Journal of the American Statistical Association},
  volume = {65},
  number = {332},
  pages = {1582--1589},
  year = {1970},
  publisher = {Taylor \& Francis},
  url = {https://doi.org/10.1080/01621459.1970.10481187},
}
