% -----------------------------------------------------------------------
% File: stocco.bib
% -----------------------------------------------------------------------

% Examples of various documents

@InProceedings{ChalnickBillman1988a,
  author =	 {A. Chalnick and D. Billman},
  title =	 {Unsupervised learning of correlational structure},
  booktitle =	 {Proceedings of the Tenth Annual Conference of the
                  Cognitive Science Society},
  pages =	 {510--516},
  year =	 1988,
  address =	 {Hillsdale, NJ},
  publisher =	 {Lawrence Erlbaum Associates}
}

@InCollection{Feigenbaum1963a,
  author =	 {E. A. Feigenbaum},
  title =	 {The simulation of verbal learning behavior},
  booktitle =	 {Computers and Thought},
  publisher =	 {McGraw-Hill},
  year =	 1963,
  editor =	 {E. A. Feigenbaum and J. Feldman},
  address =	 {New York}
}

@Article{Hill1983a,
  author =	 {J. A. C. Hill},
  title =	 {A computational model of language acquisition in the
                  two-year old},
  journal =	 {Cognition and Brain Theory},
  year =	 1983,
  volume =	 6,
  pages =	 {287--317}
}

@TechReport{OhlssonLangley1985a,
  author =	 {S. Ohlsson and P. Langley},
  title =	 {Identifying solution paths in cognitive diagnosis},
  institution =	 {Carnegie Mellon University, The Robotics Institute},
  year =	 1985,
  address =	 {Pittsburgh, PA},
  number =	 {CMU-RI-TR-85-2}
}

@PhdThesis{Lewis1978a,
  author =	 {C. Lewis},
  title =	 {Production system models of practice effects},
  school =	 {Department of Psychology, University of Michigan,
                  Ann Arbor},
  year =	 1978,
  type =	 {Doctoral dissertation}
}

@Book{NewellSimon1972a,
  author =	 {A. Newell and H. A. Simon},
  title =	 {Human Problem Solving},
  publisher =	 {Prentice-Hall},
  year =	 1972,
  address =	 {Englewood Cliffs, NJ}
}

@Book{ShragerLangley1990a,
  editor =	 {J. Shrager and P. Langley},
  title =	 {Computational Models of Scientific Discovery and
                  Theory Formation},
  publisher =	 {Morgan Kaufmann},
  year =	 1990,
  address =	 {San Mateo, CA}
}



% --------------------------------------------------------------------
% Here comes the real biblio
% --------------------------------------------------------------------

@article{stocco2014bilingual,
  title =	 {Bilingual brain training: A neurobiological
                  framework of how bilingual experience improves
                  executive function},
  author =	 {Stocco, Andrea and Yamasaki, Brianna and Natalenko,
                  Rodion and Prat, Chantel S},
  journal =	 {International Journal of Bilingualism},
  volume =	 18,
  number =	 1,
  pages =	 {67--92},
  year =	 2014,
  publisher =	 {SAGE Publications}
}

@article{buchweitz2013bilingual,
  title =	 {The bilingual brain: Flexibility and control in the
                  human cortex},
  author =	 {Buchweitz, Augusto and Prat, Chantel},
  journal =	 {Physics of Life Reviews},
  volume =	 10,
  number =	 4,
  pages =	 {428--443},
  year =	 2013,
  publisher =	 {Elsevier}
}

@article{burgess2007function,
  title =	 {Function and localization within rostral prefrontal
                  cortex (area 10)},
  author =	 {Burgess, Paul W and Gilbert, Sam J and Dumontheil,
                  Iroise and Burgess, Paul W and Gilbert, Sam J and
                  Dumontheil, Iroise},
  journal =	 {Philosophical Transactions of the Royal Society B:
                  Biological Sciences},
  volume =	 362,
  number =	 1481,
  pages =	 {887--899},
  year =	 2007,
  publisher =	 {The Royal Society}
}

@article{bush2000cognitive,
  title =	 {Cognitive and emotional influences in anterior
                  cingulate cortex},
  author =	 {Bush, George and Luu, Phan and Posner, Michael I},
  journal =	 {Trends in Cognitive Sciences},
  volume =	 4,
  number =	 6,
  pages =	 {215--222},
  year =	 2000,
  publisher =	 {Elsevier}
}

@article{brett2001MNI2TT,
  title =	 {Using the {T}alairach atlas with the {MNI} template},
  author =	 {Brett, M. and Christoff, K. and Cusack, R. and
                  Lancaster, J.},
  journal =	 {Neuroimage},
  volume =	 5,
  number =	 13,
  pages =	 85,
  year =	 2001,
}

@article{turkeltaub2002meta,
  title =	 {Meta-analysis of the functional neuroanatomy of
                  single-word reading: Method and validation},
  author =	 {Turkeltaub, Peter E and Eden, Guinevere F and Jones,
                  Karen M and Zeffiro, Thomas A},
  journal =	 {Neuroimage},
  volume =	 16,
  number =	 3,
  pages =	 {765--780},
  year =	 2002,
  publisher =	 {Elsevier}
}

@article{stocco2013bilingual,
  title =	 {Bilingual brain training: {A} neurobiological
                  framework of how bilingual experience improves
                  executive function},
  author =	 {Stocco, Andrea and Yamasaki, Brianna and Natalenko,
                  Rodion and Prat, Chantel S},
  journal =	 {International Journal of Bilingualism},
  year =	 {in press},
  publisher =	 {SAGE Publications}
}

@article{rorden2000stereotaxic,
  title =	 {Stereotaxic display of brain lesions},
  author =	 {Rorden, Chris and Brett, Matthew and others},
  journal =	 {Behavioural Neurology},
  volume =	 12,
  number =	 4,
  pages =	 {191--200},
  year =	 2000,
  publisher =	 {IOS Press}
}

@book{friston2006SPM,
  edition =	 1,
  editor =	 {Friston, Karl and Ashburner, John and Kiebel, Stefan
                  and Nichols, Thomas and Penny, William},
  howpublished = {Hardcover},
  isbn =	 0123725607,
  keywords =	 {functional\_neuroimaging,
                  statistical\_parametric\_mapping},
  month =	 dec,
  publisher =	 {Academic Press},
  title =	 {Statistical Parametric Mapping: The Analysis of
                  Functional Brain Images},
  url =
                  {http://www.sciencedirect.com/science/book/9780123725608},
  year =	 2006
}

@article{cox1997software,
  title =	 {Software tools for analysis and visualization of
                  f{MRI} data},
  author =	 {Cox, Robert W and Hyde, James S},
  journal =	 {NMR in Biomedicine},
  volume =	 10,
  number =	 45,
  pages =	 {171--178},
  year =	 1997,
  publisher =	 {Citeseer}
}

@article{smith2004advances,
  title =	 {Advances in functional and structural {MR} image
                  analysis and implementation as {FSL}},
  author =	 {Smith, Stephen M and Jenkinson, Mark and Woolrich,
                  Mark W and Beckmann, Christian F and Behrens,
                  Timothy EJ and Johansen-Berg, Heidi and Bannister,
                  Peter R and De Luca, Marilena and Drobnjak, Ivana
                  and Flitney, David E and others},
  journal =	 {Neuroimage},
  volume =	 23,
  pages =	 {S208--S219},
  year =	 2004,
  publisher =	 {Elsevier}
}

@article{holmes1998enhancement,
  title =	 {Enhancement of {MR} images using registration for
                  signal averaging},
  author =	 {Holmes, Colin J and Hoge, Rick and Collins, Louis
                  and Woods, Roger and Toga, Arthur W and Evans, Alan
                  C},
  journal =	 {Journal of Computer Assisted Tomography},
  volume =	 22,
  number =	 2,
  pages =	 {324--333},
  year =	 1998,
  publisher =	 {LWW}
}

@article{salimi2009meta,
  title =	 {Meta-analysis of neuroimaging data: A comparison of
                  image-based and coordinate-based pooling of studies},
  author =	 {Salimi-Khorshidi, Gholamreza and Smith, Stephen M
                  and Keltner, John R and Wager, Tor D and Nichols,
                  Thomas E},
  journal =	 {Neuroimage},
  volume =	 45,
  number =	 3,
  pages =	 {810--823},
  year =	 2009,
  publisher =	 {Elsevier}
}

@book{poldrack2011handbook,
  title =	 {Handbook of Functional {MRI} Data Analysis},
  author =	 {Poldrack, Russell A and Mumford, Jeanette A and
                  Nichols, Thomas E},
  year =	 2011,
  publisher =	 {Cambridge University Press}
}

@article{eloyan2014analytic,
  title =	 {Analytic programming with f{MRI} data: A quick-start
                  guide for statisticians using {R}},
  author =	 {Eloyan, Ani and Li, Shanshan and Muschelli, John and
                  Pekar, Jim J and Mostofsky, Stewart H and Caffo,
                  Brian S},
  journal =	 {PloS ONE},
  volume =	 9,
  number =	 2,
  pages =	 {e89470},
  year =	 2014,
  publisher =	 {Public Library of Science}
}

@article{avants2011reproducible,
  title =	 {A reproducible evaluation of ANTs similarity metric
                  performance in brain image registration},
  author =	 {Avants, Brian B and Tustison, Nicholas J and Song,
                  Gang and Cook, Philip A and Klein, Arno and Gee,
                  James C},
  journal =	 {Neuroimage},
  volume =	 54,
  number =	 3,
  pages =	 {2033--2044},
  year =	 2011,
  publisher =	 {Elsevier}
}

% --- The packages cited

@manual{cluster,
  title =	 {cluster: Cluster analysis basics and extensions},
  author =	 {Martin Maechler and Peter Rousseeuw and Anja Struyf
                  and Mia Hubert and Kurt Hornik},
  year =	 2012,
  note =	 {R package version 1.14.3 --- For new features, see
                  the 'Changelog' file (in the package source)},
}

@article{spatstat,
  title =	 {spatstat: An {R} package for analyzing spatial point
                  patterns},
  author =	 {Adrian Baddeley and Rolf Turner},
  journal =	 {Journal of Statistical Software},
  volume =	 12,
  number =	 6,
  pages =	 {1--42},
  year =	 2005,
  url =		 {http://www.jstatsoft.org/v12/i06},
}

@article{oro.nifti,
  title =	 {Working with the {DICOM} and {NIfTI} data standards
                  in {R}},
  author =	 {Brandon Whitcher and Volker J. Schmid and Andrew
                  Thornton},
  journal =	 {Journal of Statistical Software},
  year =	 2011,
  volume =	 44,
  number =	 6,
  pages =	 {1--28},
  url =		 {http://www.jstatsoft.org/v44/i06/},
}

@Article{fmri,
  title =	 {Statistical parametric maps for functional {MRI}
                  experiments in {R}: The package {fmri}},
  author =	 {Karsten Tabelow and J\"org Polzehl},
  journal =	 {Journal of Statistical Software},
  year =	 2011,
  volume =	 44,
  number =	 11,
  pages =	 {1--21},
  url =		 {http://www.jstatsoft.org/v44/i11/},
}

@Article{AnalyzeFMRI,
  title =	 {Temporal and spatial independent component analysis
                  for f{MRI} data sets embedded in the {AnalyzeFMRI}
                  {R} Package},
  author =	 {C\'ecile Bordier and Michel Dojat and Pierre Lafaye
                  de Micheaux},
  journal =	 {Journal of Statistical Software},
  year =	 2011,
  volume =	 44,
  number =	 9,
  pages =	 {1--24},
  url =		 {http://www.jstatsoft.org/v44/i09/},
}

@Article{neuRosim,
  title =	 {{neuRosim}: An {R} Package for generating f{MRI}
                  data},
  author =	 {Marijke Welvaert and Joke Durnez and Beatrijs
                  Moerkerke and Geert Verdoolaege and Yves Rosseel},
  journal =	 {Journal of Statistical Software},
  year =	 2011,
  volume =	 44,
  number =	 10,
  pages =	 {1--18},
  url =		 {http://www.jstatsoft.org/v44/i10/},
}

@Manual{BHMSMAfMRI,
  title =	 {BHMSMAfMRI: {B}ayesian hierarchical multi-subject
                  multiscale analysis of functional {MRI} data},
  author =	 {Nilotpal Sanyal and Marco A.R. Ferreira},
  year =	 2014,
  note =	 {R package version 1.0},
  url =		 {http://CRAN.R-project.org/package=BHMSMAfMRI},
}

@Manual{RfmriVC,
  title =	 {{RfmriVC}: Varying stimulus coefficient f{MRI} models in
                  {R}},
  author =	 {Ludwig Bothmann and Stefanie Kalus},
  year =	 2013,
  note =	 {R package version 1.0.4},
  url =		 {http://CRAN.R-project.org/package=RfmriVC},
}

@Article{arf3DS4,
  title =	 {{arf3DS4}: An integrated framework for localization
                  and connectivity analysis of f{MRI} data},
  author =	 {Wouter D. Weeda and Frank de Vos and Lourens
                  J. Waldorp and Raoul P. P. P. Grasman and Hilde
                  M. Huizenga},
  journal =	 {Journal of Statistical Software},
  year =	 2011,
  volume =	 44,
  number =	 14,
  pages =	 {1--33},
  url =		 {http://www.jstatsoft.org/v44/i14/},
}

@Manual{RNiftyReg,
  title =	 {RNiftyReg: Medical image registration using the
                  {NiftyReg} library},
  author =	 {Jon Clayden},
  year =	 2013,
  note =	 {R package version 1.1.2; based on original code by
                  Marc Modat and Pankaj Daga},
  url =		 {http://CRAN.R-project.org/package=RNiftyReg},
}

@Article{polzehl2007fmri,
  title =	 {fmri: A Package for Analyzing fmri Data},
  author =	 {Polzehl, J{\"o}rg and Tabelow, Karsten},
  year =	 {2007},
  journal =	 {R News},
  volume =       7, 
  number =       2,
  pages =        {13--17},
}

% --- End

% Studies used for meta-analysis

@article{stocco2012distinct,
  title =	 {Distinct contributions of the caudate nucleus,
                  rostral prefrontal cortex, and parietal cortex to
                  the execution of instructed tasks},
  author =	 {Stocco, Andrea and Lebiere, Christian and O'Reilly,
                  Randall C and Anderson, John R},
  journal =	 {Cognitive, Affective, \& Behavioral Neuroscience},
  volume =	 12,
  number =	 4,
  pages =	 {611--628},
  year =	 2012,
  publisher =	 {Springer}
}

@article{cole2010prefrontal,
  title =	 {Prefrontal dynamics underlying rapid instructed task
                  learning reverse with practice},
  author =	 {Cole, Michael W and Bagic, Anto and Kass, Robert and
                  Schneider, Walter},
  journal =	 {The Journal of Neuroscience},
  volume =	 30,
  number =	 42,
  pages =	 {14245--14254},
  year =	 2010,
  publisher =	 {Society for Neuroscience}
}

@article{cole2013rapid,
  title =	 {Rapid instructed task learning: A new window into
                  the human brain's unique capacity for flexible
                  cognitive control},
  author =	 {Cole, Michael W and Laurent, Patryk and Stocco,
                  Andrea},
  journal =	 {Cognitive, Affective, \& Behavioral Neuroscience},
  volume =	 13,
  number =	 1,
  pages =	 {1--22},
  year =	 2013,
  publisher =	 {Springer}
}

@article{hartstra2011implementation,
  title =	 {The implementation of verbal instructions: An f{MRI}
                  study},
  author =	 {Hartstra, Egbert and K{\"u}hn, Simone and Verguts,
                  Tom and Brass, Marcel},
  journal =	 {Human Brain Mapping},
  volume =	 32,
  number =	 11,
  pages =	 {1811--1824},
  year =	 2011,
  publisher =	 {Wiley Online Library}
}

@article{ruge2010rapid,
  title =	 {Rapid formation of pragmatic rule representations in
                  the human brain during instruction-based learning},
  author =	 {Ruge, Hannes and Wolfensteller, Uta},
  journal =	 {Cerebral Cortex},
  volume =	 20,
  number =	 7,
  pages =	 {1656--1667},
  year =	 2010,
  publisher =	 {Oxford University Press}
}



% Studies used for neuroimaging

@article{mcnab2007prefrontal,
  title =	 {Prefrontal cortex and basal ganglia control access
                  to working memory},
  author =	 {McNab, Fiona and Klingberg, Torkel},
  journal =	 {Nature neuroscience},
  volume =	 11,
  number =	 1,
  pages =	 {103--107},
  year =	 2007,
  publisher =	 {Nature Publishing Group}
}

@article{worsley2002general,
  title =	 {A general statistical analysis for f{MRI} data},
  author =	 {Worsley, Keith J and Liao, CH and Aston, J and
                  Petre, V and Duncan, GH and Morales, F and Evans,
                  AC},
  journal =	 {Neuroimage},
  volume =	 15,
  number =	 1,
  pages =	 {1--15},
  year =	 2002,
  publisher =	 {Elsevier}
}

% -----------------------------------------------------------------------
% Document End
% -----------------------------------------------------------------------

