@Article{ltm2006,
  title = {Ltm: An {R} Package for Latent Variable Modelling and Item Response Theory Analyses},
  author = {Dimitris Rizopoulos},
  journal = {Journal of Statistical Software},
  year = {2006},
  volume = {17},
  number = {5},
  pages = {1--25},
  url = {http://www.jstatsoft.org/v17/i05/},
}

@Article{B2008,
  title = {Implementing Representations of Space in Economic Geography},
  author = {Roger Bivand},
  journal = {Journal of Regional Science},
  volume = {48},
  number = {1},
  pages = {1--27},
  year = {2008},
  publisher = {John Wiley \& Sons},
}

@Article{R2012,
  title = {{lavaan}: An {R} Package for Structural Equation Modeling},
  author = {Yves Rosseel},
  journal = {Journal of Statistical Software},
  year = {2012},
  volume = {48},
  number = {2},
  pages = {1--36},
  url = {http://www.jstatsoft.org/v48/i02/},
}

@Article{S2015,
  title = {semPlot: Unified Visualizations of Structural Equation Models},
  author = {Sacha Epskamp},
  journal = {Structural Equation Modeling: A Multidisciplinary Journal},
  volume = {22},
  number = {3},
  pages = {474--483},
  year = {2015},
  publisher = {Taylor \& Francis},
}

@Manual{semPlot2014,
  title = {{semPlot}: Path Diagrams and Visual Analysis of Various SEM Packages' Output},
  author = {Sacha Epskamp},
  year = {2014},
  note = {R package version 1.0.1},
  url = {https://CRAN.R-project.org/package=semPlot},
}

@Article{KS2016converg,
  author = {Waldemar W. Koczkodaj and Jacek Szybowski},
  title = {The Limit of Inconsistency Reduction in Pairwise Comparisons},
  journal = {Applied Mathematics and Computer Science},
  year = {2016},
  volume = {26},
  number = {3},
  pages = {721--729},
  bibsource = {dblp computer science bibliography, http://dblp.org},
  biburl = {http://dblp.dagstuhl.de/rec/bib/journals/amcs/KoczkodajS16},
  url = {https://doi.org/10.1515/amcs-2016-0050},
}

@Article{K2Y2016,
  author = {Waldemar W. Koczkodaj and Ludmil Mikhailov and Grzegorz Redlarski and Michael Soltys and Jacek Szybowski and Gaik Tamazian and Eliza Wajch and Kevin Kam Fung Yuen},
  title = {Important Facts and Observations about Pairwise Comparisons (the Special Issue Edition)},
  journal = {Fundam. Inform.},
  year = {2016},
  volume = {144},
  number = {3-4},
  pages = {291--307},
  bibsource = {dblp computer science bibliography, http://dblp.org},
  biburl = {http://dblp.dagstuhl.de/rec/bib/journals/fuin/KoczkodajMRSSTW16},
  url = {https://doi.org/10.3233/fi-2016-1336},
}

@Article{KSW2016,
  author = {Waldemar W. Koczkodaj and Jacek Szybowski and Eliza Wajch},
  title = {Inconsistency Indicator Maps on Groups for Pairwise Comparisons},
  journal = {Int. J. Approx. Reasoning},
  year = {2016},
  volume = {69},
  pages = {81--90},
  bibsource = {dblp computer science bibliography, http://dblp.org},
  biburl = {http://dblp.dagstuhl.de/rec/bib/journals/ijar/KoczkodajSW16},
  url = {https://doi.org/10.1016/j.ijar.2015.11.007},
}

@Article{K2016paradox,
  author = {Waldemar W. Koczkodaj},
  title = {Pairwise Comparisons Rating Scale Paradox},
  journal = {Trans. Computational Collective Intelligence},
  year = {2016},
  volume = {22},
  pages = {1--9},
  bibsource = {dblp computer science bibliography, http://dblp.org},
  biburl = {http://dblp.dagstuhl.de/rec/bib/journals/tcci/Koczkodaj16},
  url = {https://doi.org/10.1007/978-3-662-49619-0_1},
}

@InProceedings{KT2016a,
  author = {Waldemar W. Koczkodaj and Anna Tatarczak},
  title = {Developing Coalitions by Pairwise Comparisons: a Preliminary Study},
  booktitle = {Position Papers of the 2016 Federated Conference on Computer Science and Information Systems, FedCSIS 2016, Gda{\'{n}}sk, Poland, September 11-14, 2016.},
  year = {2016},
  editor = {Maria Ganzha and Leszek A. Maciaszek and Marcin Paprzycki},
  pages = {189--193},
  bibsource = {dblp computer science bibliography, http://dblp.org},
  biburl = {http://dblp.dagstuhl.de/rec/bib/conf/fedcsis/KoczkodajT16},
  url = {https://doi.org/10.15439/2016f466},
}

@InProceedings{RK2016Gdansk,
  author = {Grzegorz Redlarski and Waldemar W. Koczkodaj and Marek Krawczuk and Janusz Siebert and Katarzyna E. Mrozik and Aleksander Palkowski and Piotr Tojza},
  title = {A Conception of Pairwise Comparisons Model for Selection of Appropriate Body Surface Area Calculation Formula},
  booktitle = {Proceedings of the 2016 Federated Conference on Computer Science and Information Systems, FedCSIS 2016, Gda{\'{n}}sk, Poland, September 11-14, 2016.},
  year = {2016},
  editor = {Maria Ganzha and Leszek A. Maciaszek and Marcin Paprzycki},
  pages = {303--308},
  bibsource = {dblp computer science bibliography, http://dblp.org},
  biburl = {http://dblp.dagstuhl.de/rec/bib/conf/fedcsis/RedlarskiKKSMPT16},
  url = {https://doi.org/10.15439/2016f146},
}

@Article{KM2016a,
  author = {Waldemar W. Koczkodaj and Jean-Pierre Magnot},
  title = {A Geometric Framework for the Inconsistency in Pairwise Comparisons},
  journal = {CoRR},
  year = {2016},
  volume = {abs/1601.06301},
  bibsource = {dblp computer science bibliography, http://dblp.org},
  biburl = {http://dblp.dagstuhl.de/rec/bib/journals/corr/KoczkodajM16},
  url = {http://arxiv.org/abs/1601.06301},
}

@Article{KS2015simplif,
  author = {Waldemar W. Koczkodaj and Jacek Szybowski},
  title = {Pairwise Comparisons Simplified},
  journal = {Applied Mathematics and Computation},
  year = {2015},
  volume = {253},
  pages = {387--394},
  bibsource = {dblp computer science bibliography, http://dblp.org},
  biburl = {http://dblp.dagstuhl.de/rec/bib/journals/amc/KoczkodajS15},
  url = {https://doi.org/10.1016/j.amc.2014.12.069},
}

@Article{KKSX2015,
  author = {Waldemar W. Koczkodaj and Marek Kosiek and Jacek Szybowski and Ding Xu},
  title = {Fast Convergence of Distance-Based Inconsistency in Pairwise Comparisons},
  journal = {Fundam. Inform.},
  year = {2015},
  volume = {137},
  number = {3},
  pages = {355--367},
  bibsource = {dblp computer science bibliography, http://dblp.org},
  biburl = {http://dblp.dagstuhl.de/rec/bib/journals/fuin/KoczkodajKSX15},
  url = {https://doi.org/10.3233/fi-2015-1184},
}

@Article{BFKi2015,
  author = {Sándor Bozóki and Jándor Fülöp and Waldemar W. Koczkodaj},
  title = {An {LP}-Based Inconsistency Monitoring of Pairwise Comparison Matrices},
  journal = {CoRR},
  year = {2015},
  volume = {abs/1505.01902},
  bibsource = {dblp computer science bibliography, http://dblp.org},
  biburl = {http://dblp.dagstuhl.de/rec/bib/journals/corr/BozokiFK15},
  url = {http://arxiv.org/abs/1505.01902},
}

@Article{FKS2015scale,
  author = {Jándor Fülöp and Waldemar W. Koczkodaj and Stanislaw J. Szarek},
  title = {A Different Perspective on a Scale for Pairwise Comparisons},
  journal = {CoRR},
  year = {2015},
  volume = {abs/1508.01191},
  bibsource = {dblp computer science bibliography, http://dblp.org},
  biburl = {http://dblp.dagstuhl.de/rec/bib/journals/corr/FulopKS15},
  url = {http://arxiv.org/abs/1508.01191},
}

@Article{HK2015Monte,
  author = {Michael W. Herman and Waldemar W. Koczkodaj},
  title = {A Monte Carlo Study of Pairwise Comparisons},
  journal = {CoRR},
  year = {2015},
  volume = {abs/1505.01888},
  bibsource = {dblp computer science bibliography, http://dblp.org},
  biburl = {http://dblp.dagstuhl.de/rec/bib/journals/corr/HermanK15},
  url = {http://arxiv.org/abs/1505.01888},
}

@Article{Koczkodaj2015d,
  author = {Waldemar W. Koczkodaj and Marian Orlowski},
  title = {An Algorithm for the Optimal Consistent Approximation to a Pairwise Comparisons Matrix by Orthogonal Projections},
  journal = {CoRR},
  year = {2015},
  volume = {abs/1505.01903},
  bibsource = {dblp computer science bibliography, http://dblp.org},
  biburl = {http://dblp.dagstuhl.de/rec/bib/journals/corr/KoczkodajO15},
  url = {http://arxiv.org/abs/1505.01903},
}

@Article{Koczkodaj2015e,
  author = {Waldemar W. Koczkodaj and Jacek Szybowski},
  title = {On the Convergence of the Pairwise Comparisons Inconsistency Reduction Process},
  journal = {CoRR},
  year = {2015},
  volume = {abs/1505.01325},
  bibsource = {dblp computer science bibliography, http://dblp.org},
  biburl = {http://dblp.dagstuhl.de/rec/bib/journals/corr/KoczkodajS15},
  url = {http://arxiv.org/abs/1505.01325},
}

@Article{Koczkodaj2015f,
  author = {Waldemar W. Koczkodaj and Jacek Szybowski},
  title = {The Key Properties of Inconsistency Indicators for a Triad in Pairwise Comparison Matrices},
  journal = {CoRR},
  year = {2015},
  volume = {abs/1505.05220},
  bibsource = {dblp computer science bibliography, http://dblp.org},
  biburl = {http://dblp.dagstuhl.de/rec/bib/journals/corr/KoczkodajS15a},
  url = {http://arxiv.org/abs/1505.05220},
}

@Article{Koczkodaj2015g,
  author = {Waldemar W. Koczkodaj and Jacek Szybowski},
  title = {Axiomatization of Inconsistency Indicators for Pairwise Comparisons Matrices Revisited},
  journal = {CoRR},
  year = {2015},
  volume = {abs/1509.03781},
  bibsource = {dblp computer science bibliography, http://dblp.org},
  biburl = {http://dblp.dagstuhl.de/rec/bib/journals/corr/KoczkodajS15b},
  url = {http://arxiv.org/abs/1509.03781},
}

@Article{GKKL2013,
  author = {Yiqun Gan and Tamar Kakiashvili and Waldemar W. Koczkodaj and Feng Li},
  title = {A Note on Relevance of Diagnostic Classification and Rating Scales Used in Psychiatry},
  journal = {Computer Methods and Programs in Biomedicine},
  year = {2013},
  volume = {112},
  number = {1},
  pages = {16--21},
  bibsource = {dblp computer science bibliography, http://dblp.org},
  biburl = {http://dblp.dagstuhl.de/rec/bib/journals/cmpb/GanKKL13},
  url = {https://doi.org/10.1016/j.cmpb.2013.05.016},
}

@Article{KKW2012,
  author = {Tamar Kakiashvili and Waldemar W. Koczkodaj and Marc Woodbury-Smith},
  title = {Improving the Medical Scale Predictability by the Pairwise Comparisons Method: Evidence from a Clinical Data Study},
  journal = {Computer Methods and Programs in Biomedicine},
  year = {2012},
  volume = {105},
  number = {3},
  pages = {210--216},
  bibsource = {dblp computer science bibliography, http://dblp.org},
  biburl = {http://dblp.dagstuhl.de/rec/bib/journals/cmpb/KakiashviliKW12},
  url = {https://doi.org/10.1016/j.cmpb.2011.09.011},
}

@Article{FKS2012convex,
  author = {Jándor Fülöp and Waldemar W. Koczkodaj and S. J. Szarek},
  title = {On Some Convexity Properties of the Least Squares Method for Pairwise Comparisons Matrices without the Reciprocity Condition},
  journal = {J. Global Optimization},
  year = {2012},
  volume = {54},
  number = {4},
  pages = {689--706},
  bibsource = {dblp computer science bibliography, http://dblp.org},
  biburl = {http://dblp.dagstuhl.de/rec/bib/journals/jgo/FulopKS12},
  url = {https://doi.org/10.1007/s10898-011-9785-z},
}

@Article{ABBK2011optim,
  author = {Marcin Anholcer and Volodymyr Babiy and Sándor Bozóki and Waldemar W. Koczkodaj},
  title = {A Simplified Implementation of the Least Squares Solution for Pairwise Comparisons Matrices},
  journal = {{CEJOR}},
  year = {2011},
  volume = {19},
  number = {4},
  pages = {439--444},
  bibsource = {dblp computer science bibliography, http://dblp.org},
  biburl = {http://dblp.dagstuhl.de/rec/bib/journals/cejor/AnholcerBBK11},
  url = {https://doi.org/10.1007/s10100-010-0134-y},
}

@Article{BFK2011,
  author = {Sándor Bozóki and Jándor Fülöp and Waldemar W. Koczkodaj},
  title = {An {LP}-Based Inconsistency Monitoring of Pairwise Comparison Matrices},
  journal = {Mathematical and Computer Modelling},
  year = {2011},
  volume = {54},
  number = {1-2},
  pages = {789--793},
  bibsource = {dblp computer science bibliography, http://dblp.org},
  biburl = {http://dblp.dagstuhl.de/rec/bib/journals/mcm/BozokiFK11},
  url = {https://doi.org/10.1016/j.mcm.2011.03.026},
}

@InProceedings{Szczecin2011,
  author = {Mohammed Alqarni and Yassen Arabi and Tamar Kakiashvili and Mohammed Khedr and Waldemar W. Koczkodaj and J. Leszek and Artur Przelaskowski and K. Rutkowski},
  title = {Improving the Predictiveness of {ICU} Medical Scales by the Method of Pairwise Comparisons},
  booktitle = {Federated Conference on Computer Science and Information Systems - FedCSIS 2011, Szczecin, Poland, 18-21 September 2011, Proceedings},
  year = {2011},
  editor = {Maria Ganzha and Leszek A. Maciaszek and Marcin Paprzycki},
  pages = {11--17},
  bibsource = {dblp computer science bibliography, http://dblp.org},
  biburl = {http://dblp.dagstuhl.de/rec/bib/conf/fedcsis/AlqarniAKKKLPR11},
  url = {http://ieeexplore.ieee.org/xpl/articleDetails.jsp?arnumber=6078272},
}

@Article{FKS2010,
  author = {Jándor Fülöp and Waldemar W. Koczkodaj and S. J. Szarek},
  title = {A Different Perspective on a Scale for Pairwise Comparisons},
  journal = {Trans. Computational Collective Intelligence},
  year = {2010},
  volume = {1},
  pages = {71--84},
  bibsource = {dblp computer science bibliography, http://dblp.org},
  biburl = {http://dblp.dagstuhl.de/rec/bib/journals/tcci/FulopKS10},
  url = {https://doi.org/10.1007/978-3-642-15034-0_5},
}

@InProceedings{KBBJW2010,
  author = {Waldemar W. Koczkodaj and Vova Babiy and Agnieszka D. Bogobowicz and Ryszard Janicki and Alan Wassyng},
  title = {Selecting the Best Strategy in a Software Certification Process},
  booktitle = {International Multiconference on Computer Science and Information Technology - {IMCSIT} 2010, Wisla, Poland, 18-20 October 2010, Proceedings},
  year = {2010},
  pages = {53--58},
  bibsource = {dblp computer science bibliography, http://dblp.org},
  biburl = {http://dblp.dagstuhl.de/rec/bib/conf/imcsit/KoczkodajBBJW10},
  url = {http://www.proceedings2010.imcsit.org/pliks/200.pdf},
}

@InProceedings{BJJKKW2009tabular,
  author = {Volodymyr Babiy and Ryszard Janicki and Tiffany Jingco and Tamar Kakiashvili and Waldemar W. Koczkodaj and Marc Woodbury-Smith},
  title = {Benefits of Using Tabular Expressions in Planning Health Services},
  booktitle = {Proceedings of the 2009 International Conference on Software Engineering Research {\&} Practice, {SERP} 2009, July 13-16, 2009, Las Vegas, Nevada, USA, 2 Volumes},
  year = {2009},
  editor = {Hamid R. Arabnia and Hassan Reza},
  pages = {99--102},
  publisher = {{CSREA} Press},
  bibsource = {dblp computer science bibliography, http://dblp.org},
  biburl = {http://dblp.dagstuhl.de/rec/bib/conf/serp/BabiyJJKKW09},
}

@Article{Bozoki2008,
  author = {Sándor Bozóki and Tamás Rapcsák},
  title = {On \emph{Saaty}'s and \emph{Koczkodaj}'s Inconsistencies of Pairwise Comparison Matrices},
  journal = {J. Global Optimization},
  year = {2008},
  volume = {42},
  number = {2},
  pages = {157--175},
  bibsource = {dblp computer science bibliography, http://dblp.org},
  biburl = {http://dblp.dagstuhl.de/rec/bib/journals/jgo/BozokiR08},
  url = {https://doi.org/10.1007/s10898-007-9236-z},
}

@InProceedings{KK2008QOL,
  author = {Tamar Kakiashvili and Waldemar W. Koczkodaj and Phyllis Montgomery and Kalpdrum Passi and Ryszard Tadeusiewicz},
  title = {Assessing the Properties of the World Health Organization's Quality of Life Index},
  booktitle = {Proceedings of the International Multiconference on Computer Science and Information Technology, {IMCSIT} 2008, Wisla, Poland, 20-22 October 2008},
  year = {2008},
  pages = {151--154},
  publisher = {{IEEE}},
  bibsource = {dblp computer science bibliography, http://dblp.org},
  biburl = {http://dblp.dagstuhl.de/rec/bib/conf/imcsit/KakiashviliKMPT08},
  url = {https://doi.org/10.1109/imcsit.2008.4747232},
}

@InProceedings{GJKKKPT2007web,
  author = {Ratvinder Singh Grewal and Ryszard Janicki and Tamar Kakiashvili and K. Kielan and Waldemar W. Koczkodaj and Kalpdrum Passi and Ryszard Tadeusiewicz},
  title = {Attacking the Web Cancer with the Automatic Understanding Approach},
  booktitle = {Advances in Intelligent Web Mastering, Proceedings of the 5th Atlantic Web Intelligence Conference - {AWIC} 2007, Fontainebleau, France, June 25 - 27, 2007},
  year = {2007},
  editor = {Katarzyna Wegrzyn-Wolska and Piotr S. Szczepaniak},
  volume = {43},
  series = {Advances in Soft Computing},
  pages = {136--141},
  publisher = {Springer-Verlag},
  bibsource = {dblp computer science bibliography, http://dblp.org},
  biburl = {http://dblp.dagstuhl.de/rec/bib/conf/awic/GrewalJKKKPT07},
  url = {https://doi.org/10.1007/978-3-540-72575-6_22},
}

@Article{KHO1999,
  author = {Waldemar W. Koczkodaj and Michael W. Herman and Marian Orlowski},
  title = {Managing Null Entries in Pairwise Comparisons},
  journal = {Knowl. Inf. Syst.},
  year = {1999},
  volume = {1},
  number = {1},
  pages = {119--125},
  bibsource = {dblp computer science bibliography, http://dblp.org},
  biburl = {http://dblp.dagstuhl.de/rec/bib/journals/kais/KoczkodajHO99},
  url = {http://kais.mines.edu/&#126;kais/WWW/Vol-1-1-abstracts.shtml#W115},
}

@InProceedings{KHO1997,
  author = {Waldemar W. Koczkodaj and Michael W. Herman and Marian Orlowski},
  title = {Using Consistency-Driven Pairwise Comparisons in Knowledge-Based Systems},
  booktitle = {Proceedings of the Sixth International Conference on Information and Knowledge Management (CIKM'97), Las Vegas, Nevada, November 10-14, 1997},
  year = {1997},
  editor = {Forouzan Golshani and Kia Makki},
  pages = {91--96},
  publisher = {{ACM}},
  bibsource = {dblp computer science bibliography, http://dblp.org},
  biburl = {http://dblp.dagstuhl.de/rec/bib/conf/cikm/KoczkodajHO97},
  url = {https://doi.org/10.1145/266714.266867},
}

@Article{HK1996conv,
  author = {Wlodzimierz Holsztynski and Waldemar W. Koczkodaj},
  title = {Convergence of Inconsistency Algorithms for the Pairwise Comparisons},
  journal = {Inf. Process. Lett.},
  year = {1996},
  volume = {59},
  number = {4},
  pages = {197--202},
  bibsource = {dblp computer science bibliography, http://dblp.org},
  biburl = {http://dblp.dagstuhl.de/rec/bib/journals/ipl/HolsztynskiK96},
  url = {https://doi.org/10.1016/0020-0190(96)00113-5},
}

@Proceedings{Proc1993,
  title = {Computing and Information - {ICCI'93}, Fifth International Conference on Computing and Information, Sudbury, Ontario, Canada, May 27-29, 1993, Proceedings},
  year = {1993},
  editor = {Osman Abou-Rabia and Carl K. Chang and Waldemar W. Koczkodaj},
  publisher = {{IEEE} Computer Society},
  isbn = {0-8186-4212-2},
  bibsource = {dblp computer science bibliography, http://dblp.org},
  biburl = {http://dblp.dagstuhl.de/rec/bib/conf/icci/1993},
}

@InProceedings{DK1992,
  author = {Zbigniew Duszak and Waldemar W. Koczkodaj},
  title = {Principal Components and the Accuracy of Machine Learning},
  booktitle = {Proceedings of the International Conference on Database and Expert Systems Applications, Valencia, Spain, 1992.},
  year = {1992},
  editor = {A Min Tjoa and Isidro Ramos},
  pages = {421--426},
  publisher = {Springer-Verlag},
  bibsource = {dblp computer science bibliography, http://dblp.org},
  biburl = {http://dblp.dagstuhl.de/rec/bib/conf/dexa/DuszakK92},
}

@Proceedings{ICCI1992,
  title = {Computing and Information - {ICCI'92}, Fourth International Conference on Computing and Information, Toronto, Ontario, Canada, May 28-30, 1992, Proceedings},
  year = {1992},
  editor = {Waldemar W. Koczkodaj and Peter E. Lauer and Anestis A. Toptsis},
  publisher = {{IEEE} Computer Society},
  isbn = {0-8186-2812-X},
  bibsource = {dblp computer science bibliography, http://dblp.org},
  biburl = {http://dblp.dagstuhl.de/rec/bib/conf/icci/1992},
}

@Article{K1991guest,
  author = {Waldemar W. Koczkodaj},
  title = {Guest Editor's Introduction: Induction Algorithms},
  journal = {International Journal of Software Engineering and Knowledge Engineering},
  year = {1991},
  volume = {1},
  number = {4},
  pages = {409--411},
  bibsource = {dblp computer science bibliography, http://dblp.org},
  biburl = {http://dblp.dagstuhl.de/rec/bib/journals/ijseke/Koczkodaj91},
  url = {https://doi.org/10.1142/s0218194091000275},
}

@Proceedings{ICCI1991,
  title = {Advances in Computing and Information - {ICCI'91}, International Conference on Computing and Information, Ottawa, Canada, May 27-29, 1991, Proceedings},
  year = {1991},
  editor = {Frank K. H. A. Dehne and Frantisek Fiala and Waldemar W. Koczkodaj},
  volume = {497},
  series = {Lecture Notes in Computer Science},
  publisher = {Springer-Verlag},
  isbn = {3-540-54029-6},
  bibsource = {dblp computer science bibliography, http://dblp.org},
  biburl = {http://dblp.dagstuhl.de/rec/bib/conf/icci/1991},
}

@Proceedings{ICCI1990,
  title = {Advances in Computing and Information - {ICCI'90}, International Conference on Computing and Information, Niagara Falls, Canada, May 23-26, 1990, Proceedings},
  year = {1990},
  editor = {Selim G. Akl and Frantisek Fiala and Waldemar W. Koczkodaj},
  volume = {468},
  series = {Lecture Notes in Computer Science},
  publisher = {Springer-Verlag},
  isbn = {3-540-53504-7},
  bibsource = {dblp computer science bibliography, http://dblp.org},
  biburl = {http://dblp.dagstuhl.de/rec/bib/conf/icci/1990},
}

@Article{KS2015keyProp,
  author = {W. W. Koczkodaj and J. Szybowski},
  title = {The Key Properties of Inconsistency Indicators for a Triad in Pairwise Comparison Matrices},
  journal = {TBA},
  year = {2017},
  __markedentry = {[wkoczkodaj:]},
  date = {2015-05-20},
  eprint = {1505.05220v2},
  eprintclass = {cs.DM},
  eprinttype = {arXiv},
  file = {online:http\://arxiv.org/pdf/1505.05220v2:PDF},
}

@Article{Herman2015,
  author = {M. W. Herman and W. W. Koczkodaj},
  title = {A Monte Carlo Study of Pairwise Comparisons},
  journal = {nformation Processing Letters},
  year = {1996},
  __markedentry = {[wkoczkodaj:]},
  date = {2015-05-07},
  eprint = {1505.01888v1},
  eprintclass = {cs.OH},
  eprinttype = {arXiv},
  file = {online:http\://arxiv.org/pdf/1505.01888v1:PDF},
  journaltitle = {Information Processing Letters 57 (1996) 25-29},
}

@Article{KO2015ortog,
  author = {W. W. Koczkodaj and M. Orlowski},
  title = {An Algorithm for the Optimal Consistent Approximation to a Pairwise Comparisons Matrix by Orthogonal Projections},
  journal = {Computers \& Mathematics with Applications},
  year = {1997},
  __markedentry = {[wkoczkodaj:]},
  date = {2015-05-08},
  eprint = {1505.01903v1},
  eprintclass = {cs.OH},
  eprinttype = {arXiv},
  file = {online:http\://arxiv.org/pdf/1505.01903v1:PDF},
  journaltitle = {Computers \& Mathematics with Applications,34(10): 41-47, 1997},
  url = {https://doi.org/10.1016/s0898-1221(97)00205-8},
}

@Article{K1993,
  author = {Waldemar W Koczkodaj},
  title = {A New Definition of Consistency of Pairwise Comparisons},
  journal = {Mathematical and computer modelling},
  year = {1993},
  volume = {18},
  number = {7},
  pages = {79--84},
  __markedentry = {[wkoczkodaj:6]},
  publisher = {Elsevier},
}

@Article{HK1996Monte,
  author = {Michael W Herman and Waldemar W Koczkodaj},
  title = {A Monte Carlo Study of Pairwise Comparison},
  journal = {Information Processing Letters},
  year = {1996},
  volume = {57},
  number = {1},
  pages = {25--29},
  __markedentry = {[wkoczkodaj:6]},
  publisher = {Elsevier},
}

@Article{KS2010,
  author = {Waldemar W Koczkodaj and Stanisław J Szarek},
  title = {On Distance-Based Inconsistency Reduction Algorithms for Pairwise Comparisons},
  journal = {Logic Journal of IGPL},
  year = {2010},
  volume = {18},
  number = {6},
  pages = {859--869},
  __markedentry = {[wkoczkodaj:6]},
  publisher = {Oxford Univ Press},
}

@Article{DK1994,
  author = {Zbigniew Duszak and Waldemar W Koczkodaj},
  title = {Generalization of a New Definition of Consistency for Pairwise Comparisons},
  journal = {Information Processing Letters},
  year = {1994},
  volume = {52},
  number = {5},
  pages = {273--276},
  __markedentry = {[wkoczkodaj:6]},
  publisher = {Elsevier},
}

@Article{KO1999,
  author = {Waldemar W Koczkodaj and Marian Orłowski},
  title = {Computing a Consistent Approximation to a Generalized Pairwise Comparisons Matrix},
  journal = {Computers \& Mathematics with Applications},
  year = {1999},
  volume = {37},
  number = {3},
  pages = {79--85},
  __markedentry = {[wkoczkodaj:6]},
  publisher = {Elsevier},
}

@Article{KS2014,
  author = {Waldemar W Koczkodaj and Ryszard Szwarc},
  title = {On Axiomatization of Inconsistency Indicators for Pairwise Comparisons},
  journal = {Fundamenta Informaticae},
  year = {2014},
  volume = {132},
  number = {4},
  pages = {485--500},
  __markedentry = {[wkoczkodaj:6]},
  publisher = {IOS Press},
}

@Article{K1998,
  author = {Waldemar W Koczkodaj},
  title = {Testing the Accuracy Enhancement of Pairwise Comparisons by a Monte Carlo Experiment},
  journal = {Journal of Statistical Planning and Inference},
  year = {1998},
  volume = {69},
  number = {1},
  pages = {21--31},
  __markedentry = {[wkoczkodaj:6]},
  publisher = {Elsevier},
}

@Article{K1996,
  author = {Waldemar W Koczkodaj},
  title = {Statistically Accurate Evidence of Improved Error Rate by Pairwise Comparisons},
  journal = {Perceptual and Motor Skills},
  year = {1996},
  volume = {82},
  number = {1},
  pages = {43--48},
  __markedentry = {[wkoczkodaj:6]},
  publisher = {SAGE Publications},
}

@Article{KOM1998,
  author = {Waldemar W Koczkodaj and Marian Orlowski and Victor W Marek},
  title = {Myths about Rough Set Theory},
  journal = {Communications of the ACM},
  year = {1998},
  volume = {41},
  number = {11},
  pages = {102--103},
  __markedentry = {[wkoczkodaj:6]},
}

@InCollection{Fueloep2010,
  author = {Jándor Fülöp and Waldemar W Koczkodaj and Stanisław J Szarek},
  title = {A Different Perspective on a Scale for Pairwise Comparisons},
  booktitle = {Transactions on Computational Collective Intelligence I},
  publisher = {Springer-Verlag},
  year = {2010},
  pages = {71--84},
  __markedentry = {[wkoczkodaj:6]},
}

@Article{HK1996conver,
  author = {Włodzimierz Holsztyński and Waldemar W Koczkodaj},
  title = {Convergence of Inconsistency Algorithms for the Pairwise Comparisons},
  journal = {Information Processing Letters},
  year = {1996},
  volume = {59},
  number = {4},
  pages = {197--202},
  __markedentry = {[wkoczkodaj:6]},
  publisher = {Elsevier},
}

@Article{KKL2014,
  author = {Waldemar W Koczkodaj and Konrad Kułakowski and Antoni Ligęza},
  title = {On the Quality Evaluation of Scientific Entities in Poland Supported by Consistency-Driven Pairwise Comparisons Method},
  journal = {Scientometrics},
  year = {2014},
  volume = {99},
  number = {3},
  pages = {911--926},
  __markedentry = {[wkoczkodaj:6]},
  publisher = {Springer-Verlag},
}

@Article{JK1996,
  author = {Ryszard Janicki and Waldemar W Koczkodaj},
  title = {A Weak Order Approach to Group Ranking},
  journal = {Computers \& Mathematics with Applications},
  year = {1996},
  volume = {32},
  number = {2},
  pages = {51--59},
  __markedentry = {[wkoczkodaj:6]},
  publisher = {Elsevier},
}

@InProceedings{Koczkodaj1997,
  author = {Waldemar W Koczkodaj and Michael W Herman and Marian Orłowski},
  title = {Using Consistency-Driven Pairwise Comparisons in Knowledge-Based Systems},
  booktitle = {Proceedings of the Sixth International Conference on Information and Knowledge Management},
  year = {1997},
  pages = {91--96},
  organization = {ACM},
  __markedentry = {[wkoczkodaj:6]},
}

@Article{JK1998,
  author = {Ryszard Janicki and Waldemar W Koczkodaj},
  title = {A Weak Order Solution to a Group Ranking and Consistency-Driven Pairwise Comparisons},
  journal = {Applied Mathematics and Computation},
  year = {1998},
  volume = {94},
  number = {2-3},
  pages = {227--241},
  __markedentry = {[wkoczkodaj:6]},
  publisher = {Elsevier},
}

@Article{VC1979,
  author = {W. {Velden M. \& Clark}},
  title = {Reduction of Rating Scale Data by Means of Signal Detection Theory},
  journal = {Psychophysics},
  year = {1979},
  volume = {25(6)},
  pages = {517-518},
  note = {doi:10.3758/BF03213831},
}

@Article{K17rsr,
  author = {W. W. Koczkodaj and T. Kakiashvili and A. Szymańska and J. Montero-Marin and R. Araya and {and J. Garcia-Campayo} and K. Rutkowski and D. Strzałka},
  title = {How to Reduce the Number of Rating Scale Items without Predictability Loss?},
  volume = {111},
  pages = {581--593},
  journal = {Scientometrics},
  year = {2017},
  volume = {111},
}

@Article{WHOfs,
  author = {{WHO}},
  title = {Mental Disorders Fact Sheet},
  journal = {``www.who.int/mediacentre/factsheets/fs396/en/''},
  year = {2016},
  volume = {April},
}

@Article{WHOcost,
  author = {{WKO}},
  title = {Media Centre},
  journal = {``http://www.who.int/mediacentre/news/releases/2016/depression-anxiety-treatment/en/''},
  year = {2017},
}

@Article{sing2005rocr,
  title = {{ROCR}: Visualizing Classifier Performance in {R}},
  author = {Tobias Sing and Oliver Sander and Niko Beerenwinkel and Thomas Lengauer},
  journal = {Bioinformatics},
  volume = {21},
  number = {20},
  pages = {3940--3941},
  year = {2005},
  publisher = {Oxford Univ Press},
}

@Article{MBB2002,
  title = {Assessing Full Remission},
  author = {Roger McIntyre and Sidney Kennedy and Michael Bagby and David Bakish},
  journal = {Journal of psychiatry \& neuroscience: JPN},
  volume = {27},
  number = {4},
  pages = {235},
  year = {2002},
  publisher = {8872147 Canada Inc.},
}

@Article{ROC101,
  author = {Tom Fawcett},
  title = {{ROC} Graphs: Notes and Practical Considerations for Researchers},
  journal = {Machine learning},
  year = {2004},
  volume = {31},
  number = {1},
  pages = {1--38},
}

@Article{OHQ,
  title = {The Oxford Happiness Questionnaire: A Compact Scale for the Measurement of Psychological Well-Being},
  author = {Peter Hills and Michael Argyle},
  journal = {Personality and individual differences},
  volume = {33},
  number = {7},
  pages = {1073--1082},
  year = {2002},
  publisher = {Elsevier},
}

@Article{pROC,
  title = {{pROC}: An Open-Source Package for {R} and {S+} to Analyze and Compare {ROC} Curves},
  author = {Xavier Robin and Natacha Turck and Alexandre Hainard and Natalia Tiberti and Frédérique Lisacek and Jean-Charles Sanchez and Markus Müller},
  year = {2011},
  journal = {BMC Bioinformatics},
  volume = {12},
  pages = {77},
}

@Article{goksuluk2016easyroc,
  title = {{easyROC}: An Interactive Web-Tool for {ROC} Curve Analysis Using {R} Language Environment},
  author = {Dincer Goksuluk and Selcuk Korkmaz and Gokmen Zararsiz and A Ergun Karaagaoglu},
  journal = {The R Journal},
  year = {2016},
}

@Manual{RSR2017,
  title = {{RatingScaleReduction}: Rating Scale Reduction Procedure},
  author = {Waldemar W. Koczkodaj and Alicja Wolny-Dominiak},
  year = {2017},
  note = {R package version 1.0},
}

@Article{bilgic2013rlme,
  title = {Rlme: An {R} Package for Rank-Based Estimation and Prediction in Random Effects Nested Models},
  author = {Yusuf K Bilgic and Herbert Susmann},
  journal = {The R Journal},
  volume = {5},
  number = {2},
  pages = {71--79},
  year = {2013},
}

@Article{winslow2016sbtools,
  title = {Sbtools: A Package Connecting {R} to Cloud-Based Data for Collaborative Online Research},
  author = {Luke A Winslow and Scott Chamberlain and Alison P Appling and Jordan S Read},
  journal = {The R Journal},
  volume = {8},
  number = {1},
  pages = {387--398},
  year = {2016},
}

@Article{leeper2016crowdsourced,
  title = {Crowdsourced Data Preprocessing with {R} and Amazon Mechanical Turk},
  author = {Thomas J Leeper},
  journal = {The R Journal},
  volume = {8},
  number = {1},
  pages = {276--288},
  year = {2016},
  publisher = {R Foundation for Statistical Computing},
}

@Misc{MLrepository,
  author = {M. Lichman},
  year = {2013},
  title = {{UCI} Machine Learning Repository},
  url = {http://archive.ics.uci.edu/ml},
  institution = {University of California, Irvine, School of Information and Computer Sciences},
}

@InProceedings{cestnik1987assistant,
  title = {{ASSISTANT} 86: A Knowledge-Elicitation Tool for Sophisticated Users.},
  author = {Bojan Cestnik and Igor Kononenko and Ivan Bratko and {others}},
  booktitle = {EWSL},
  pages = {31--45},
  year = {1987},
}
