@book{agresti02,
author = {A.~{Agresti}},
title = {{Categorical Data Analysis}},
publisher = {Wiley New York 2nd edition},
year = {2002}
}
@book{altham76,
author = {P.~{Altham}},
title = {{Discrete variable analysis for individuals grouped into families}},
publisher = {Biometrika 63:},
pages = {263--269},
year = {1976}
}
@book{bi12,
author = {J.~{Bi and C.~Kuesten}},
title = {{Intraclass correlation coefficient (ICC): A framework for monitoring and assessing performance of trained sensory panels and panelists}},
publisher = {Journal of Sensory Studies 27:},
pages = {352--364},
year = {2012}
}
@book{bishop75,
author = {Y.~{Bishop, S.~Fienberg, and P.~Holland}},
title = {{Discrete Multivariate Analysis: Theory and Practice}},
publisher = {The MIT Press Cambridge},
year = {1975}
}
@book{borkowf00,
author = {C.~{Borkowf}},
title = {{On multidimensional contingency tables with categories defined by the empirical quantiles of the marginal data}},
publisher = {Journal of Statistical Planning and Inference 91:},
pages = {33--51},
year = {2000}
}
@book{cohen76,
author = {J.~{Cohen}},
title = {{The distribution of the chi-squared statistic under clustered sampling from contingency tables}},
publisher = {Journal of the American Statistical Association,71:},
pages = {665--670},
year = {1976}
}
@book{demirhan13JAS,
author = {H.~{Demirhan}},
title = {{Bayesian estimation of log odds ratios over two way contingency tables with intraclass correlated cells}},
publisher = {Journal of Applied Statistics 40:},
pages = {2303--2316},
year = {2013}
}
@book{rTableICC,
author = {H.~{Demirhan}},
title = {{rTableICC: Random Generation of Contingency Tables, }},
publisher = {R package version 1.0.3},
year = {2015},
url = {https://CRAN.R-project.org/package=rTableICC}
}
@book{demirhan08,
author = {H.~{Demirhan and C.~Hamurkaroglu}},
title = {{Bayesian estimation of log odds ratios from $R times C$ and $2 times 2 times K$ contingency tables}},
publisher = {Statistica Neerlandica 62:},
pages = {405--512},
year = {2008}
}
@book{partitions,
author = {R.~K.~S. {Hankin}},
title = {{Additive integer partitions in R}},
publisher = {Journal of Statistical Software 16:  May  doi10.18637/jss.v016.c01},
pages = {1--3},
year = {2006}
}
@book{nandram06,
author = {B.~{Nandram and J.~Choi}},
title = {{Bayesian analysis of a two way categorical table incorporating intraclass correlation}},
publisher = {Journal of Statistical Computation and Simulation,76:},
pages = {233--249},
year = {2006}
}
@book{patefield81,
author = {W.~{Patefield}},
title = {{Algorithm AS159. An efficient method of generating $R times C$ tables with given row and column totals}},
publisher = {Applied Statistics 30:},
pages = {91--97},
year = {1981}
}






