@article{realdata,
author = {Reis, Ricardo Jose and La Rocca, Poliana de Freitas and Basile, Lucca and Navarro, Albert and Mart\'in, Miguel},
journal = {International Journal of Epidemiology},
pages = {227--234},
title = {Cohort Profile: The Hospital das Clínicas Cohort Study, Belo Horizonte, Minas Gerais, Brazil},
pages = {710--715},
volume = {37},
number={4},
year = {2008}
}
@article{Hernandez-Herrera2021,
author = {Hern{\'{a}}ndez-Herrera, Gilma and Mori{\~{n}}a, David and Navarro, Albert},
journal={arXiv preprint},
title = {{Left-censored recurrent event analysis in epidemiological studies: a proposal when the number of previous episodes is unknown}},
url = {http://arxiv.org/abs/2102.11279},
year = {2021}
}

@article{navarro2017analyzing,
author = {Navarro, Albert and Casanovas, Georgina and Alvarado, Sergio and Mori{\~{n}}a, David},
journal = {Gaceta sanitaria},
number = {3},
pages = {227--234},
publisher = {Elsevier Doyma},
title = {{Analyzing recurrent events when the history of previous episodes is unknown or not taken into account: proceed with caution}},
volume = {31},
year = {2017}
}

@article{navarro2012,
author = {Navarro, Albert and Mori{\~{n}}a, David and Reis, Ricardo and Nedel, F{\'{u}}lvio B. and Mart{\'{i}}n, Miguel and Alvarado, Sergio},
doi = {10.5271/sjweh.3276},
issn = {1795-990X},
journal = {Scandinavian journal of work, environment {\&} health},
month = {sep},
number = {5},
pages = {447--55},
pmid = {22286954},
title = {{Hazard functions to describe patterns of new and recurrent sick leave episodes for different diagnoses}},
url = {http://www.ncbi.nlm.nih.gov/pubmed/22286954},
volume = {38},
year = {2012}
}

@article{Fernandez-Fontelo2016,
author = {Fern{\'{a}}ndez-Fontelo, Amanda and Caba{\~{n}}a, Alejandra and Puig, Pedro and Mori{\~{n}}a, David},
doi = {10.1002/sim.7026},
issn = {10970258},
journal = {Statistics in Medicine},
month = {nov},
number = {26},
pages = {4875--4890},
publisher = {John Wiley and Sons Ltd},
title = {{Under-reported data analysis with INAR-hidden Markov chains}},
volume = {35},
year = {2016}
}
@Article{survsim,
    title = {The {R} Package {survsim} for the Simulation of Simple and Complex Survival Data},
    author = {David Mori{\~n}a and Albert Navarro},
    journal = {Journal of Statistical Software},
    year = {2014},
    volume = {59},
    number = {2},
    pages = {1--20},
    url = {http://www.jstatsoft.org/v59/i02/},
  }

@Manual{compoisson,
    title = {compoisson: Conway-Maxwell-Poisson Distribution},
    author = {Jeffrey Dunn},
    year = {2012},
    note = {R package version 0.3},
    url = {https://CRAN.R-project.org/package=compoisson},
  }
  
@article{Shmueli2005,
author = {Shmueli, Galit and Minka, Thomas P. and Kadane, Joseph B. and Borle, Sharad and Boatwright, Peter},
doi = {10.1111/J.1467-9876.2005.00474.X},
issn = {1467-9876},
journal = {Journal of the Royal Statistical Society: Series C (Applied Statistics)},
month = {jan},
number = {1},
pages = {127--142},
publisher = {John Wiley & Sons, Ltd},
title = {{A useful distribution for fitting discrete data: revival of the Conway–Maxwell–Poisson distribution}},
url = {https://rss.onlinelibrary.wiley.com/doi/full/10.1111/j.1467-9876.2005.00474.x},
volume = {54},
year = {2005}
}

@article{Hernandez-Herrera2020,
author = {Hern{\'{a}}ndez-Herrera, Gilma and Navarro, Albert and Mori{\~{n}}a, David},
journal={arXiv preprint},
title = {{Regression-based imputation of explanatory discrete missing data}},
url = {http://arxiv.org/abs/2007.15031},
year = {2020}
}
@book{Rubin1987,
author = {Rubin, Donald B},
isbn = {047108705X},
publisher = {John Wiley},
title = {{Multiple Imputation for Nonresponse in Surveys}},
year = {1987}
}
