@article{easley1992time,
	journal={Journal of Finance},
	number=2,
	title={Time and the Process of Security Price Adjustment},
	volume=47,
	author={Easley, David and O'Hara, Maureen},
	pages={577--605},
	date=1992,
	year=1992,
}
@article{easley1996liquidity,
	journal={The Journal of Finance},
	doi={10.2307/2329399},
	issn=00221082,
	number=4,
	publisher={JSTOR},
	title={Liquidity, Information, and Infrequently Traded Stocks},
	volume=51,
	author={Easley, David and Kiefer, Nicholas M. and O'Hara, Maureen and Paperman, Joseph B.},
	pages=1405,
	date={1996-09},
	year=1996,
	month=9,
}
@article{ersan2016multilayer,
	journal={SSRN Electronic Journal},
	doi={10.2139/ssrn.2874420},
	issn={1556-5068},
	publisher={Elsevier BV},
	title={Multilayer Probability of Informed Trading},
	author={Ersan, Oguz},
	date={2016-11-30},
	year=2016,
	month=11,
	day=30,
}
@article{duarte2009why,
	journal={Journal of Financial Economics},
	doi={10.1016/j.jfineco.2007.10.008},
	issn={0304405X},
	number=2,
	title={Why is PIN priced?},
	volume=91,
	author={Duarte, Jefferson and Young, Lance},
	pages={119--138},
	date=2009,
	year=2009,
}
@article{Easley2011microstructure,
	journal={Journal of Portfolio Management},
	doi={10.3905/jpm.2011.37.2.118},
	issn=00954918,
	number=2,
	publisher={Institutional Investor Journals Umbrella},
	title={The microstructure of the "flash crash": Flow toxicity, liquidity crashes, and the probability of informed trading},
	volume=37,
	author={Easley, David and De Prado, Marcos M.LóPez and O'Hara, Maureen},
	pages={118--128},
	date={2011-12-31},
	year=2011,
	month=12,
	day=31,
}
@article{Easley2012Flow,
	journal={Review of Financial Studies},
	doi={10.1093/rfs/hhs053},
	issn=08939454,
	number=5,
	title={Flow toxicity and liquidity in a high-frequency world},
	volume=25,
	author={Easley, David and López De Prado, Marcos M. and O'Hara, Maureen},
	pages={1457--1493},
	date={2012-05},
	year=2012,
	month=5,
}
@article{Ahn2008Informed,
	journal={Journal of Futures Markets},
	doi={10.1002/FUT.20369},
	issn={1096-9934},
	number=12,
	publisher={John Wiley & Sons, Ltd},
	title={Informed trading in the index option market: The case of KOSPI 200 options},
	volume=28,
	author={Ahn, Hee-Joon and Kang, Jangkoo and Ryu, Doojin},
	pages={1118--1146},
	date={2008-12-01},
	year=2008,
	month=12,
	day=1,
}
@article{Berkman2014Informed,
	journal={Journal of Finance},
	doi={10.1111/jofi.12043},
	issn=00221082,
	number=1,
	publisher={John Wiley & Sons, Ltd},
	title={Informed Trading through the Accounts of Children},
	volume=69,
	author={Berkman, Henk and Koch, Paul D. and Westerholm, P. Joakim},
	pages={363--404},
	date={2014-02-01},
	year=2014,
	month=2,
	day=1,
}
@article{Chang2014dynamic,
	journal={Journal of Empirical Finance},
	doi={10.1016/j.jempfin.2014.02.003},
	issn=09275398,
	publisher={Elsevier B.V.},
	title={A dynamic intraday measure of the probability of informed trading and firm-specific return variation},
	volume=29,
	author={Chang, Sanders S. and Chang, V. Lenisa and Wang, F. Albert},
	pages={80--94},
	date={2014-12-01},
	year=2014,
	month=12,
	day=1,
}
@article{Bongaerts2014Cross-Sectional,
	journal={SSRN Electronic Journal},
	doi={10.2139/ssrn.2532128},
	issn={1556-5068},
	publisher={Elsevier BV},
	title={Cross-Sectional Identification of Informed Trading},
	author={Bongaerts, Dion and Rösch, Dominik and Van Dijk, Mathijs A.},
	date={2014-12-03},
	year=2014,
	month=12,
	day=3,
}
@article{Hsieh2014Informed,
	journal={Journal of International Financial Markets, Institutions and Money},
	doi={10.1016/j.intfin.2014.03.012},
	issn=10424431,
	number=1,
	publisher={Elsevier Ltd},
	title={Informed trading, trading strategies and the information content of trading volume: Evidence from the Taiwan index options market},
	volume=31,
	author={Hsieh, Wen liang G. and He, Huei Ru},
	pages={187--215},
	date={2014-07-01},
	year=2014,
	month=7,
	day=1,
}
@article{Yin2015Hidden,
	journal={Journal of Applied Econometrics},
	doi={10.1002/jae.2412},
	issn=10991255,
	number=7,
	publisher={John Wiley and Sons Ltd},
	title={A Hidden Markov Model Approach to Information-Based Trading: Theory and Applications},
	volume=30,
	author={Yin, Xiangkang and Zhao, Jing},
	pages={1210--1234},
	date={2015-11-01},
	year=2015,
	month=11,
	day=1,
}
@article{Guo2016Better,
	journal={Contemporary Accounting Research},
	doi={10.1111/1911-3846.12160},
	issn=19113846,
	number=2,
	publisher={Wiley-Blackwell},
	title={A Better Measure of Institutional Informed Trading},
	volume=33,
	author={Guo, Hui and Qiu, Buhui},
	pages={815--850},
	date={2016-06-01},
	year=2016,
	month=6,
	day=1,
}
@article{Hasbrouck1991Measuring,
	journal={The Journal of Finance},
	doi={10.1111/j.1540-6261.1991.tb03749.x},
	issn=15406261,
	number=1,
	publisher={John Wiley & Sons, Ltd},
	title={Measuring the Information Content of Stock Trades},
	volume=46,
	author={Hasbrouck, Joel},
	pages={179--207},
	date={1991-03-01},
	year=1991,
	month=3,
	day=1,
}
@article{Huang1996Dealer,
	journal={Journal of Financial Economics},
	doi={10.1016/0304-405X(95)00867-E},
	issn={0304405X},
	number=3,
	publisher={Elsevier},
	title={Dealer versus auction markets: A paired comparison of execution costs on NASDAQ and the NYSE},
	volume=41,
	author={Huang, Roger D. and Stoll, Hans R.},
	pages={313--357},
	date={1996-07-01},
	year=1996,
	month=7,
	day=1,
}
@article{Huang1997components,
	journal={Review of Financial Studies},
	doi={10.1093/rfs/10.4.995},
	issn=08939454,
	number=4,
	publisher={Oxford University Press},
	title={The components of the bid-ask spread: A general approach},
	volume=10,
	author={Huang, Roger D. and Stoll, Hans R.},
	pages={995--1034},
	year=1997,
	month=10,
	day=1,
}
@article{Madhavan1997Why,
	journal={Review of Financial Studies},
	doi={10.1093/rfs/10.4.1035},
	issn=08939454,
	number=4,
	publisher={Oxford University Press},
	title={Why do security prices change? A transaction-level analysis of NYSE stocks},
	volume=10,
	author={Madhavan, Ananth and Richardson, Matthew and Roomans, Mark},
	pages={1035--1064},
	date={1997-02-01},
	year=1997,
	month=2,
	day=1,
}
@article{Easley1987Price,
	journal={Journal of Financial Economics},
	doi={10.1016/0304-405X(87)90029-8},
	issn={0304405X},
	number=1,
	publisher={North-Holland},
	title={Price, trade size, and information in securities markets},
	volume=19,
	author={Easley, David and O'Hara, Maureen},
	pages={69--90},
	date={1987-09-01},
	year=1987,
	month=9,
	day=1,
}
@article{Easley1997information,
	journal={Journal of Empirical Finance},
	doi={10.1016/S0927-5398(97)00005-4},
	issn=09275398,
	number={2-3},
	publisher={Elsevier},
	title={The information content of the trading process},
	volume=4,
	author={Easley, David and Kiefer, Nicholas M. and O'Hara, Maureen},
	pages={159--186},
	date={1997-06-01},
	year=1997,
	month=6,
	day=1,
}
@article{Easley2008Time-varying,
	journal={Journal of Financial Econometrics},
	doi={10.1093/jjfinec/nbn003},
	issn=14798409,
	number=2,
	title={Time-varying arrival rates of informed and uninformed trades},
	volume=6,
	author={Easley, David and Engle, Robert F. and O'hara, Maureen and Wu, Liuren},
	pages={171--207},
	date={2008-03},
	year=2008,
	month=3,
}
@article{Celik2018InfoTrad,
	journal={R Journal},
	number=1,
	publisher={Technische Universitaet Wien},
	title={InfoTrad: An R package for estimating the probability of informed trading},
	volume=10,
	author={Celik, Duygu and Tiniç, Murat},
	pages={31--42},
	date=2018,
	year=2018,
}
@article{griffin2021,
title = {Estimating the probability of informed trading: A Bayesian approach},
journal = {Journal of Banking and Finance},
volume = {125},
year = {2021},
issn = {0378-4266},
doi = {https://doi.org/10.1016/j.jbankfin.2021.106045},
author = {Jim Griffin and Jaideep Oberoi and Samuel D. Oduro}
}
@Manual{Celik2017InfoTrad,
  title = {InfoTrad: Calculates the Probability of Informed Trading (PIN)},
  author = {Duygu Celik and Murat Tiniç},
  year = {2017},
  note = {R package version 1.2},
  url = {https://CRAN.R-project.org/package=InfoTrad},
}

@Manual{Recktenwald2018pinbasic,
    title = {pinbasic: Fast and Stable Estimation of the Probability of Informed
Trading (PIN)},
    author = {Andreas Recktenwald},
    year = {2018},
    note = {R package version 1.2.2},
    url = {https://CRAN.R-project.org/package=pinbasic},
  }

@article{recktenwald2019advanced,
title={Advanced methods for estimating the probability of informed trading},
author={Recktenwald, Andreas}, doi={http://dx.doi.org/10.22028/D291-31254},
year={2019},
journal={Saarl{\"a}ndische Universit{\"a}ts-und Landesbibliothek}
}


@article{ghachem2022maximum,
	journal={SSRN Electronic Journal},
	title={Estimation of the probability of informed trading models via an expectation maximization algorithm},
	author={Ghachem, Montasser and Ersan, Oguz},
	year={2022},
}



@article{Ersan2022Identifying,
	journal={SSRN Electronic Journal},
	title={Identifying information types in probability of informed trading (PIN) models: An improved algorithm},
	author={Ersan, Oguz and Ghachem, Montasser},
	year=2022,
}
@article{Lin2011computing,
	journal={Journal of Financial Markets},
	doi={10.1016/j.finmar.2011.03.001},
	number=4,
	publisher={Elsevier},
	title={A computing bias in estimating the probability of informed trading},
	volume=14,
	author={Lin, William and Ke, Wen},
	pages={625--640},
	date=2011,
	year=2011,
}
@article{Yan2012improved,
	journal={Journal of Banking and Finance},
	doi={10.1016/j.jbankfin.2011.08.003},
	issn=03784266,
	number=2,
	title={An improved estimation method and empirical properties of the probability of informed trading},
	volume=36,
	author={Yan, Yuxing and Zhang, Shaojun},
	pages={454--467},
	date={2012-02},
	year=2012,
	month=2,
}
@article{Gan2015faster,
	journal={Quantitative Finance},
	doi={10.1080/14697688.2015.1023336},
	issn=14697696,
	number=11,
	publisher={Routledge},
	title={A faster estimation method for the probability of informed trading using hierarchical agglomerative clustering},
	volume=15,
	author={Gan, Quan and Wei, Wang Chun and Johnstone, David},
	pages={1805--1821},
	date=2015,
	year=2015,
}
@article{Ersan2016unbiased,
	journal={Journal of International Financial Markets, Institutions and Money},
	doi={10.1016/j.intfin.2016.04.001},
	issn=10424431,
	publisher={Elsevier B.V.},
	title={An unbiased computation methodology for estimating the probability of informed trading (PIN)},
	volume=43,
	author={Ersan, Oguz and Alıcı, Aslı},
	pages={74--94},
	date=2016,
	year=2016,
}
@article{Ersan2022methodological,
	journal={SSRN Electronic Journal},
	title={A methodological approach to the computational problems in the estimation of adjusted PIN model},
	author={Ersan, Oguz and Ghachem, Montasser},
	date=2022,
	year=2022,
}
@incollection{Ng2012EM,
	booktitle={Handbook of computational statistics},
	publisher={Springer},
	title={The EM algorithm},
	author={Ng, Shu Kay and Krishnan, Thriyambakam and McLachlan, Geoffrey J},
	pages={139--172},
	date=2012,
	year=2012,
}
@article{Meng1993Maximum,
	journal={Biometrika},
	doi={10.1093/biomet/80.2.267},
	issn=00063444,
	number=2,
	title={Maximum likelihood estimation via the ecm algorithm: A general framework},
	volume=80,
	author={Meng, Xiao Li and Rubin, Donald B.},
	pages={267--278},
	date=1993,
	year=1993,
}

@article{Ke2019note,
	journal={Finance Research Letters},
	doi={10.1016/j.frl.2018.12.017},
	issn=15446123,
	number={December 2018},
	publisher={Elsevier Ltd},
	title={A note of techniques that mitigate floating-point errors in PIN estimation},
	volume=31,
	author={Ke, Wen Chyan and Chen, Hueiling and Lin, Hsiou Wei William},
	pages={458--464},
	date={2019-12-01},
	year=2019,
	month=12,
	day=1,
}
@article{Abad2012From,
	journal={Spanish Review of Financial Economics},
	doi={10.1016/j.srfe.2012.10.002},
	issn=21731268,
	number=2,
	publisher={Elsevier},
	title={From PIN to VPIN: An introduction to order flow toxicity},
	volume=10,
	author={Abad, David and Yagüe, José},
	pages={74--83},
	date={2012-07-01},
	year=2012,
	month=7,
	day=1,
}

@article{Easley2010Factoring,
	journal={Journal of Financial and Quantitative Analysis},
	doi={10.1017/S0022109010000074},
	issn=00221090,
	number=2,
	publisher={Cambridge University Press},
	title={Factoring information into returns},
	volume=45,
	author={Easley, David and Hvidkjaer, Soeren and O'Hara, Maureen},
	pages={293--309},
	date={2010-04},
	year=2010,
	month=4,
}
@article{Brennan2016Asymmetric,
	journal={Management Science},
	doi={10.1287/mnsc.2015.2250},
	issn=15265501,
	number=9,
	publisher={INFORMS Inst.for Operations Res.and the Management Sciences},
	title={Asymmetric effects of informed trading on the cost of equity capital},
	volume=62,
	author={Brennan, Michael J. and Huh, Sahn Wook and Subrahmanyam, Avanidhar},
	pages={2460--2480},
	date={2016-09-01},
	year=2016,
	month=9,
	day=1,
}
@article{cheng2021improvements,
	journal={Quantitative Finance},
	doi={10.1080/14697688.2020.1800805},
	issn=14697696,
	number=5,
	publisher={Routledge},
	title={Improvements in estimating the probability of informed trading models},
	volume=21,
	author={Cheng, Tsung Chi and Lai, Hung Neng},
	pages={771--796},
	date=2021,
	year=2021,
}
@article{Aktas2014Trade,
	journal={Journal of International Financial Markets, Institutions and Money},
	doi={10.1016/j.intfin.2014.08.003},
	issn=10424431,
	publisher={Elsevier Ltd},
	title={Trade classification accuracy for the BIST},
	volume=33,
	author={Aktas, Osman Ulas and Kryzanowski, Lawrence},
	pages={259--282},
	date={2014-08-27},
	year=2014,
	month=8,
	day=27,
}
@article{Lee1991Inferring,
	journal={The Journal of Finance},
	doi={10.1111/j.1540-6261.1991.tb02683.x},
	issn=15406261,
	number=2,
	publisher={John Wiley & Sons, Ltd},
	title={Inferring Trade Direction from Intraday Data},
	volume=46,
	author={Lee, Charles M.C. and Ready, Mark J.},
	pages={733--746},
	date={1991-06-01},
	year=1991,
	month=6,
	day=1,
}
@article{Ellis2000Accuracy,
	journal={The Journal of Financial and Quantitative Analysis},
	doi={10.2307/2676254},
	issn=00221090,
	number=4,
	publisher={JSTOR},
	title={The Accuracy of Trade Classification Rules: Evidence from Nasdaq},
	volume=35,
	author={Ellis, Katrina and Michaely, Roni and O'Hara, Maureen},
	pages=529,
	date={2000-12},
	year=2000,
	month=12,
}
@article{Piwowar2006Sensitivity,
	journal={Electronic Markets},
	doi={10.1080/10196780600643803},
	number=2,
	publisher={Informa UK Limited},
	title={The Sensitivity of Effective Spread Estimates to Trade–Quote Matching Algorithms},
	volume=16,
	author={Piwowar, Michael and Wei, Li},
	pages={112--129},
	date={2006-05-01},
	year=2006,
	month=5,
	day=1,
}
@article{Easley2002Is,
	journal={The Journal of Finance},
	doi={10.1111/1540-6261.00493},
	issn={1540-6261},
	number=5,
	publisher={John Wiley & Sons, Ltd},
	title={Is Information Risk a Determinant of Asset Returns?},
	volume=57,
	author={Easley, David and Hvidkjaer, Soeren and O'Hara, Maureen},
	pages={2185--2221},
	date={2002-10-01},
	year=2002,
	month=10,
	day=1,
}
@article{Aslan2011characteristics,
	journal={Journal of Empirical Finance},
	doi={10.1016/J.JEMPFIN.2011.08.001},
	issn={0927-5398},
	number=5,
	publisher={North-Holland},
	title={The characteristics of informed trading: Implications for asset pricing},
	volume=18,
	author={Aslan, Hadiye and Easley, David and Hvidkjaer, Soeren and O'Hara, Maureen},
	pages={782--801},
	date={2011-12-01},
	year=2011,
	month=12,
	day=1,
}
@article{Chen2012Informed,
	journal={Journal of Banking and Finance},
	doi={10.1016/J.JBANKFIN.2012.03.016},
	issn={0378-4266},
	number=7,
	publisher={North-Holland},
	title={Informed trading, information uncertainty, and price momentum},
	volume=36,
	author={Chen, Yifan and Zhao, Huainan},
	pages={2095--2109},
	date={2012-07-01},
	year=2012,
	month=7,
	day=1,
}


@article{Rogers2017Run,
	journal={Journal of Accounting Research},
	doi={10.1111/1475-679X.12167},
	issn={1475679X},
	number=2,
	publisher={Blackwell Publishing Ltd},
	title={Run EDGAR Run: SEC Dissemination in a High-Frequency World},
	volume=55,
	author={Rogers, Jonathan L. and Skinner, Douglas J. and Zechman, Sarah L.C.},
	pages={459--505},
	date={2017-05-01},
	year=2017,
	month=5,
	day=1,
}
@article{Beschwitz2020First,
	journal={Review of Asset Pricing Studies},
	doi={10.1093/RAPSTU/RAZ007},
	issn=20459939,
	number=1,
	publisher={Oxford University Press},
	title={First to "read" the news: News analytics and algorithmic trading},
	volume=10,
	author={Beschwitz, Von Bastian and Keim, Donald B. and Massa, Massimo},
	pages={122--178},
	date={2020-02-01},
	year=2020,
	month=2,
	day=1,
}
@article{Ersan2021speed,
	journal={Emerging Markets Review},
	doi={10.1016/j.ememar.2020.100778},
	issn=18736173,
	publisher={Elsevier B.V.},
	title={The speed of stock price adjustment to corporate announcements: Insights from Turkey},
	volume=47,
	author={Ersan, Oguz and Simsir, Serif Aziz and Simsek, Koray D. and Hasan, Afan},
	pages=100778,
	date={2021-06-01},
	year=2021,
	month=6,
	day=1,
}
@article{Carrion2013Very,
	journal={Journal of Financial Markets},
	doi={10.1016/j.finmar.2013.06.005},
	issn=13864181,
	number=4,
	publisher={North-Holland},
	title={Very fast money: High-frequency trading on the NASDAQ},
	volume=16,
	author={Carrion, Allen},
	pages={680--711},
	date={2013-11-01},
	year=2013,
	month=11,
	day=1,
}
@article{Menkveld2013High,
	journal={Journal of Financial Markets},
	doi={10.1016/j.finmar.2013.06.006},
	issn=13864181,
	number=4,
	publisher={North-Holland},
	title={High frequency trading and the new market makers},
	volume=16,
	author={Menkveld, Albert J.},
	pages={712--740},
	date={2013-11-01},
	year=2013,
	month=11,
	day=1,
}
@article{Odders-White2000On,
	journal={Journal of Financial Markets},
	doi={10.1016/S1386-4181(00)00006-9},
	issn=13864181,
	number=3,
	publisher={Elsevier},
	title={On the occurrence and consequences of inaccurate trade classification},
	volume=3,
	author={Odders-White, Elizabeth R.},
	pages={259--286},
	date={2000-08-01},
	year=2000,
	month=8,
	day=1,
}
@article{Bjursell2017VPIN,
	journal={Journal of Futures Markets},
	doi={10.1002/fut.21839},
	issn={10969934},
	number=6,
	publisher={Wiley-Liss Inc.},
	title={VPIN, Jump Dynamics and Inventory Announcements in Energy Futures Markets},
	volume=37,
	author={Bjursell, Johan and Wang, George H.K. and Zheng, Hui},
	pages={542--577},
	date={2017-06-01},
	year=2017,
	month=6,
	day=1,
}
@article{Bugeja2015microstructure,
	journal={Australian Journal of Management},
	doi={10.1177/0312896213517247},
	issn=13272020,
	number=1,
	publisher={SAGE Publications Ltd},
	title={The microstructure of Australian takeover announcements},
	volume=40,
	author={Bugeja, Martin and Patel, Vinay and Walter, Terry},
	pages={161--188},
	date={2015-02-14},
	year=2015,
	month=2,
	day=14,
}
@article{hagstromer2013,
	journal={Journal of Financial Markets},
	doi={10.1016/j.finmar.2013.05.009},
	issn=13864181,
	number=4,
	publisher={North-Holland},
	title={The diversity of high-frequency traders},
	volume=16,
	author={Hagströmer, Björn and Nordén, Lars},
	pages={741--770},
	date={2013-11-01},
	year=2013,
	month=11,
	day=1,
}

@Article{RJ-2021-048,
  author = {Henrik Bengtsson},
  title = {A Unifying Framework for Parallel and Distributed Processing in R using Futures},
  year = {2021},
  journal = {The R Journal},
  doi = {10.32614/RJ-2021-048},
  url = {https://doi.org/10.32614/RJ-2021-048},
  pages = {208--227},
  volume = {13},
  number = {2},
}

@incollection{lin2015application,
  title={Application of poisson mixtures in the estimation of probability of informed trading},
  author={Lin, Emily and Lee, Cheng-Few},
  booktitle={Handbook of Financial Econometrics and Statistics},
  pages={2601--2619},
  year={2015},
  publisher={Springer}
}

@article{nelder1965simplex,
  title={A simplex method for function minimization},
  author={Nelder, John A and Mead, Roger},
  journal={The computer journal},
  volume={7},
  number={4},
  pages={308--313},
  year={1965},
  publisher={Oxford University Press}
}

@Manual{furrr,
  title = {furrr: Apply Mapping Functions in Parallel using Futures},
  author = {Davis Vaughan and Matt Dancho},
  year = {2022},
  note = {https://github.com/DavisVaughan/furrr, https://furrr.futureverse.org/},
}

@article{jenkins1972algorithm,
  title={Algorithm 419: zeros of a complex polynomial [c2]},
  author={Jenkins, Michael A. and Traub, Joseph F},
  journal={Communications of the ACM},
  volume={15},
  number={2},
  pages={97--99},
  year={1972},
  publisher={ACM New York, NY, USA}
}

  
  @misc{nloptr,
    title = {The NLopt nonlinear-optimization package},
    author = {Steven G. Johnson},
    year  = {2022}
}