@article{10.1371/journal.pone.0222690,
    doi = {10.1371/journal.pone.0222690},
    author = {Hu, Dapeng AND Wang, Chong AND Oâ€™Connor, Annette M.},
    journal = {PLOS ONE},
    publisher = {Public Library of Science},
    title = {A method of back-calculating the log odds ratio and standard error of the log odds ratio from the reported group-level risk of disease},
    year = {2020},
    month = {03},
    volume = {15},
    url = {https://doi.org/10.1371/journal.pone.0222690},
    pages = {1-8},
    number = {3}
}

@article{yao2015bayesian,
  title={Bayesian inference for multivariate meta-regression with a partially observed within-study sample covariance matrix},
  author={Yao, Hui and Kim, Sungduk and Chen, Ming-Hui and Ibrahim, Joseph G and Shah, Arvind K and Lin, Jianxin},
  journal={Journal of the American Statistical Association},
  volume={110},
  number={510},
  pages={528--544},
  year={2015},
  publisher={Taylor \& Francis}
}