@article{rosen1984alzheimer,
  title={Alzheimer’s {D}isease {A}ssessment {S}cale—{C}ognitive and {N}on-{C}ognitive Sections ({ADAS}-{C}og, {ADAS} {N}on-{C}og)},
  author={Rosen, W and Mohs, R and Davis, K},
  journal={Journal of Psychiatry},
  volume={141},
  pages={1356--1364},
  year={1984}
}

@Article{Alois(1998),
	author = {},
	title = {},
	journal   = {},
	volume    = {},
	number = {},
	year      = {},
	pages     = {},
	doi = {}
}

@Article{Schoemann_Boulton_Short(2017),
	author = {Schoemann, A. M. and Boulton, A. J. and Short, S. D.},
	title = {Determining power and sample size for simple and complex mediation models},
	journal   = {Social Psychological and Personality Science},
	volume    = {8},
	number = {},
	year      = {2017},
	pages     = {379-386},
	doi = {}
}

@Article{Green_MacLeod(2016),
	author = {Green, P. and MacLeod, C. J.},
	title = {SIMR: an R package for power analysis of generalized linear mixed models by simulation},
	journal   = {Methods in Ecology and Evolution},
	volume    = {7},
	number = {},
	year      = {2016},
	pages     = {493–498},
	doi = {doi:10.1111/2041-210X.12504 }
}
 

@Article{Hemming_etal(2020),
	author = {Hemming, K. and Kasza, J. and Hooper, R. and Forbes, A. Taljaard, M.},
	title = {A tutorial on sample size calculation for multiple-period cluster-randomized parallel, cross-over, and stepped-wedge trials using the Shiny CRT Calculator},
	journal   = {International Journal of Epidemiology},
	volume    = {49},
	number = {3},
	year      = {2020},
	pages     = {979–995},
	doi = {}
}


@Article{Yi_Panzarella(2002),
	author = {Yi, O. and  Panzarella, T.},
	title = {Estimating sample size for tests on trends across repeated measurements with missing data based on the interaction term in a mixed model},
	journal   = {Controlled Clinical Trials },
	volume    = {23},
	number = {},
	year      = {2002},
	pages     = {481–496},
	doi = {}
}

@Article{Martin_etal(2011),
	author = {Martin, G. A. J. and Nussey, H. D. and Wilson, J. A. and Reale, D. },
	title = {Measuring individual differences in reaction norms in field and experimental studies: a power analysis of
random regression models},
	journal   = {Methods in Ecology and Evolution},
	volume    = {2},
	number = {},
	year      = {2011},
	pages     = {362–374},
	doi = {}
}



@article{Laird_Ware(1982),
  title={Random-effects models for longitudinal data},
  author={Laird, N. M. and Ware, J. H.},
  journal={Biometrics},
  pages={963--974},
  year={1982},
  publisher={JSTOR}
}


@Article{Hu_Mackey_Thomas(2021),
	author = {Hu, N. and Mackey, H. and Thomas, R},
	title = {Power and sample size for random coefficient regression
models in randomized experiments with monotone missing data},
	journal   = {Biometrical Journal},
	volume    = {2021},
	number = {},
	year      = {2021},
	pages     = {1-9},
	doi = {DOI:10.1002/bimj.202000184}
}

@Manual{NCSS(2021),
    title = {Power Analysis \& Sample Size},
    author = {{NCSS Statistical Software}},
    year = {2021},
    note = {NCSS, LLC, Kaysville, Utah, USA},
    url = {https://www.ncss.com/software/pass/pass-documentation/},
  }
  
@Manual{nQuery(2021),
    title = {Sample Size and Power Calculation},
    author = {{nQuery}},
    year = {2021},
    note = {`Statsols' (Statistical Solutions Ltd), Cork, Ireland},
    url = {https://www.statsols.com/nquery/sample-size-software-for-teams},
  }
  
@Manual{Hemming_Kasza_Hughes(2020),
    title = {The Shiny CRT Calculator: Power and Sample size for Cluster Randomised Trials},
    author = {Hemming, K. and Kasza, J. and Hughes, J. },
    year = {2020},
    note = {a Shiny application},
    url = {https://clusterrcts.shinyapps.io/rshinyapp/},
  }
  
@Manual{Hu_Qu(2021),
    title = {Mixed Model Power {\&} Size},
    author = {Hu, N. and Qu, Z.},
    year = {2021},
    note = {a Shiny application accessed on 18/11/2021},
    url = {https://rcrm-power-size.shinyapps.io/rcrm_power_size/},
  }
  
  
@Manual{RShiny(2021),
    title = {shiny: Web Application Framework for R},
    author = {Chang, W. and Cheng, J. and Allaire, J. J. and  Sievert, C. and Schloerke, B. and  Xie, Y. and Allen, J. and McPherson, J. and  Dipert, J. and Borges, B.},
    year = {2021},
    note = {R package version 1.6.0},
    url = {https://CRAN.R-project.org/package=shiny},
  }

@article{Weiner_etal(2015),
  title={Impact of the Alzheimer's disease Neuroimaging Initiative, 2004 to 2014},
  author={Weiner, M. W. and Veitch, D. P. and Aisen, P. S and Beckett, L. A. and Cairns, N. J. and Cedarbaum, J. and Donohue, M. C. and Green, R. C. and Harvey, D. and Jack Jr, C. R. and {others}},
  journal={Alzheimer's \& Dementia},
  volume={11},
  number={7},
  pages={865--884},
  year={2015},
  publisher={}
}

@Article{Zhao_Edland(2020),
	author = {Zhao, Y. and Edland, S. D.},
	title = {Power formulas for mixed effects models with
random slope and intercept comparing rate of
change across groups},
	journal   = {International Journal of Biostatistics},
	volume    = {2020},
	number = {},
	year      = {2020},
	pages     = {20200107},
	doi = {https://doi.org/10.1515/ijb-2020-0107}
}

@Article{Ard_Edland(2011),
	author = {Ard, M. C. and Edland, S. D.},
	title = {Power Calculations for Clinical Trials in Alzheimer's Disease},
	journal   = {J Alzheimers Dis.},
	volume    = {26},
	number = {Suppl 3},
	year      = {2011},
	pages     = {369–377},
	doi = {doi:10.3233/JAD-2011-0062}
}

 
@Manual{Donohue_Edland(2020),
    title = {'longpower': Sample Size Calculations for Longitudinal Data},
    author = {Donohue, M. C. and Edland, S. D.},
    year = {2020},
    note = {R package version 1.0-21},
    url = {https://cran.r-project.org/web/packages/longpower/longpower.pdf},
}

@Manual{Martin(2020),
    title = {'Pamm': Power Analysis for Random Effects in Mixed Models},
    author = {Martin, G. A. J.},
    year = {2020},
    note = {R package version 1.121},
    url = {https://github.com/JulienGAMartin/pamm_R},
}

@Manual{Schoenfeld(2019),
    title = {'LPower': Calculates Power, Sample Size, or Detectable Effect for Longitudinal Analyses},
    author = {Schoenfeld, D. A.},
    year = {2019},
    note = {R package version 0.1.1},
    url = {https://cran.r-project.org/web/packages/LPower/LPower.pdf},
}

@Manual{Kloprogge_Tarning(2015),
    title = {'PharmPow': Pharmacometric Power calculations for mixed study designs},
    author = {Kloprogge, F. and Tarning, J.},
    year = {2015},
    note = {R package version 1.0},
    url = {https://cran.r-project.org/web/packages/PharmPow/PharmPow.pdf},
}

@Manual{Dong_etal(2021),
    title = {'powerEQTL': Power and Sample Size Calculation for Bulk Tissue and Single-Cell eQTL Analysis},
    author = {Dong, X. and Li, X. and  Chang, T-W. and Weiss, S. T. and Qiu, W.},
    year = {2021},
    note = {R package version 0.3.4},
    url = {https://cran.r-project.org/web/packages/powerEQTL/powerEQTL.pdf},
}


@Manual{Qiu(2021),
    title = {'powerMediation': Power/Sample Size Calculation for Mediation Analysis},
    author = {Qiu, W.},
    year = {2021},
    note = {R package version 0.3.4},
    url = {https://cran.r-project.org/web/packages/powerMediation/powerMediation.pdf},
}

@Manual{Zhang_Mai_Yang(2021),
    title = {'WebPower': Basic and Advanced Statistical Power Analysis},
    author = {Zhang, Z. and Mai, Y. and Yang, M.},
    year = {2021},
    note = {R package version 0.6},
    url = {https://webpower.psychstat.org},
}

@Manual{Kleinman(2021),
    title = {'clusterPower': Power Calculations for Cluster-Randomized and Cluster-Randomized Crossover Trials},
    author = {Kleinman, K. },
    year = {2021},
    note = {R package version  0.7.0},
    url = {https://cran.r-project.org/web/packages/clusterPower/clusterPower.pdf},
}


@Article{Lane(2008),
	author = {Lane, P.},
	title = {Handling drop-out in longitudinal clinical trials: a comparison of the LOCF and MMRM approaches},
	journal   = {Pharmaceutical Statistics},
	volume    = {7},
	number = {},
	year      = {2008},
	pages     = {93–106},
	doi = {}
}

@Article{Hedeker_Gibbons_Waternaux(1999),
	author = {Hedeker, D. and Gibbons, R. D. and Waternaux, C.},
	title = {Sample size estimation for longitudinal designs with attrition: comparing
time-related contrasts between two groups},
	journal   = {Journal of Educational and Behavioral Statistics},
	volume    = {24},
	number = {},
	year      = {1999},
	pages     = {70–93},
	doi = {}
}

@Article{Mallinckrodt_etal(2003),
	author = {Mallinckrodt, C.H. and Sanger, T.M. and Dubé, S. and DeBrota, D.J. and Molenberghs, G. and Carroll, R.J. and Potter, W.Z. and Tollefson, G.D.},
	title = {Assessing and interpreting treatment effects in
longitudinal clinical trials with missing data},
	journal   = {Biological Psychiatry },
	volume    = {53},
	number = {},
	year      = {2003},
	pages     = {754-760},
	doi = {}
}

@Article{Mallinckrodt_etal(2001),
	author = {Mallinckrodt, C. H. and Clark, W. S. and David, S. R.},
	title = {Accounting for dropout bias using
mixed-effects models},
	journal   = {Journal of Biopharmaceutical Statistics},
	volume    = {11},
	number = {},
	year      = {2001},
	pages     = {9-21},
	doi = {}
}

@Article{Liang_Zeger(1986),
	author = {Liang, K.-Y. and Zeger, S. L. },
	title = {Longitudinal data analysis using generalized linear models},
	journal   = {Biometrika},
	volume    = {73},
	number = {},
	year      = {1986},
	pages     = {13-22},
	doi = {}
}

@book{Diggle_Liang_Zeger(1994),
	author = {Diggle, P. and Liang, K.-Y. and and Zeger, S. L.},
	title = {Analysis of Longitudinal Data},
	publisher   = {Oxford
University Press},
	address    = {New York},
	year ={1994}
}

@book{Diggle_etal(2002),
	author = {Diggle, P.J. and Heagerty, P.J. and Liang, K. and Zeger, S.L.},
	title = { Analysis of longitudinal data. Second Edition},
	publisher   = {Oxford Statistical Science Series},
	address    = {},
	year ={2002}
}

@book{Fitzmaurice_Laird_Ware(2004),
	author = {Fitzmaurice, G. M. and Laird, N. M. and Ware, J.H.},
	title = {Applied Longitudinal Analysis},
	publisher   = {John Wiley {\&} Sons},
	address    = {Hoboken, N.J.},
	year ={2004}
}

@Article{Liu_Liang(1997),
	author = {Liu, G. and Liang, K. Y.},
	title = {Sample size calculations for studies with correlated observations},
	journal   = {Biometrics},
	volume    = {53},
	number = {3},
	year      = {1997},
	pages     = {937-47},
	doi = {}
}

@Article{Wang_Gelfand(2002),
	author = {Wang, F. and Gelfand, A. E. },
	title = {A simulation-based approach to Bayesian sample size determination for performance
under a given model and for separating models},
	journal   = {Statistical Science},
	volume    = {17},
	number = {2},
	year      = {2002},
	pages     = {193–208},
	doi = {}
}

@Article{Williams_Ebel_Wagner(2007),
	author = {Williams, M. S. and Ebel, E. D. and Wagner, B. A.},
	title = {Monte Carlo approaches for determining power and sample size in
low-prevalence applications},
	journal   = {Preventive Veterinary Medicine},
	volume    = {82},
	number = {1},
	year      = {2007},
	pages     = {151–158},
	doi = {doi:10.1016/j.prevetmed.2007.05.015}
}

@Article{Jung_Ahn(2003),
	author = {Jung, S. H. and Ahn, C.},
	title = {Sample size estimation for GEE method for comparing slopes
in repeated measures data},
	journal   = {Statistics in Medicine},
	volume    = {22},
	number = {},
	year      = {2003},
	pages     = {1305–1315},
	doi = {}
}

@Article{Guo_Johnson(1996),
	author = {Guo, X. and Johnson, W. D. },
	title = {Sample size for experiments with multi-variate repeated
measures},
	journal   = {J. Biopharmaceutical Statistics},
	volume    = {6},
	number = {},
	year      = {1996},
	pages     = {155–176},
	doi = {}
}

@Article{Yan_Su(2006),
	author = {Yan, X. and Su, X.},
	title = {Sample Size Determination for Clinical Trials in
Patients with Nonlinear Disease Progression},
	journal   = {Journal of Biopharmaceutical Statistics},
	volume    = {16},
	number = {1},
	year      = {2006},
	pages     = {91-105},
	doi = {10.1080/10543400500406579}
}

@Article{Lui(1992),
	author = {Lui, K. J.},
	title = {Sample size requirement for repeated measurements in continuous data},
	journal   = {Statistics in Medicine},
	volume    = {11},
	number = {},
	year      = {1992},
	pages     = {633–641},
	doi = {}
}

@Article{Lu_Luo_Chen(2008),
	author = {Lu, K. and Luo, X. and Chen, P.},
	title = {Sample size estimation for repeated measures analysis in randomized clinical trials with
missing data},
	journal   = {The International Journal of Biostatistics },
	volume    = {4},
	number = {1},
	year      = {2008},
	pages     = {Article 9},
	doi = {}
}

@Article{Vonesh_Schork(1986),
	author = {Vonesh, E. F. and Schork, M. A.},
	title = {Sample sizes in multivariate analysis of repeated measurements},
	journal   = {Biometrics},
	volume    = {42},
	number = {},
	year      = {1986},
	pages     = {601–610},
	doi = {}
}

@Article{Liu_Shih_Gehan(2002),
	author = {Liu, A. and Shih, W. J. and Gehan, E.},
	title = {Sample size and power determination for clustered repeated measurements},
	journal   = {Statistics
in Medicine},
	volume    = {21},
	number = {},
	year      = {2002},
	pages     = {1787–1801},
	doi = {https://doi.org/10.1002/sim.1154.}
}

@Article{Lefante(1990),
	author = {Lefante, J. J.},
	title = {The power to detect differences in average rates of change in longitudinal studies},
	journal   = {Statistics in
Medicine},
	volume    = {9},
	number = {},
	year      = {1990},
	pages     = {437–446},
	doi = {}
}

@Article{Overall_Doyle(1994),
	author = {Overall, J. E. and Doyle, S. R.},
	title = {Estimating sample size for repeated measurement designs},
	journal   = {Controlled Clinical Trials},
	volume    = {15},
	number = {},
	year      = {1994},
	pages     = {100–123},
	doi = {}
}

@Article{Roy_etal(2007),
	author = {Roy, A. and Bhaumik, D. K. and Aryal, S. and Gibbons R. D.},
	title = {Sample size determination for hierarchical longitudinal designs
with differential attrition rates},
	journal   = {Biometrics},
	volume    = {63},
	number = {},
	year      = {2007},
	pages     = {699–707},
	doi = {https://doi.org/10.1111/j.1541-0420.2007.00769.x.}
}

@Article{Rochon(1998),
	author = {Rochon, J.},
	title = {Application of GEE procedures for sample size calculations in repeated measures experiments},
	journal   = {Statistics
in Medicine},
	volume    = {17},
	number = {},
	year      = {1998},
	pages     = {1643–1658},
	doi = {}
}

@Article{Rochon(1991),
	author = {Rochon, J.},
	title = {Sample size calculations for two-group repeated-measures experiments},
	journal   = {Biometrics},
	volume    = {47},
	number = {},
	year      = {1991},
	pages     = {1383–1398},
	doi = {}
}

@Article{Lu_Methrotra_Liu(2009),
	author = {Lu, K. and Mehrotra, D. V. and Liu, G.},
	title = {Sample size determination for constrained longitudinal data analysis},
	journal   = {Statistics in Medicine},
	volume    = {28},
	number = {},
	year      = {2009},
	pages     = {679–699},
	doi = {}
}

@Article{Guo_etal(2013),
	author = {Guo, Y. and Logan, H.L. and Glueck, D.H. et al.},
	title = {Selecting a sample size for studies with repeated measures},
	journal   = {BMC Medical Research Methodology},
	volume    = {13},
	number = {},
	year      = {2013},
	pages     = {100},
	doi ={https://doi.org/10.1186/1471-2288-13-100}
}

@Article{Basagana_Liao_Spiegelman(2011),
	author = {Basagaña, X. and Liao, X. and Spiegelman, D.},
	title = {Power and sample size calculations for longitudinal studies estimating a main effect of a time-varying exposure},
	journal   = {Statistical methods in medical research},
	volume    = {20},
	number = {},
	year      = {2011},
	pages     = {5},
	doi ={https://doi.org/10.1177/0962280210371563}
}

@Article{Pan_etal(2018),
	author = {Pan, H. and Liu, S. and Miao, D. and {et al}},
	title = {Sample size determination for mediation analysis of longitudinal data},
	journal   = {BMC Medical Research Methodology},
	volume    = {18},
	number = {},
	year      = {2018},
	pages     = {32},
	doi={https://doi.org/10.1186/s12874-018-0473-2}
}

@Manual{Edland(2009),
    title = {Which MRI measure is best for Alzheimer's disease prevention trials: Statistical
considerations of power and sample size},
    author = {Edland, S. D},
    year = {2009},
     notes= {Joint Stat Meeting Proceedings},
    pages = {4996-4999},
}

@Manual{Hmisc,
    title = {Hmisc: Harrell Miscellaneous},
    author = {Frank E {Harrell Jr}},
    year = {2016},
    note = {R package version 3.17-4},
    url = {https://CRAN.R-project.org/package=Hmisc},
}
