%% This BibTeX bibliography file was created using BibDesk.
%% http://bibdesk.sourceforge.net/


%% Created for Xia at 2015-08-03 14:29:12 +0200 


%% Saved with string encoding Unicode (UTF-8) 



@article{INLA2015,
	Author = {F. Lindgren and H. Rue},
	Journal = {Journal of Statistical Software},
	Number = {19},
	Submitted = {2013-06-05},
	Title = {Bayesian Spatial Modelling with {R-INLA}},
	pages = {1--25},
	Url = {http://www.jstatsoft.org/v63/i19},
	Volume = {63},
	Year = {2015},
}

@article{INLA2013,
	Author = {T. G. Martins and D. Simpson and F. Lindgren and H. Rue},
	Date-Added = {2015-08-17},
	Date-Modified = {2015-08-17 12:29:12 +0000},
	Journal = {Computational Statistics \& Data Analysis},
	Submitted = {2013-06-05},
	Title = {Bayesian computing with {INLA}: New features},
	Volume = {67},
	pages= {68--83},
	Year = {2013}}

@article{spamm,
	Author = {F. Rousset and Jean-Baptiste Ferdy},
	Date-Added = {2015-05-18 15:57:08 +0000},
	Date-Modified = {2015-05-18 15:58:16 +0000},
	Journal = {Ecography},
	Number = {8},
	Pages = {781-790},
	Title = {Testing environmental and genetic effects in the presence of spatial autocorrelation},
	Volume = {37},
	Year = {2014}}

@article{wall,
	Author = {Melanie M. Wall},
	Date-Added = {2015-01-15 12:04:13 +0000},
	Date-Modified = {2015-01-15 12:04:13 +0000},
	Journal = {Journal of Statistical Planning and Inference},
	Pages = {311-324},
	Title = {A close look at the spatial structure implied by the {CAR} and {SAR} models},
	Volume = {121},
	Year = {2004}}

@article{hglmmm,
  Author =	 {Marek Molas and Emmanuel Lesaffre},
  Date-Added =	 {2014-10-11 12:29:50 +0000},
  Date-Modified ={2014-10-11 12:30:43 +0000},
  Journal =	 {Journal of Statistical Software},
  Number =	 {13},
  Pages =	 {1--20},
  Title =	 {Hierarchical Generalized Linear Models: The {R}
                  Package {HGLMMM}},
  Url =		 {http://www.jstatsoft.org/v39/i13},
  Volume =	 {39},
  Year =	 {2011}
}

@article{Noh07,
	Author = {Maengseok Noh and Youngjo Lee},
	Date-Added = {2014-10-10 16:12:09 +0000},
	Date-Modified = {2015-08-03 12:07:34 +0000},
	Journal = {Journal of Multivariate Analysis},
	Pages = {896-915},
	Title = {{REML} estimation for binary data in {GLMMs}},
	Volume = {98},
	Year = {2007}}

@book{LeSage,
	Author = {J. LeSage and R. Pace},
	Date-Added = {2014-01-16 10:32:57 +0000},
	Date-Modified = {2014-01-16 10:33:21 +0000},
	Publisher = {Chapman \& Hall/CRC, Boca Raton},
	Title = {Introduction to Spatial Econometrics},
	Year = {2009}}

@book{Henderson84,
	Author = {C. R. Henderson},
	Publisher = {University of Guelph, Guelph, Ontario},
	Title = {Applications of Linear Models in Animal Breeding},
	Year = {1984}}

@article{Clayton,
	Author = {D. Clayton and J. Kaldor},
	Date-Added = {2014-01-16 10:32:21 +0000},
	Date-Modified = {2014-01-16 10:32:53 +0000},
	Journal = {Biometrics},
	Pages = {671-681},
	Title = {Empirical Bayes estimation of age-standardized relative risk for use in disease mapping},
	Volume = {43},
	Year = {1987}}

@article{Ronnegard1,
	Author = {L. R\"onneg{\aa}rd and X. Shen and M. Alam},
	Date-Added = {2014-01-16 10:31:25 +0000},
	Date-Modified = {2015-08-03 12:28:43 +0000},
	Journal = {The R Journal},
	Number = {2},
	Pages = {20-28},
	Title = {hglm: A Package for Fitting Hierarchical Generalized Linear Models},
	Volume = {2},
	Year = {2010}}

@article{Ord1975,
	Author = {K. Ord},
	Date-Added = {2014-01-16 10:29:42 +0000},
	Date-Modified = {2015-08-03 12:09:28 +0000},
	Journal = {Journal of the American Statistical Association},
	Pages = {120-126},
	Title = {Estimation methods for models of spatial interaction},
	Volume = {70},
	Year = {1975}}

@article{Lee2012,
	Author = {W. Lee and Y. Lee},
	Date-Added = {2014-01-16 10:29:01 +0000},
	Date-Modified = {2015-08-03 12:07:03 +0000},
	Journal = {Statistics and Computing},
	Pages = {959-966},
	Title = {Modifications of {REML} algorithm for {HGLMs}},
	Volume = {22},
	Year = {2012}}

@book{LN06,
	Author = {Y. Lee and J. A. Nelder and Y. Pawitan},
	Date-Added = {2014-01-16 10:28:17 +0000},
	Date-Modified = {2014-01-16 10:28:57 +0000},
	Publisher = {Chapman \& Hall/CRC, Boca Raton},
	Title = {Generalized Linear Models with Random Effects: Unified Analysis via H-Likelihood},
	Year = {2006}}

@article{LN03,
	Author = {Y. Lee and J. A. Nelder},
	Date-Added = {2015-06-26 10:27:20 +0000},
	Date-Modified = {2015-08-03 12:09:36 +0000},
	Journal = {Journal of Applied Statistics},
	Pages = {845-846},
	Title = {Extended-{REML} Estimators},
	Volume = {30},
	Year = {2003}}

@article{LN01,
	Author = {Y. Lee and J. A. Nelder},
	Date-Added = {2015-06-25 10:27:20 +0000},
	Date-Modified = {2015-06-25 10:31:18 +0000},
	Journal = {Biometrika},
	Pages = {987-1006},
	Title = {Hierarchical Generalised Linear Models: A Synthesis of Generalised Linear Models, Random Effect Models and Structured Dispersions},
	Volume = {88},
	Year = {2001}}

@article{LeeNelder96,
	Author = {Y. Lee and J. A. Nelder},
	Date-Added = {2014-01-16 10:27:20 +0000},
	Date-Modified = {2015-08-03 12:09:54 +0000},
	Journal = {Journal of the Royal Statistical Society, Series B},
	Pages = {619-678},
	Title = {Hierarchical Generalized Linear Models (with Discussion)},
	Volume = {58},
	Year = {1996}}
@article{Lunn00,
	Author = {D. J. Lunn and J. A. Thomas and N. Best and D. Spiegelhalter},
	Date-Added = {2015-08-16 11:19:20 +0000},
	Date-Modified = {2015-08-16 11:19:54 +0000},
	Journal = {Statistics and Computing},
	Pages = {325--337},
	Title = {Win{BUGS} -- A {B}ayesian modelling framework: concepts, structure, and extensibility},
	Volume = {10},
	Year = {2000}}

@book{Cressie,
	Author = {N. A. C. Cressie},
	Date-Added = {2014-01-16 10:26:51 +0000},
	Date-Modified = {2014-01-16 10:27:17 +0000},
	Publisher = {Wiley, New York},
	Title = {Statistics for Spatial Data},
	edition = {revised},
	Year = {1993}}

@article{Besag1974,
	Author = {J. Besag},
	Date-Added = {2014-01-16 10:25:52 +0000},
	Date-Modified = {2015-08-03 12:10:47 +0000},
	Journal = {Journal of the Royal Statistical Society, Series B},
	Pages = {192-236},
	Title = {Spatial interaction and the statistical analysis of lattice systems (with discussion)},
	Volume = {36},
	Year = {1974}}

@article{He,
	Author = {Y. He and J. S. Hodges and B. P. Carlin},
	Date-Added = {2014-06-23 10:25:52 +0000},
	Date-Modified = {2014-07-08 19:06:46 +0000},
	Journal = {Bayesian Analysis},
	Pages = {529--556},
	Title = {Re-considering the variance parameterization in multiple precision models},
	Volume = {2},
	Year = {2007}}

@book{Hodges,
	Author = {J. S. Hodges},
	Date-Added = {2014-06-23 10:26:51 +0000},
	Date-Modified = {2014-07-22 11:46:05 +0000},
	Publisher = {Chapman and Hall/CRC, Boca Raton},
	Title = {Richly Parametarized Linear Models: Additive Linear and Time Series and Spatial Models Using Random Effects},
	Year = {2013}}

@article{Newcomb,
	Author = {R. Newcomb},
	Date-Added = {2014-06-23 10:25:52 +0000},
	Date-Modified = {2015-08-03 12:10:31 +0000},
	Journal = {Quarterly of Applied Mathematics},
	Pages = {144--146},
	Title = {On the simultaneous diagonalization of two semi-definite matrices},
	Volume = {19},
	Year = {1969}}





