@article{almquist2010, 
author = {Almquist, Zack}, 
journal = {Journal of Statistical Software}, 
year = 2010, 
volume = 37, 
number = 6, 
pages = {1--31}, 
title = {{US} {C}ensus Spatial and Demographic Data in {R}: The {UScensus2000} Suite of Packages}}, 
url = {https://www.jstatsoft.org/index}}

@techreport{census2014, 
author = {{United States Census Bureau}}, 
title = {{TIGER/Line} Shapefiles: Technical Documentation}, 
year = 2014, 
type = {Report}}

@Manual{lamstein2015,
    title = {choroplethr: Simplify the Creation of Choropleth Maps in R},
    author = {Ari Lamstein and Brian P Johnson},
    year = {2015},
    note = {R package version 3.3.0},
    url = {https://CRAN.R-project.org/package=choroplethr}
  }
  
@Book{wickham,
    author = {Hadley Wickham},
    title = {ggplot2: Elegant Graphics for Data Analysis},
    publisher = {Springer-Verlag New York},
    year = {2009},
    isbn = {978-0-387-98140-6},
    url = {http://had.co.nz/ggplot2/book},
  }


@Manual{mullen2015,
    title = {USAboundaries: Historical and Contemporary Boundaries of the United States of America},
    author = {Lincoln Mullen},
    year = {2015},
    note = {R package version 0.1.1.9001},
    url = {https://github.com/ropensci/USAboundaries},
  }
  
@Book{bivand2013, 
  author = {Bivand, Roger S. and Pebesma, Edzer and Gomez-Rubio, Virgilio}, 
  title = {Applied spatial data analysis with R, Second edition}, 
  publisher = {Springer},
  year = 2013, 
  url = {http://www.asdar-book.org/}, 
  address = {New York}
  }
  
@Manual{rgdal,
    title = {rgdal: Bindings for the Geospatial Data Abstraction Library},
    author = {Roger Bivand and Tim Keitt and Barry Rowlingson},
    year = {2015},
    note = {R package version 1.1-1},
    url = {https://CRAN.R-project.org/package=rgdal},
  }

@Manual{tennekes2015,
    title = {tmap: Thematic Maps},
    author = {Martijn Tennekes},
    year = {2015},
    note = {R package version 1.0},
    url = {https://CRAN.R-project.org/package=tmap},
  }
  
@misc{Census2015, 
title = {Cartographic Boundary File Description}, 
author = {{United States Census Bureau}}, 
url = {https://www.census.gov/geo/maps-data/data/cbf/cbf_description.html}, 
note = {Accessed: 2016-02-27}, 
year = {2015}
}

@misc{censustiger2016, 
title = {TIGER/Line® Shapefiles and TIGER/Line® Files}, 
author = {{United States Census Bureau}}, 
url = {https://www.census.gov/geo/maps-data/data/tiger-line.html}, 
note = {Accessed: 2016-05-22}, 
year = {2016}
}

@misc{censuszip, 
title = {ZIP Code™ Tabulation Areas (ZCTAs™)}, 
author = {{United States Census Bureau}}, 
url = {https://www.census.gov/geo/reference/zctas.html}, 
note = {Accessed: 2016-05-22}, 
year = {2016}
}

@misc{irs, 
title = {SOI Tax Stats - Individual Income Tax Statistics - 2013 ZIP Code Data (SOI)}, 
author = {{United States Internal Revenue Service}}, 
url = {https://www.irs.gov/uac/soi-tax-stats-individual-income-tax-statistics-2013-zip-code-data-soi}, 
note = {Accessed: 2016-05-19}, 
year = {2015}
}

@Manual{rappdirs,
    title = {rappdirs: Application directories: determine where to save data, caches
and logs.},
    author = {Sridhar Ratnakumar and Trent Mick and Trevor Davis},
    year = {2014},
    note = {R package version 0.3},
    url = {https://CRAN.R-project.org/package=rappdirs},
  }
  
@Manual{walker2016,
    title = {tigris: Load Census TIGER/Line Shapefiles into R},
    author = {Kyle Walker},
    year = {2016},
    note = {R package version 0.3},
  }
  
@Manual{dplyr,
    title = {dplyr: A Grammar of Data Manipulation},
    author = {Hadley Wickham and Romain Francois},
    year = {2015},
    note = {R package version 0.4.3},
    url = {https://CRAN.R-project.org/package=dplyr},
  }
  
@Manual{leaflet,
    title = {leaflet: Create Interactive Web Maps with the JavaScript 'Leaflet' Library},
    author = {Joe Cheng and Yihui Xie},
    year = {2015},
    note = {R package version 1.0.1.9002},
    url = {http://rstudio.github.io/leaflet/},
  }
  
@Manual{shiny,
    title = {shiny: Web Application Framework for R},
    author = {Winston Chang and Joe Cheng and JJ Allaire and Yihui Xie and Jonathan McPherson},
    year = {2016},
    note = {R package version 0.13.2},
    url = {https://CRAN.R-project.org/package=shiny}
}
 
@Manual{GDAL,
title = {GDAL - Geospatial Data Abstraction Library, Version 2.0.1},
author = {{GDAL Development Team}},
organization = {Open Source Geospatial Foundation},
year = {2015},
url = {http://www.gdal.org}, 
}


@book{wickham2015, 
  author = {Hadley Wickham}, 
  title = {R Packages}, 
  publisher = {O'Reilly Media}, 
  year = {2015}, 
  address = {Sebastopol, CA}, 
  isbn = {978-1491910597}, 
  url = {http://r-pkgs.had.co.nz/}
  }

@Manual{devtools,
    title = {devtools: Tools to Make Developing R Packages Easier},
    author = {Hadley Wickham and Winston Chang},
    year = {2015},
    note = {R package version 1.8.0},
    url = {https://CRAN.R-project.org/package=devtools},
  }
@book{rgdal2,
author = {R.~{Bivand, T.~Keitt, and B.~Rowlingson}},
title = {{rgdal: Bindings for the Geospatial Data Abstraction Library, }},
publisher = {R package version 1.1-1},
year = {2015},
url = {https://CRAN.R-project.org/package=rgdal}
}
@book{shiny3,
author = {W.~{Chang, J.~Cheng, J.~Allaire, Y.~Xie, and J.~McPherson}},
title = {{shiny: Web Application Framework for R, }},
publisher = {R package version 0.13.2},
year = {2016},
url = {https://CRAN.R-project.org/package=shiny}
}
@book{leaflet2,
author = {J.~{Cheng and Y.~Xie}},
title = {{leaflet: Create Interactive Web Maps with the JavaScript 'Leaflet' Library, }},
publisher = {R package version 1.0.1.9002},
year = {2015},
url = {http://rstudio.github.io/leaflet/}
}
@book{Tennekes2015,
author = {M.~{Tennekes}},
title = {{tmap: Thematic Maps, }},
publisher = {R package version 1.0},
year = {2015},
url = {https://CRAN.R-project.org/package=tmap}
}
@book{devtools2,
author = {H.~{Wickham and W.~Chang}},
title = {{devtools: Tools to Make Developing R Packages Easier, }},
publisher = {R package version 1.8.0},
year = {2015},
url = {https://CRAN.R-project.org/package=devtools}
}
@book{dplyr2,
author = {H.~{Wickham and R.~Francois}},
title = {{dplyr: A Grammar of Data Manipulation, }},
publisher = {R package version 0.4.3},
year = {2015},
url = {https://CRAN.R-project.org/package=dplyr}
}

