% Encoding: UTF-8

@Article{Molina2015a,
  author  = {Molina, I. and Rao, J.N.K. and Datta, G.S.},
  journal = {Survey Methodology},
  title   = {Small Area Estimation Under a {Fay-Herriot} Model with Preliminary Testing for the Presence of Random Area Effects},
  year    = {2015},
  number  = {1},
  pages   = {1-19},
  volume  = {41},
  url     = {https://www150.statcan.gc.ca/n1/pub/12-001-x/2015001/article/14161-eng.htm},
}

@Article{Saei2005,
  author  = {Saei, A. and Chambers, R.},
  journal = {Southampton Statistical Sciences Research Institute Methodology Working Paper},
  title   = {Out of Sample Estimation for Small Areas using Area Level Data},
  year    = {2005},
  note    = {Southampton Statistical Sciences Research Institute, UK},
  volume  = {M05/11},
  url     = {http://eprints.soton.ac.uk/id/eprint/14327},
}

@Article{Marhuenda2014,
  author  = {Marhuenda, Y. and Morales, D. and del Camen Pardo, M.},
  journal = {Computational Statistics and Data Analysis},
  title   = {Information Criteria for {Fay-Herriot} Model Selection},
  year    = {2014},
  pages   = {268-280},
  volume  = {70},
  url     = {https://doi.org/10.1016/j.csda.2013.09.016},
}

@Article{Pfeffermann2013,
  author  = {Pfeffermann, D.},
  journal = {Statistical Science},
  title   = {New Important Developments in Small Area Estimation},
  year    = {2013},
  number  = {1},
  pages   = {40-68},
  volume  = {28},
  url     = {https://doi.org/10.1214/12-STS395},
}

@Book{Rao2015,
  author    = {J. N. K. Rao and I. Molina},
  publisher = {John Wiley \& Sons},
  title     = {Small Area Estimation},
  year      = {2015},
  url       = {https://doi.org/10.1002/9781118735855},
}

@Article{Tzavidis2018,
  author  = {Tzavidis, N. and Zhang, L.-C. and Luna Hernandez, A. and Schmid, T. and Rojas-Perilla, N.},
  journal = {Journal of the Royal Statistical Society A},
  title   = {From Start to Finish: A Framework for the Production of Small Area Official Statistics},
  year    = {2018},
  number  = {4},
  pages   = {927-979},
  volume  = {181},
  url     = {https://doi.org/10.1111/rssa.12364},
}

@Article{Jiang2020,
  author  = {Jiang, J. and Rao, J. S.},
  journal = {Annual Review of Statistics and Its Application},
  title   = {Robust Small Area Estimation: An Overview},
  year    = {2020},
  pages   = {337-360},
  volume  = {7},
  url     = {https://doi.org/10.1146/annurev-statistics-031219-041212},
}

@Article{Battese1988,
  author  = {Battese, G. E. and Harter, R. M. and Fuller, W. A.},
  journal = {Journal of the American Statistical Association},
  title   = {An Error-Components Model for Prediction of County Crop Areas using Survey and Satellite Data},
  year    = {1988},
  number  = {401},
  pages   = {28-36},
  volume  = {83},
  url     = {https://doi.org/10.1080/01621459.1988.10478561},
}

@Article{Fay1979,
  author  = {Fay, R. E. and Herriot, R. A.},
  journal = {Journal of the American Statistical Association},
  title   = {Estimates of Income for Small Places: An Application of {James-Stein} Procedures to Census Data},
  year    = {1979},
  number  = {366},
  pages   = {269-277},
  volume  = {74},
  url     = {https://doi.org/10.1080/01621459.1979.10482505},
}

@Article{Li2010,
  author  = {Li, H. and Lahiri, P.},
  journal = {Journal of Multivariate Analyis},
  title   = {An Adjusted Maximum Likelihood Method for Solving Small Area Estimation Problems},
  year    = {2010},
  number  = {4},
  pages   = {882-902},
  volume  = {101},
  url     = {https://doi.org/10.1016/j.jmva.2009.10.009},
}

@Article{Yoshimori2014,
  author  = {Yoshimori, M. and Lahiri, P.},
  journal = {Journal of Multivariate Analysis},
  title   = {A New Adjusted Maximum Likelihood Method for the {Fay-Herriot} Small Area Model},
  year    = {2014},
  pages   = {281-294},
  volume  = {124},
  url     = {https://doi.org/10.1016/j.jmva.2013.10.012},
}

@Article{Neves2013,
  author  = {Neves, A. and Silva, D. and Correa, S.},
  journal = {ESTAD\'{I}STICA},
  title   = {Small Domain Estimation for the {B}razilian Service Sector Survey},
  year    = {2013},
  number  = {185},
  pages   = {13-37},
  volume  = {65},
}

@Article{SludMaiti2006,
  author  = {Slud, E.V. and Maiti, T.},
  journal = {Journal of the Royal Statistical Society B},
  title   = {Mean-Squared Error Estimation in Transformed {Fay-Herriot} Models},
  year    = {2006},
  number  = {2},
  pages   = {239-257},
  volume  = {68},
  url     = {https://doi.org/10.1111/j.1467-9868.2006.00542.x},
}

@InProceedings{Jiang2001,
  author    = {Jiang, J. and Lahiri, P. and Wan, S.-M. and Wu, C.-H.},
  booktitle = {Proceedings of the Seminar on Funding Opportunity in Survey Research Council of Professional Associations on Federal Statistics},
  title     = {Jackknifing in the {Fay-Herriot} Model with an Example},
  year      = {2001},
  pages     = {75-97},
  location  = {Washington DC: Bureau of Labor Statistics},
}

@Article{Sugawasa2017,
  author  = {S. Sugawasa and T. Kubokawa},
  journal = {Computational Statistics and Data Analysis},
  title   = {Transforming Response Values in Small Area Prediction},
  year    = {2017},
  pages   = {47-60},
  volume  = {114},
  url     = {https://doi.org/10.1016/j.csda.2017.03.017},
}

@Article{Hadam2020,
  author  = {Hadam, S. and W\"urz, N. and Kreutzmann, A.-K.},
  journal = {{Refubium - Freie Universit\"at Berlin Repository}},
  title   = {Estimating Regional Unemployment with Mobile Network Data for Functional Urban Areas in {Germany}},
  year    = {2020},
  pages   = {1-28},
  url     = {https://doi.org/10.17169/refubium-26791},
}

@Article{Petrucci2006,
  author  = {Petrucci, A. and Salvati, N.},
  journal = {Journal of Agricultural, Biological and Environmental Statistics},
  title   = {Small Area Estimation for Spatial Correlation in Watershed Erosion Assessment},
  year    = {2006},
  number  = {2},
  pages   = {169-182},
  volume  = {11},
  url     = {https://doi.org/10.1198/108571106X110531},
}

@PhdThesis{Warnholz2016,
  author = {Warnholz, S.},
  school = {Freie Universit\"at Berlin},
  title  = {Small Area Estimation Using Robust Extensions to Area Level Models},
  year   = {2016},
  url    = {https://doi.org/10.17169/refubium-13904},
}

@Article{Sinha2009,
  author  = {Sinha, S. and Rao, J.N.K.},
  journal = {The Canadian Journal of Statistics},
  title   = {Robust Small Area Estimation},
  year    = {2009},
  number  = {3},
  pages   = {381-399},
  volume  = {37},
  url     = {https://doi.org/10.1002/cjs.10029},
}

@Article{Chambers2014,
  author  = {Chambers, R. and Chandra, H. and Salvati, N. and Tzavidis, N.},
  journal = {Journal of the Royal Statistical Society B},
  title   = {Outlier Robust Small Area Estimation},
  year    = {2014},
  number  = {1},
  pages   = {47-69},
  volume  = {76},
  url     = {https://doi.org/10.1111/rssb.12019},
}

@Article{Schmid2016,
  author  = {T. Schmid and N. Tzavidis and R. M\"unnich and R. Chambers},
  journal = {Scandinavian Journal of Statistics},
  title   = {Outlier Robust Small Area Estimation Under Spatial Correlation},
  year    = {2016},
  number  = {3},
  pages   = {806-826},
  volume  = {43},
  url     = {https://doi.org/10.1111/sjos.12205},
}

@Article{Ybarra2008,
  author  = {Ybarra, L. M. R. and Lohr, S. L.},
  journal = {Biometrika},
  title   = {Small Area Estimation When Auxiliary Information Is Measured with Error},
  year    = {2008},
  number  = {4},
  pages   = {919-931},
  volume  = {95},
  url     = {https://doi.org/10.1093/biomet/asn048},
}

@Article{Datta2000,
  author  = {Datta, G. S. and Lahiri, P.},
  journal = {Statistica Sinica},
  title   = {A Unified Measure of Uncertainty of Estimated Best Linear Unbiased Predictors in Small Area Estimation Problems},
  year    = {2000},
  number  = {2},
  pages   = {613-627},
  volume  = {10},
  url     = {http://www.jstor.com/stable/24306735},
}

@Article{Prasad1990,
  author  = {Prasad, N.G.N. and Rao, J.N.K.},
  journal = {Journal of the American Statistical Association},
  title   = {The Estimation of the Mean Squared Error of Small-Area Estimation},
  year    = {1990},
  number  = {409},
  pages   = {163-171},
  volume  = {85},
  url     = {https://doi.org/10.1080/01621459.1990.10475320},
}

@InProceedings{Chen2002,
  author    = {Chen, S. and Lahiri, P.},
  booktitle = {Proceeding of the Section on Survey Research Methods},
  title     = {A Weighted Jackknife MSPE Estimator in Small-Area Estimation},
  year      = {2002},
  note      = {American Statistical Association},
  pages     = {473-477},
}

@Article{Singh2005,
  author  = {Singh, B. B. and Shukla, K. and Kundu, D.},
  journal = {Survey Methodology},
  title   = {Spatio-Temporal Models in Small Area Estimation},
  year    = {2005},
  number  = {2},
  pages   = {183-195},
  volume  = {31},
  url     = {https://www150.statcan.gc.ca/n1/en/catalogue/12-001-X20050029053},
}

@Article{Molina2009,
  author  = {Molina, I. and Salvati, N. and Pratesi, M.},
  journal = {Computational Statistics},
  title   = {Bootstrap for Estimating the MSE of the Spatial EBLUP},
  year    = {2009},
  pages   = {441-458},
  volume  = {24},
  url     = {https://doi.org/10.1007/s00180-008-0138-4},
}

@Article{Jiang2002,
  author  = {Jiang, J. and Lahiri, P. and Wan, S.-M.},
  journal = {The Annals of Statistics},
  title   = {A Unified Jackknife Theory for Empirical Best Prediction with M-Estimation},
  year    = {2002},
  number  = {6},
  pages   = {1782-1810},
  volume  = {30},
  url     = {https://doi.org/10.1214/aos/1043351257},
}

@Article{Lahiri2015,
  author  = {Lahiri, P. and Suntornchost, J.},
  journal = {The Indian Journal of Statistics},
  title   = {Variable Selection for Linear Mixed Models with Applications in Small Area Estimation},
  year    = {2015},
  number  = {2},
  pages   = {312-320},
  volume  = {77-B},
  url     = {https://www.jstor.org/stable/43694416},
}

@Manual{Komsta2015,
  title  = {moments: Moments, cumulants, skewness, kurtosis and related tests},
  author = {Lukasz Komsta and Frederick Novomestky},
  note   = {R package version 0.14},
  year   = {2015},
  url    = {https://CRAN.R-project.org/package=moments},
}

@InProceedings{Brown2001,
  author    = {Brown, G. and Chambers, R. and Heady, P. and Heasman, D.},
  booktitle = {Proceedings of Statistics Canada Symposium},
  title     = {Evaluation of Small Area Estimation Methods - An Application to Unemployment Estimates from the {UK} {LFS}},
  year      = {2001},
}

@Article{Datta2011b,
  author  = {G.S. Datta and M. Ghosh and R. Steorts and J. Maples},
  journal = {TEST},
  title   = {Bayesian Benchmarking with Applications to Small Area Estimation},
  year    = {2011},
  number  = {3},
  pages   = {574-588},
  volume  = {20},
  url     = {https://doi.org/10.1007/s11749-010-0218-y},
}

@Article{emdi2019,
  author  = {Ann-Kristin Kreutzmann and S\"oren Pannier and Natalia Rojas-Perilla and Timo Schmid and Matthias Templ and Nikos Tzavidis},
  journal = {Journal of Statistical Software},
  title   = {The {R} Package emdi for Estimating and Mapping Regionally Disaggregated Indicators},
  year    = {2019},
  number  = {7},
  pages   = {1-33},
  volume  = {91},
  url     = {https://doi.org/10.18637/jss.v091.i07},
}

@Article{Molina2010,
  author  = {Molina, I. and Rao, J.N.K.},
  journal = {The Canadian Journal of Statistics},
  title   = {Small Area Estimation of Poverty Indicators},
  year    = {2010},
  number  = {3},
  pages   = {369-385},
  volume  = {38},
  url     = {https://doi.org/10.1002/cjs.10051},
}

@Manual{Nandy2015,
  title  = {smallarea: Fits a Fay Herriot Model},
  author = {Abhishek Nandy},
  note   = {R package version 0.1},
  year   = {2015},
  url    = {https://CRAN.R-project.org/package=smallarea},
}

@Manual{Breidenbach2015,
  title  = {JoSAE: Unit-Level and Area-Level Small Area Estimation},
  author = {Johannes Breidenbach},
  note   = {R package version 0.3.0},
  year   = {2018},
  url    = {https://CRAN.R-project.org/package=JoSAE},
}

@Manual{Warnholz2018,
  title  = {saeRobust: Robust Small Area Estimation},
  author = {Sebastian Warnholz},
  note   = {R package version 0.3.0},
  year   = {2022},
  url    = {https://CRAN.R-project.org/package=saeRobust},
}

@Manual{Permatasari2020,
  title  = {msae: Multivariate Fay Herriot Models for Small Area Estimation},
  author = {Novia Permatasari and Azka Ubaidillah},
  note   = {R package version 0.1.5},
  year   = {2022},
  url    = {https://CRAN.R-project.org/package=msae},
}

@Manual{Boonstra2012,
  title  = {hbsae: Hierarchical Bayesian Small Area Estimation},
  author = {Harm Jan Boonstra},
  note   = {R package version 1.2},
  year   = {2022},
  url    = {https://CRAN.R-project.org/package=hbsae},
}

@Manual{Chengchun2018,
  title  = {BayesSAE: Bayesian Analysis of Small Area Estimation},
  author = {Chengchun Shi Developer},
  note   = {R package version 1.0-2},
  year   = {2018},
  url    = {https://CRAN.R-project.org/package=BayesSAE},
}

@Manual{Lopez2019,
  title  = {mme: Multinomial Mixed Effects Models},
  author = {E. Lopez-Vizcaino and M.J. Lombardia and D. Morales},
  note   = {R package version 0.1-6},
  year   = {2019},
  url    = {https://CRAN.R-project.org/package=mme},
}

@Manual{Mubarak2020,
  title  = {saeME: Small Area Estimation with Measurement Error},
  author = {M.R. Mubarak and A. Ubaidillah},
  note   = {R package version 1.3},
  year   = {2022},
  url    = {https://CRAN.R-project.org/package=saeME},
}

@Article{Molina2015,
  author  = {Molina, I. and Marhuenda, Y.},
  journal = {The R Journal},
  title   = {sae: An {R} Package for Small Area Estimation},
  year    = {2015},
  number  = {1},
  pages   = {81-98},
  volume  = {7},
  url     = {https://doi.org/10.32614/rj-2015-007},
}

@InProceedings{Rivest2003,
  author    = {Rivest, L.-P. and Vandal, N.},
  booktitle = {Proceedings of International Conference of Recent Advanced Survey Sampling},
  title     = {Mean Squared Error Estimation for Small Areas when the Small Area Variances are Estimated},
  year      = {2003},
  pages     = {197-206},
}

@Article{Wang2003,
  author  = {Wang, J. and Fuller, W. A.},
  journal = {Journal of the American Statistical Association},
  title   = {The Mean Squared Error of Small Area Predictors Constructed With Estimated Area Variances},
  year    = {2003},
  pages   = {716-723},
  volume  = {98},
  issue   = {463},
  url     = {https://doi.org/10.1198/016214503000000620},
}

@Article{You2006,
  author  = {You, Y. and Chapman, B.},
  journal = {Survey Methodology},
  title   = {Small Area Estimation Using Area Level Models and Estimated Sampling Variances},
  year    = {2006},
  number  = {1},
  pages   = {97-103},
  volume  = {32},
  url     = {https://www150.statcan.gc.ca/n1/en/catalogue/12-001-X20060019263},
}

@Article{Alfons2013,
  author  = {Alfons, A. and Templ, M.},
  journal = {Journal of Statistical Software},
  title   = {Estimation of Social Exclusion Indicators from Complex Surveys: The {R} Package {laeken}},
  year    = {2013},
  number  = {15},
  pages   = {1-25},
  volume  = {54},
  url     = {https://doi.org/10.18637/jss.v054.i15},
}

@Article{Horvitz1952,
  author  = {Horvitz, D.G. and Thompson, D.J.},
  journal = {Journal of the American Statistical Association},
  title   = {A Generalization of Sampling Without Replacement from a Finite Universe},
  year    = {1952},
  number  = {260},
  pages   = {663-685},
  volume  = {47},
  url     = {https://doi.org/10.1080/01621459.1952.10483446},
}

@Article{Kreutzmann2019,
  author  = {Kreutzmann, A.-K. and Marek, P. and Runge, M. and Salvati, N. and Schmid, T.},
  journal = {Journal of Applied Statistics},
  title   = {The {Fay-Herriot} model for multiply imputed data with an application to regional wealth estimation in {Germany}},
  volume = {49},
number = {13},
pages = {3278-3299},
    year  = {2022},
  url     = {https://doi.org/10.1080/02664763.2021.1941805},
}

@InCollection{Casas2016,
  author     = {Casas-Cordero, C. and Encina, J. and Lahiri, P.},
  booktitle  = {Analysis of Poverty by Small Area Estimation},
  publisher  = {John Wiley \& Sons},
  title      = {Poverty Mapping for the Chilean Comunas},
  year       = {2016},
  pages      = {379-403},
  bookauthor = {Pratesi, M.},
  editora    = {Pratesi, M.},
  url        = {https://doi.org/10.1002/9781118814963.ch20},
}

@Article{Schmid2017,
  author  = {Schmid ,T. and Bruckschen, F. and Salvati, N. and Zbiranski, T.},
  journal = {Journal of the Royal Statistical Society A},
  title   = {Constructing Sociodemographic Indicators for National Statistical Institutes Using Mobile Phone Data: Estimating Literacy Rates in {Senegal}},
  year    = {2017},
  number  = {4},
  pages   = {1163-1190},
  volume  = {180},
  url     = {https://doi.org/10.1111/rssa.12305},
}

@InCollection{Bertarelli2019,
  author    = {Bertarelli, G. and Schirripa Spagnolo, F. and Salvati, N. and Pratesi, M.},
  booktitle = {Spatial Econometric Methods in Agricultural Economics Using R},
  publisher = {CRC book},
  title     = {Small Area Estimation of Agricultural Data},
  year      = {2021},
}

@Book{Cliff1981,
  author    = {Cliff, A. and Ord, J.K.},
  publisher = {Pion, London},
  title     = {{Spatial Processes: Models and Applications}},
  year      = {1981},
}

@Article{Pratesi2008,
  author  = {Pratesi, M. and Salvati, N.},
  journal = {Statistical Methods and Applications},
  title   = {Small Area Estimation: The EBLUP Estimator Based on Spatially Correlated Random Area Effects},
  year    = {2008},
  number  = {1},
  pages   = {113-141},
  volume  = {17},
  url     = {https://doi.org/10.1007/s10260-007-0061-9},
}

@Article{AlfonsTempl2010,
  author  = {Alfons, A. and Templ, M. and Filzmoser, P.},
  journal = {Journal of Statistical Software},
  title   = {An Object-Oriented Framework for Statistical Simulation: The {R} package {simFrame}},
  year    = {2010},
  number  = {3},
  pages   = {1-36},
  volume  = {37},
  url     = {https://doi.org/10.18637/jss.v037.i03},
}

@Book{Hagenaars1994,
  author    = {Hagenaars, A. and de Vos, K. and Zaidi, M.A.},
  publisher = {Office for the Official Publications of the European Communities},
  title     = {Poverty Statistics in the Late 1980s: Research Based on Mirco-data},
  year      = {1994},
}

@WWW{BuamtEich2017,
  author = {{{Bundesamt f\"ur Eich- und Vermessungswesen}}},
  note   = {[accessed: 07.02.2018]},
  title  = {{Verwaltungsgrenzen (VGD) - 1:250.000 Bezirksgrenzen, Daten vom 01.04.2017 von SynerGIS}},
  url    = {http://data-synergis.opendata.arcgis.com/datasets/bb4acc011100469185d2e59fa4cae5fc_0},
  year   = {2017},
}

@Book{Chambers1992,
  editor    = {Chambers, J. and Hastie, T.},
  publisher = {Chapman \& Hall, London},
  title     = {Statistical Models in S},
  year      = {1992},
}

@Article{Pebesma2005,
  author  = {Edzer J. Pebesma and Roger S. Bivand},
  journal = {R News},
  title   = {Classes and Methods for Spatial Data in {R}},
  year    = {2005},
  month   = {November},
  number  = {2},
  pages   = {9-13},
  volume  = {5},
  url     = {https://CRAN.R-project.org/doc/Rnews/},
}

@Article{Bivand2018,
  author  = {Bivand, R. S. and Wong, D. W. S.},
  journal = {TEST},
  title   = {Comparing Implementations of Global and Local Indicators of Spatial Association},
  year    = {2018},
  number  = {3},
  pages   = {716-748},
  volume  = {27},
  url     = {https://doi.org/10.1007/s11749-018-0599-x},
}

@Book{Wickham2016,
  author    = {Wickham, H.},
  publisher = {Springer-Verlag New York},
  title     = {ggplot2: Elegant Graphics for Data Analysis},
  year      = {2016},
  url       = {https://ggplot2.tidyverse.org},
}

@Misc{Miltiadou2020,
  author = {Miltiadou, M.},
  note   = {UK Office for National Statistics, [accessed: 05.06.2020]},
  title  = {Measuring and Reporting Reliability of Labour Force Survey and Annual Population Survey Estimates Force Survey and Annual Population Survey Estimates},
  year   = {2020},
  url    = {https://www.ons.gov.uk/employmentandlabourmarket/peopleinwork/employmentandemployeetypes/methodologies/measuringandreportingreliabilityoflabourforcesurveyandannualpopulationsurveyestimates},
}

@Article{Rao1994,
  author  = {Rao, J. N. K. and Yu, M.},
  journal = {The Canadian Journal of Statistics},
  title   = {Small-Area Estimation by Combining Time-Series and Cross-Sectional Data},
  year    = {1994},
  number  = {4},
  pages   = {511-528},
  volume  = {22},
  url     = {https://doi.org/10.2307/3315407},
}

@Article{Marhuenda2013,
  author  = {Marhuenda, Y. and Molina, I. and Morales, D.},
  journal = {Computational Statistics and Data Analysis},
  title   = {Small Area Estimation with Spatio-Temporal {Fay-Herriot} Models},
  year    = {2013},
  pages   = {308-325},
  volume  = {58},
  url     = {https://doi.org/10.1016/j.csda.2012.09.002},
}

@Article{Marchetti2015,
  author  = {Marchetti, S. and Giusti, C. and Pratesi, M. and Salvati, N. and Giannotti, F. and Pedreschi, D. and Rinzivillo, S. and Pappalardo, L. and Gabrielli, L.},
  journal = {Journal of Official Statistics},
  title   = {Small Area Model-Based Estimators Using Big Data Sources},
  year    = {2015},
  number  = {2},
  pages   = {263-281},
  volume  = {31},
  url     = {https://doi.org/10.1515/jos-2015-0017},
}

@Manual{Ushey2018,
  title  = {packrat: A Dependency Management System for Projects and their R Package Dependencies},
  author = {Kevin Ushey and Jonathan McPherson and Joe Cheng and Aron Atkins and JJ Allaire},
  note   = {R package version 0.8.0},
  year   = {2022},
  url    = {https://CRAN.R-project.org/package=packrat},
}

@InProceedings{Datta1991,
  author    = {Datta, G. S. and Fay, R. E. and Ghosh, M.},
  booktitle = {Proceedings of Bureau of the Census 1991 Annual Research Conference},
  title     = {Hierarchical and Empirical Bayes Multivariate Analysis in Small Area Estimation},
  year      = {1991},
  pages     = {63-79},
  publisher = {US Bureau of the Census},
  location  = {Washington, DC},
}

@Article{Tzavidis2012,
  author  = {Tzavidis, N. and Chambers, R.L. and Salvati, N. and Chandra, H.},
  journal = {Journal of the Indian Society of Agricultural Statistics},
  title   = {Small Area Estimation in Practice an Application to Agricultural Business Survey Data},
  year    = {2012},
  number  = {1},
  pages   = {213-228},
  volume  = {66},
  url     = {https://ro.uow.edu.au/eispapers/758/},
}

@Article{Zhang2015,
  author  = {Zhang, X. and Holt, J.B. and Yun, S. and Lu, H. and Greenlund, K.J. and Croft, J.B.},
  journal = {American Journal of Epidemiology},
  title   = {Validation of Multilevel Regression and Poststratification Methodology for Small Area Estimation of Health Indicators From the Behavioral Risk Factor Surveillance System},
  year    = {2015},
  number  = {2},
  pages   = {127-137},
  volume  = {182},
  issue   = {2},
  url     = {https://doi.org/10.1093/aje/kwv002},
}

@Book{Pratesi2016,
  editor    = {Pratesi, M.},
  publisher = {John Wiley \& Sons},
  title     = {Analysis of Poverty Data by Small Area Estimation},
  year      = {2016},
  url       = {https://doi.org/10.1002/9781118814963},
}

@Article{Chandra2015,
  author  = {Chandra, H. and Salvati, N. and Chambers, R.},
  journal = {Journal of the Survey Statistics and Methodology},
  title   = {A Spatially Nonstationary {Fay-Herriot} Model for Small Area Estimation},
  year    = {2015},
  number  = {2},
  pages   = {109-135},
  volume  = {3},
  url     = {https://doi.org/10.1093/jssam/smu026},
}

@Manual{Chandra2022,
  title  = {{NSAE}: Nonstationary Small Area Estimation},
  author = {Hukum Chandra and Nicola Salvati and Ray Chambers and Saurav Guha},
  note   = {R package version 0.4.0},
  year   = {2022},
  url    = {https://CRAN.R-project.org/package=NSAE},
}

@Manual{Fasulo2022,
  title  = {{SAEval}: Small Area Estimation Evaluation},
  author = {Andrea Fasulo},
  note   = {R package version 0.1.5},
  year   = {2022},
  url    = {https://CRAN.R-project.org/package=SAEval},
}

@Manual{Xiao2022,
  title  = {saeMSPE: Compute {MSPE} Estimates for the Fay Herriot Model and Nested Error Regression Model},
  author = {Peiwen Xiao and Xiaohui Liu and Yuzi Liu and Shaochu Liu},
  note   = {R package version 1.0},
  year   = {2022},
  url    = {https://CRAN.R-project.org/package=saeMSPE},
}

@Manual{Boonstra2021,
  title  = {mcmcsae: Markov Chain Monte Carlo Small Area Estimation},
  author = {Harm Jan Boonstra},
  note   = {R package version 0.7.0},
  year   = {2021},
  url    = {https://CRAN.R-project.org/package=mcmcsae},
}

@Manual{Nicolo2022,
  title  = {tipsae: Tools for Handling Indices and Proportions in Small Area Estimation},
  author = {Silvia {De Nicol\`{o}} and Aldo Gardini},
  note   = {R package version 0.0.6},
  year   = {2022},
  url    = {https://CRAN.R-project.org/package=tipsae},
}

@Comment{jabref-meta: databaseType:bibtex;}
