@Article{bacak_borwein2011,
  author = {M. Bacak and J. Borwein},
  title = {On Difference Convexity of Locally Lipschitz Functions},
  journal = {Optimization},
  volume = {60},
  number = {8-9},
  pages = {961-978},
  year = {2011},
  publisher = {Taylor & Francis},
  url = {https://doi.org/10.1080/02331931003770411},
}

@Book{gittensBook,
  author = {J. Gittins and K. Glazebrook and R. Weber},
  title = {Multi‐Armed Bandit Allocation Indices, 2nd Edition},
  publisher = {John Wiley \& Sons},
  year = {2011},
}

@Article{bubeck_cesabianchi2012,
  year = {2012},
  volume = {5},
  journal = {Foundations and Trends® in Machine Learning},
  title = {Regret Analysis of Stochastic and Nonstochastic Multi-Armed Bandit Problems},
  issn = {1935-8237},
  number = {1},
  pages = {1-122},
  author = {S. Bubeck and N. Cesa-Bianchi},
  url = {https://doi.org/10.1561/2200000024},
}

@Book{howard,
  author = {R. Howard},
  title = {Dynamic Programming and Markov Processes},
  publisher = {MIT Press},
  year = {1960},
}

@Article{shapley1953,
  author = {L. Shapley},
  title = {Stochastic Games},
  volume = {39},
  number = {10},
  pages = {1095--1100},
  year = {1953},
  publisher = {National Academy of Sciences},
  journal = {Proceedings of the National Academy of Sciences},
  url = {https://doi.org/10.1073/pnas.39.10.1095},
}

@Article{denardo1967,
  author = {E. Denardo},
  journal = {SIAM Review},
  number = {2},
  pages = {165--177},
  title = {Contraction Mappings in the Theory Underlying Dynamic Programming},
  volume = {9},
  year = {1967},
  url = {https://doi.org/10.1137/1009030},
}

@Article{blackwell1965,
  author = {D. Blackwell},
  fjournal = {The Annals of Mathematical Statistics},
  journal = {Ann. Math. Statist.},
  number = {1},
  pages = {226--235},
  publisher = {The Institute of Mathematical Statistics},
  title = {Discounted Dynamic Programming},
  url = {https://doi.org/10.1214/aoms/1177700285},
  volume = {36},
  year = {1965},
}

@Article{bender_dokuchaev2014,
  author = {C. Bender and N. Dokuchaev},
  title = {A FIRST‐ORDER BSPDE FOR SWING OPTION PRICING},
  journal = {Mathematical Finance},
  volume = {26},
  number = {3},
  year = {2014},
  pages = {461-491},
  url = {https://doi.org/10.1111/mafi.12067},
}

@Article{dokuchaev_zhou1999,
  title = {Stochastic Controls with Terminal Contingent Conditions},
  journal = {Journal of Mathematical Analysis and Applications},
  volume = {238},
  number = {1},
  pages = {143 - 165},
  year = {1999},
  issn = {0022-247X},
  author = {N. Dokuchaev and X. Zhou},
  url = {https://doi.org/10.1006/jmaa.1999.6515},
}

@Book{hinderer,
  author = {K. Hinderer},
  title = {Foundations of Non-Stationary Dynamic Programming with   Discrete Time Parameter},
  publisher = {Springer-Verlag},
  year = {1970},
  url = {https://doi.org/10.1007/978-3-642-46229-0},
}

@Misc{wiki_kdtree,
  author = {{k-d tree}},
  title = {k-d Tree --- {W}ikipedia{,} The Free Encyclopedia},
  year = {2018},
  url = {https://en.wikipedia.org/wiki/K-d_tree},
  note = {[Online; accessed 30-January-2018]},
}

@Article{Nakomoto,
  author = {S. Nakomoto},
  title = {A Peer-to-Peer Electronic Cash System},
  journal = {Working paper},
  year = {2008},
}

@Article{Rosenfeld,
  author = {M. Rosenfeld},
  title = {Analysis of Hashrate-Based Double Spending},
  journal = {Working paper},
  year = {2014},
}

@Article{Gruenspan,
  author = {C. Gruenspan and R. Perez-Marco},
  title = { Double Spend Races},
  journal = {Working paper},
  year = {2017},
}

@Article{hannah_dunson2013,
  author = {L. Hannah and D. Dunson},
  title = {Multivariate Convex Regression with Adaptive Partitioning},
  journal = {Journal of Machine Learning Research},
  year = {2013},
  volume = {14},
  pages = {3261-3294},
}

@Article{broadie_glasserman2004,
  title = {A Stochastic Mesh Method for Pricing High-Dimensional {A}merican Options},
  journal = {Journal of Computational Finance},
  volume = {7},
  number = {4},
  pages = {35 - 72},
  year = {2004},
  issn = {1755-2850},
  author = {M. Broadie and P. Glasserman},
  url = {https://doi.org/10.21314/jcf.2004.117},
}

@Article{broadie_glasserman1997,
  title = {Pricing American-Style Securities Using Simulation},
  journal = {Journal of Economic Dynamics and Control},
  volume = {21},
  number = {8},
  pages = {1323 - 1352},
  year = {1997},
  issn = {0165-1889},
  author = {M. Broadie and P. Glasserman},
  url = {https://doi.org/10.1016/s0165-1889(97)00029-8},
}

@Article{myers1977,
  title = {Determinants of Corporate Borrowing},
  journal = {Journal of Financial Economics},
  volume = {5},
  number = {2},
  pages = {147 - 175},
  year = {1977},
  issn = {0304-405X},
  author = {S. Myers},
  url = {https://doi.org/10.1016/0304-405x(77)90015-0},
}

@Article{guandalini_etal2015,
  title = {Power-to-Gas Plants and Gas Turbines for Improved Wind Energy Dispatchability: Energy and Economic Assessment},
  journal = {Applied Energy},
  volume = {147},
  pages = {117 - 130},
  year = {2015},
  issn = {0306-2619},
  author = {G. Guandalini and S. Campanari and M. Romano},
  url = {https://doi.org/10.1016/j.apenergy.2015.02.055},
}

@Article{gotz_etal2016,
  title = {Renewable Power-to-Gas: A Technological and Economic Review},
  journal = {Renewable Energy},
  volume = {85},
  pages = {1371 - 1390},
  year = {2016},
  issn = {0960-1481},
  author = {M. Gotz and J. Lefebvre and F. Mors and A. Kochm and F. Graf and S. Bajohr and R. Reimert and T. Kolb},
  url = {https://doi.org/10.1016/j.renene.2015.07.066},
}

@Article{schiebahn_etal2015,
  title = {Power to Gas: Technological Overview, Systems Analysis and Economic Assessment for a Case Study in Germany},
  journal = {International Journal of Hydrogen Energy},
  volume = {40},
  number = {12},
  pages = {4285 - 4294},
  year = {2015},
  issn = {0360-3199},
  author = {S. Schiebahn and T. Grube and M. Robinius and V. Tietze and B. Kumar and D. Stolten},
  url = {https://doi.org/10.1016/j.ijhydene.2015.01.123},
}

@Article{ghabib_benfares2018,
  title = {Power-to-Methane: A State-of-the-Art Review},
  journal = {Renewable and Sustainable Energy Reviews},
  volume = {81, Part 1},
  pages = {433 - 446},
  year = {2018},
  issn = {1364-0321},
  author = {K. Ghaib and F. Ben-Fares},
  url = {https://doi.org/10.1016/j.rser.2017.08.004},
}

@Article{gahleitner2013,
  title = {Hydrogen from Renewable Electricity: An International Review of Power-to-Gas Pilot Plants for Stationary Applications},
  journal = {International Journal of Hydrogen Energy},
  volume = {38},
  number = {5},
  pages = {2039 - 2061},
  year = {2013},
  author = {G. Gahleitner},
  url = {https://doi.org/10.1016/j.ijhydene.2012.12.010},
}

@Article{qadrdan_etal2015,
  title = {Role of Power-to-Gas in an Integrated Gas and electricity System in Great Britain},
  journal = {International Journal of Hydrogen Energy},
  volume = {40},
  number = {17},
  pages = {5763 - 5775},
  year = {2015},
  issn = {0360-3199},
  author = {M. Qadrdan and M. Abeysekera and M. Chaudry and J. Wu and N. Jenkins},
  url = {https://doi.org/10.1016/j.ijhydene.2015.03.004},
}

@Article{vandewalle_etal2015,
  title = {Effects of Large-Scale Power to Gas Conversion on the Power, Gas and Carbon Sectors and Their Interactions},
  journal = {Energy Conversion and Management},
  volume = {94},
  pages = {28 - 39},
  year = {2015},
  issn = {0196-8904},
  author = {J. Vandewalle and K. Bruninx and W. D’haeseleer},
  url = {https://doi.org/10.1016/j.enconman.2015.01.038},
}

@Article{stockford_etal2015,
  title = {H2FC SUPERGEN: An Overview of the Hydrogen and Fuel Cell Research across the UK},
  journal = {International Journal of Hydrogen Energy},
  volume = {40},
  number = {15},
  pages = {5534 - 5543},
  year = {2015},
  issn = {0360-3199},
  author = {C. Stockford and N. Brandon and J. Irvine and T. Mays and I. Metcalfe and D. Book and P. Ekins and A. Kucernak and V. Molkov and R. Steinberger-Wilckens and N. Shah and P. Dodds and C. Dueso and S. Samsatli and C. Thompson},
  url = {https://doi.org/10.1016/j.ijhydene.2015.01.180},
}

@Article{beors_etal2014,
  title = {The Application of Power-to-Gas, Pumped Hydro Storage and Compressed Air Energy Storage in an Electricity System at Different Wind Power Penetration Levels},
  journal = {Energy},
  volume = {72},
  pages = {360 - 370},
  year = {2014},
  issn = {0360-5442},
  author = {H. Boer and L. Grond and H. Moll and R. Benders},
  url = {https://doi.org/10.1016/j.energy.2014.05.047},
}

@Article{gazey_etal2006,
  title = {A Field Application Experience of Integrating Hydrogen Technology with Wind Power in a Remote Island Location},
  journal = {Journal of Power Sources},
  volume = {157},
  number = {2},
  pages = {841 - 847},
  year = {2006},
  note = {Selected papers presented at the Ninth Grove Fuel Cell Symposium},
  issn = {0378-7753},
  author = {R. Gazey and S. Salman and D. Aklil-D’Halluin},
  url = {https://doi.org/10.1016/j.jpowsour.2005.11.084},
}

@Article{ulleberg_etal2010,
  title = {The Wind/Hydrogen Demonstration System at Utsira in Norway: Evaluation of System Performance Using Operational Data and Updated Hydrogen Energy System Modeling Tools},
  journal = {International Journal of Hydrogen Energy},
  volume = {35},
  number = {5},
  pages = {1841 - 1852},
  year = {2010},
  issn = {0360-3199},
  author = {O. Ulleberg and T. Nakken and A. Ete},
  url = {https://doi.org/10.1016/j.ijhydene.2009.10.077},
}

@Article{hinz_yee_battery,
  title = {Optimal Forward Trading and Battery Control under Renewable Electricity Generation},
  journal = {Journal of Banking \& Finance},
  volume = {InPress},
  year = {2017},
  issn = {0378-4266},
  author = {J. Hinz and J. Yee},
  url = {https://doi.org/10.1016/j.jbankfin.2017.06.006},
}

@TechReport{bmwi2015,
  title = {Fourth {"}Energy Transition{"} Monitoring Report - Summary},
  author = {{BMWi}},
  year = {2015},
  institution = {The Federal Ministry for Economic Affairs and Energy (BMWi)},
}

@Article{varone_ferrari2015,
  title = {Power to Liquid and Power to Gas: An Option for the German Energiewende},
  journal = {Renewable and Sustainable Energy Reviews},
  volume = {45},
  pages = {207 - 218},
  year = {2015},
  issn = {1364-0321},
  author = {A. Varone and M. Ferrari},
  url = {https://doi.org/10.1016/j.rser.2015.01.049},
}

@Article{jentsch_etal2014,
  title = {Optimal Use of Power-to-Gas Energy Storage Systems in an 85\% Renewable Energy Scenario},
  journal = {Energy Procedia},
  volume = {46},
  pages = {254 - 261},
  year = {2014},
  note = {8th International Renewable Energy Storage Conference and Exhibition (IRES 2013)},
  issn = {1876-6102},
  author = {M. Jentsch and T. Trost and M. Sterner},
  url = {https://doi.org/10.1016/j.egypro.2014.01.180},
}

@Book{demmelBook,
  author = {J. Demmel},
  title = {Applied Numerical Linear Algebra},
  publisher = {Society for Industrial and Applied Mathematics},
  year = {1997},
  url = {https://doi.org/10.1137/1.9781611971446},
}

@Article{rcpp,
  title = {{Rcpp}: Seamless {R} and {C++} Integration},
  author = {D. Eddelbuettel and R. Francois},
  journal = {Journal of Statistical Software},
  year = {2011},
  volume = {40},
  number = {8},
  pages = {1--18},
  url = {https://doi.org/10.18637/jss.v040.i08},
}

@Article{tompaidis_yang2014,
  author = {S. Tompaidis and C. Yang},
  journal = {Journal of computational finance},
  number = {1},
  pages = {121-143},
  title = {Pricing American-Style Options by Monte Carlo Simulation:   Alternatives to Ordinary Least Squares},
  volume = {18},
  year = {2014},
  url = {https://doi.org/10.21314/jcf.2014.279},
}

@Book{hernandezlerma_lasserreBook,
  author = {O. Hernandez-Lerma and J. Lasserre},
  publisher = {Springer-Verlag},
  title = {Discrete-Time Markov Control Processes : Basic Optimality Criteria},
  year = {1996},
  isbn = {978-1-4612-0729-0},
}

@Manual{ConvexPaper,
  author = {J. Yee},
  note = {Available at {https://github.com/YeeJeremy/ConvexPaper}, R package version 1.0},
  title = {Convex Paper},
  url = {https://github.com/YeeJeremy/ConvexPaper},
  year = {2017},
}

@Article{alfonsi_etal2010,
  author = {A. Alfonsi and A. Schied and A. Fruth},
  journal = {Quantitative Finance},
  number = {2},
  pages = {143-157},
  title = {Optimal Execution Strategies in Limit Order Books with General Shape Functions},
  volume = {10},
  year = {2010},
}

@Article{alfonsi_schied2010,
  author = {A. Alfonsi and A. Schied},
  journal = {SIAM J. Financial Math.},
  number = {1},
  pages = {490-522},
  title = {Optimal Trade Execution and Absence of Price Manipulations in Limit Order Book Models},
  volume = {1},
  year = {2010},
}

@Article{almgren_chriss2000,
  author = {R. Almgren and N. Chriss},
  journal = {Journal of Risk},
  number = {2},
  pages = {5-39},
  title = {Optimal Execution of Portfolio Transactions},
  volume = {3},
  year = {2000},
}

@Article{andersen_broadie2004,
  author = {L. Andersen and M. Broadie},
  journal = {Management Science},
  number = {9},
  pages = {1222--1234},
  title = {Primal-Dual Simulation Algorithm for Pricing Multidimensional American Options},
  volume = {50},
  year = {2004},
}

@Article{bakke_etal_2016,
  author = {I. Bakke and S. Fleten and L. Hagfors and V. Hagspiel and B. Norheim and S. Wogrin},
  journal = {Computational Management Science},
  number = {3},
  pages = {483--500},
  title = {Investment in Electric Energy Storage under Uncertainty: a Real Options Approach},
  volume = {13},
  year = {2016},
}

@InProceedings{balazs_etal2015,
  author = {G. Balazs and A. Gyorgy and C. Szepesvari},
  booktitle = {Proceedings of the Eighteenth International Conference on Artificial Intelligence and Statistics},
  editor = {Guy Lebanon and S. V. N. Vishwanathan},
  file = {http://proceedings.mlr.press/v38/balazs15.pdf},
  location = {San Diego, California, USA},
  pages = {56--64},
  publisher = {PMLR},
  series = {Proceedings of Machine Learning Research},
  title = {{Near-Optimal Max-Affine Estimators for Convex Regression}},
  volume = {38},
  year = {2015},
}

@Book{bauerle_rieder,
  author = {N. Bauerle and U. Rieder},
  publisher = {Springer-Verlag},
  title = {Markov Decision Processes with Applications to Finance},
  year = {2011},
  url = {https://doi.org/10.1007/978-3-642-18324-9},
}

@Article{bayraktar_egami2010,
  author = {E. Bayraktar and M. Egami},
  journal = {Mathematics of Operations Research},
  number = {1},
  pages = {140--159},
  title = {On the One-Dimensional Optimal Switching Problem},
  volume = {35},
  year = {2010},
}

@Article{bayraktar_ludkovski2011,
  author = {E. Bayraktar and M. Ludkovski},
  journal = {Mathematical Finance},
  number = {4},
  pages = {681-701},
  title = {Optimal Trade Execution in Illiquid Markets},
  volume = {21},
  year = {2011},
}

@Article{beaudin_etal_2010,
  author = {M. Beaudin and H. Zareipour and A. Schellenberglabe and W. Rosehart},
  journal = {Energy for Sustainable Development},
  number = {4},
  pages = {302 - 314},
  title = {Energy Storage for Mitigating the Variability of Renewable Electricity Sources: An Updated Review},
  volume = {14},
  year = {2010},
}

@Article{becherer_etal,
  author = {D. Becherer and T. Bilarev and P. Frentrup},
  journal = {arXiv:1501.01892v2},
  title = {Optimal Asset Liquidation with Multiplicative Transient Price Impact},
  year = {2016},
}

@Article{belomestny_etal2009,
  author = {D. Belomestny and C. Bender and J. Schoenmakers},
  journal = {Mathematical Finance},
  number = {1},
  pages = {53-71},
  title = {True Upper Bounds for Bermudan Products via Non-Nested Monte Carlo},
  volume = {19},
  year = {2009},
}

@Article{belomestny_etal2010,
  author = {D. Belomestny and A. Kolodko and J. Schoenmakers},
  journal = {SIAM Journal on Control and Optimization},
  number = {5},
  pages = {3562-3588},
  title = {Regression Methods for Stochastic Control Problems and Their Convergence Analysis},
  volume = {48},
  year = {2010},
  url = {https://doi.org/10.1137/090752651},
}

@Article{bender_dokuchaev2016,
  author = {C. Bender and N. Dokuchaev},
  issn = {1467-9965},
  journal = {Mathematical Finance},
  number = {3},
  pages = {461--491},
  title = {A FIRST-ORDER BSPDE FOR SWING OPTION PRICING},
  volume = {26},
  year = {2016},
  url = {https://doi.org/10.1111/mafi.12067},
}

@Article{benth_etal_2008,
  author = {F. Benth and A. Cartea and R. Kiesel},
  journal = {Journal of Banking \& Finance},
  number = {10},
  pages = {2006 - 2021},
  title = {Pricing Forward Contracts in Power Markets by the Certainty Equivalence Principle: Explaining the Sign of the Market Risk Premium},
  volume = {32},
  year = {2008},
}

@InProceedings{berg_etal2005,
  author = {A. Berg and T. Berg and J. Malik},
  booktitle = {2005 IEEE Computer Society Conference on Computer Vision and Pattern Recognition},
  issn = {1063-6919},
  pages = {26-33},
  title = {Shape Matching and Object Recognition Using Low Distortion Correspondences},
  volume = {1},
  year = {2005},
}

@Book{bertsekas_tsitsiklis,
  author = {D. Bertsekas and J. Tsitsiklis},
  publisher = {Athena Scientific},
  title = {Neuro-Dynamic Programming},
  year = {1996},
}

@Article{bertsimas_lo1998,
  author = {D. Bertsimas and A. W. Lo},
  journal = {J. Financial Markets},
  number = {1},
  pages = {1-50},
  title = {Optimal Control of Execution Costs},
  volume = {1},
  year = {1998},
}

@Article{bhattacharya1978,
  author = {S. Bhattacharya},
  journal = {The Journal of Finance},
  number = {5},
  pages = {1317–1331},
  title = {Project Valuation with Mean-Reverting Cash Flow Streams.},
  volume = {33},
  year = {1978},
}

@Article{birge1997,
  author = {J. Birge},
  journal = {INFORMS Journal on Computing},
  number = {2},
  pages = {111-133},
  title = {State-of-the-Art-Survey--Stochastic Programming: Computation and Applications},
  volume = {9},
  year = {1997},
  url = {https://doi.org/10.1287/ijoc.9.2.111},
}

@InBook{birge_wets1986,
  author = {J. Birge and R. Wets},
  booktitle = {Stochastic Programming 84 Part I},
  editor = {A. Prékopa and R. Wets},
  isbn = {978-3-642-00925-9},
  location = {Berlin, Heidelberg},
  pages = {54--102},
  chapter = {4},
  publisher = {Springer-Verlag},
  title = {Designing Approximation Schemes for Stochastic Optimization Problems, in Particular for Stochastic Programs with Recourse},
  year = {1986},
  url = {https://doi.org/10.1007/bfb0121114},
}

@Article{boomsma_etal2012,
  author = {T. Boomsma and N. Meade and S. Fleten},
  journal = {European Journal of Operational Research},
  number = {1},
  pages = {225--237},
  title = {Renewable Energy Inestments under Different Support Schemes : a Real Options Approach},
  volume = {220},
  year = {2012},
}

@Article{bradbury_etal_2014,
  author = {K. Bradbury and L. Pratson and D. Patiño-Echeverri},
  journal = {Applied Energy},
  pages = {512 - 519},
  title = {Economic Viability of Energy Storage Systems Based on Price Arbitrage Potential in Real-Time U.S. Electricity Markets},
  volume = {114},
  year = {2014},
}

@Article{brandao_dyer2005,
  author = {L. Brandao and J. Dyer},
  journal = {Annals of operations research},
  number = {1},
  pages = {21--39},
  title = {Decision Analysis and Real Options: A Discrete Time Approach to Real Option Valuation},
  volume = {135},
  year = {2005},
}

@Article{brennan_schwartz1985,
  author = {M. Brennan and E. Schwartz},
  journal = {The Journal of Business},
  number = {2},
  pages = {135--57},
  title = {Evaluating Natural Resource Investments},
  volume = {58},
  year = {1985},
}

@Article{breton_moe_2009,
  author = {S. Breton and G. Moe},
  journal = {Renewable Energy},
  number = {3},
  pages = {646 - 654},
  title = {Status, Plans and Technologies for Offshore Wind Turbines in Europe and North America},
  volume = {34},
  year = {2009},
}

@Article{brown_etal2010,
  author = {D. Brown and J. Smith and P. Sun},
  journal = {Operations Research},
  number = {4},
  pages = {785--801},
  title = {Information Relaxations and Duality in Stochastic Dynamic Programs},
  volume = {58},
  year = {2010},
}

@Article{carmona_ludkovski2010,
  author = {R. Carmona and M. Ludkovski},
  journal = {Quantitative Finance},
  number = {4},
  pages = {359--374},
  title = {Valuation of Energy Storage: An Optimal Switching Approach},
  volume = {10},
  year = {2010},
}

@Article{carmona_touzi2008,
  author = {R. Carmona and N. Touzi},
  journal = {Mathematical Finance},
  pages = {239 - 268},
  title = {Optimal Multiple Stopping and Valuation of Swing Options},
  volume = {18},
  year = {2008},
}

@Article{carriere1996,
  author = {J. Carriere},
  journal = {Insurance: Mathematics and Economics},
  pages = {19--30},
  title = {Valuation of the Early-Exercise Price for Options Using Simulations and Nonparametric Regression},
  volume = {19},
  year = {1996},
  url = {https://doi.org/10.1016/s0167-6687(96)00004-2},
}

@Article{cartea_villaplana_2008,
  author = {A. Cartea and P. Villaplana},
  journal = {Journal of Banking \& Finance},
  number = {12},
  pages = {2502 - 2519},
  title = {Spot Price Modeling and the Valuation of Electricity Forward Contracts: The Role of Demand and Capacity},
  volume = {32},
  year = {2008},
}

@Article{casassus_collindufresne2005,
  author = {J. Casassus and P. Collin-Dufresne},
  issn = {1540-6261},
  journal = {The Journal of Finance},
  number = {5},
  pages = {2283--2331},
  publisher = {Blackwell Publishing, Inc.},
  title = {Stochastic Convenience Yield Implied from Commodity Futures and Interest Rates},
  volume = {60},
  year = {2005},
  url = {https://doi.org/10.1111/j.1540-6261.2005.00799.x},
}

@Article{chan_walter_2014,
  author = {P. Chan and T. Walter},
  journal = {Journal of Banking \& Finance},
  pages = {177 - 188},
  title = {Investment Performance of “environmentally-Friendly” Firms and Their Initial Public Offers and Seasoned Equity Offers},
  volume = {44},
  year = {2014},
}

@Article{chen_glasserman2007,
  author = {N. Chen and P. Glasserman},
  journal = {Finance and Stochastics},
  number = {2},
  pages = {153-179},
  title = {Additive and Multiplicative Duals for American Option Pricing},
  volume = {11},
  year = {2007},
}

@Article{clement_etal2002,
  author = {E. Clement and D. Lamberton and P. Protter},
  journal = {Finance and Stochastics},
  number = {4},
  pages = {449-471},
  title = {An Analysis of the {L}ongstaff-{S}chwartz Algorithm for {A}merican Option Pricing},
  volume = {6},
  year = {2002},
}

@Article{cont_etal2014,
  author = {R. Cont and A. Kukanov and S. Stoikov},
  journal = {Journal of Financial Econometrics},
  number = {1},
  pages = {47},
  title = {The Price Impact of Order Book Events},
  volume = {12},
  year = {2014},
}

@Article{cont_kukanov,
  author = {R. Cont and A. Kukanov},
  journal = {arXiv:1210.1625v4},
  title = {Optimal Order Placement in Limit Order Markets},
  year = {2014},
}

@Article{cortazar_etal2001,
  author = {G. Cortazar and E. Schwartz and J. Casassus},
  issn = {1467-9310},
  journal = {R\&D Management},
  number = {2},
  pages = {181--189},
  publisher = {Blackwell Publishers Ltd},
  title = {Optimal Exploration Investments under Price and Geological-Technical Uncertainty: {A} Real Options Model},
  volume = {31},
  year = {2001},
  url = {https://doi.org/10.1111/1467-9310.00208},
}

@Article{devalkar_etal2011,
  author = {S. Devalkar and R. Anupindi and A. Sinha},
  journal = {Operations Research},
  number = {6},
  pages = {1369-1381},
  title = {Integrated Optimization of Procurement, Processing, and Trade of Commodities},
  volume = {59},
  year = {2011},
  url = {https://doi.org/10.1287/opre.1110.0959},
}

@Article{dias2004,
  author = {M. Dias},
  journal = {Journal of Petroleum Science and Engineering},
  pages = {93-114},
  title = {Valuation of Exploration and Production Assets: An Overview of Real Options Models},
  volume = {44},
  year = {2004},
}

@Article{diazgonzalez_etal_2012,
  author = {F. Díaz-González and A. Sumper and O. Gomis-Bellmunt and R. Villafáfila-Robles},
  journal = {Renewable and Sustainable Energy Reviews},
  number = {4},
  pages = {2154 - 2171},
  title = {A Review of Energy Storage Technologies for Wind Power Applications},
  volume = {16},
  year = {2012},
}

@Article{dincer_2011,
  author = {F. Dincer},
  journal = {Renewable and Sustainable Energy Reviews},
  number = {1},
  pages = {713 - 720},
  title = {The Analysis on Photovoltaic Electricity Generation Status, Potential and Policies of the Leading Countries in Solar Energy},
  volume = {15},
  year = {2011},
}

@Book{dixit_pindyckBook,
  author = {A. Dixit and R. Pindyck},
  publisher = {Princeton University Press},
  title = {Investment Under Uncertainty},
  year = {1994)},
}

@Article{doege_etal2009,
  author = {J. Doege and M. Fehr and J. Hinz and H. Luthi and M. Wilhelm},
  journal = {European Journal of Operational Research},
  number = {3},
  pages = {936 - 943},
  title = {Risk Management in Power Markets: The Hedging Value of Production Flexibility},
  volume = {199},
  year = {2009},
}

@Misc{dokuchaev_2016,
  author = {N Dokuchaev},
  eprint = {arXiv:1511.01365},
  title = {Optimal Energy Storing and Selling in Continuous Time Stochastic Multi-Battery Setting},
  year = {2016},
}

@Article{egloff2005,
  author = {D. Egloff},
  journal = {The Annals of Applied Probability},
  pages = {1396-1432},
  title = {{M}onte {C}arlo Algorithms for Optimal Stopping and Statistical Learning},
  volume = {15},
  year = {2005},
}

@Article{egloff_etal2007,
  author = {D. Egloff and M. Kohler and N. Todorovic},
  journal = {The Annals of Applied Probability},
  pages = {1138-1171},
  title = {A Dynamic Look-Ahead {M}onte {C}arlo Algorithm for Pricing {B}ermuda Options},
  volume = {17},
  year = {2007},
}

@Article{elliott_hinz2002,
  author = {R. Elliott and J. Hinz},
  journal = {International Journal of Theoretical and Applied Finance},
  number = {4},
  pages = {1-15},
  title = {Portfolio Optimization, Hidden {M}arkov Models, and Technical Analysis of P\&F-Charts},
  volume = {5},
  year = {2002},
}

@Article{evans_etal_2012,
  author = {A. Evans and V. Strezov and T. Evans},
  journal = {Renewable and Sustainable Energy Reviews},
  number = {6},
  pages = {4141 - 4147},
  title = {Assessment of Utility Energy Storage Options for Increased Renewable Energy Penetration},
  volume = {16},
  year = {2012},
}

@Book{fan_gijbels,
  author = {J. Fan and I. Gijbels},
  publisher = {Chapman and Hall},
  title = {Local Polynomial Modelling and Its Applications},
  year = {1996},
}

@Article{feinberg_etal2016,
  author = {E. Feinberg and P. Kasyanov and M. Zgurovsky},
  journal = {Mathematics of Operations Research},
  number = {2},
  pages = {656-681},
  title = {Partially Observable Total-Cost Markov Decision Processes with Weakly Continuous Transition Probabilities},
  volume = {41},
  year = {2016},
  url = {https://doi.org/10.1287/moor.2015.0746},
}

@Manual{flann,
  author = {M. Muja and D. Lowe},
  note = {Version 1.9.1},
  title = {FLANN - Fast Library for Approximate Nearest Neighbors},
  url = {https://github.com/mariusmuja/flann},
  year = {2016},
}

@Article{fu1994,
  author = {M. Fu},
  day = {01},
  issn = {1572-9338},
  journal = {Annals of Operations Research},
  number = {1},
  pages = {199--247},
  title = {Optimization via Simulation: A Review},
  volume = {53},
  year = {1994},
  url = {https://doi.org/10.1007/bf02136830},
}

@Article{fu_etal2001,
  author = {M. Fu and S. Laprise and D. Madan and Y. Su and R. Wu},
  journal = {Journal of Computational Finance},
  number = {3},
  pages = {39 -- 88},
  title = {Pricing American Options: A Comparison of Monte Carlo Simulation Approaches},
  volume = {4},
  year = {2001},
}

@Article{gamba2002,
  author = {A. Gamba},
  journal = {Working Paper},
  title = {Real Options Valuation: A Monte Carlo Simulation Approach.},
  year = {2002},
}

@Book{gemanBook,
  author = {H. Geman},
  hal_id = {halshs-00144182},
  hal_version = {v1},
  pages = {416},
  publisher = {John Wiley \& Sons},
  title = {{Commodities and Commodity Derivatives. Modeling and Pricing for Agriculturals, Metals and Energy}},
  year = {2005},
}

@Article{gibson_schwartz1990,
  author = {R. Gibson and E. Schwartz},
  issn = {1540-6261},
  journal = {The Journal of Finance},
  number = {3},
  pages = {959--976},
  publisher = {Blackwell Publishing Ltd},
  title = {Stochastic Convenience Yield and the Pricing of Oil Contingent Claims},
  volume = {45},
  year = {1990},
  url = {https://doi.org/10.1111/j.1540-6261.1990.tb05114.x},
}

@Book{glasserman,
  author = {P. Glasserman},
  publisher = {Springer-Verlag},
  title = {{M}onte {C}arlo Methods in Financial Engineering},
  year = {2003},
}

@Article{glasserman_yu2004,
  author = {P. Glasserman and B. Yu},
  journal = {Annals of Applied Probability},
  pages = {2090--2119},
  title = {Number of Paths versus Number of Basis Functions in American Option Pricing},
  volume = {14},
  year = {2004},
  url = {https://doi.org/10.1214/105051604000000846},
}

@Article{gobel_etal2016,
  author = {J. Gobel and H. Keeler and A. Krzesinski and P. Taylor},
  issn = {0166-5316},
  journal = {Performance Evaluation},
  number = {Supplement C},
  pages = {23 - 41},
  title = {Bitcoin Blockchain Dynamics: The Selfish-Mine Strategy in the Presence of Propagation Delay},
  volume = {104},
  year = {2016},
  url = {https://doi.org/10.1016/j.peva.2016.07.001},
}

@Article{gobet_etal2005,
  author = {E. Gobet and J. Lemor and X. Warin},
  journal = {Annals of Applied Probab.},
  number = {3},
  pages = {2172-2202},
  title = {A Regression-Based Monte Carlo Method to Solve Backward Stochastic Differential Equations},
  volume = {114},
  year = {2005},
}

@Article{gobet_lemor2008,
  author = {E. Gobet and J. Lemor},
  journal = {arXiv:0806.4447},
  title = {Numerical Simulation of Bsdes Using Empirical Regression Methods: Theory and Practice},
  year = {2008},
}

@Article{gray_neuhoff2006,
  author = {R. Gray and D. Neuhoff},
  issn = {0018-9448},
  journal = {IEEE Trans. Inf. Theor.},
  number = {6},
  pages = {2325--2383},
  title = {Quantization},
  volume = {44},
  year = {2006},
  url = {https://doi.org/10.1109/18.720541},
}

@Article{gruenspan_perezmarco2017,
  author = {C. Gruenspan and R. Perez-Marco},
  journal = {Working paper},
  title = {Double Spend Races},
  year = {2017},
}

@Article{haugh_kogan2004,
  author = {M. Haugh and L. Kogan},
  journal = {Operations Research},
  number = {2},
  pages = {258--270},
  title = {Pricing {A}merican Options: A Duality Approach},
  volume = {52},
  year = {2004},
}

@Article{hauskrecht2000,
  author = {M. Hauskrecht},
  journal = {Journal of Artificial Intelligence Research},
  pages = {33-94},
  title = {Value-Function Approximations for Partially Observable {M}arkov Decision Processes},
  volume = {13},
  year = {2000},
}

@Book{hernandezlermaBook,
  author = {O. Hernandez-Lerma},
  publisher = {Springer-Verlag},
  title = {Adaptive Markov Control Processes},
  year = {1989},
}

@Article{hernandezlerma_etal1995,
  author = {O. Hernandez-Lerma and C. Piovesan and W. Runggaldier},
  day = {01},
  issn = {1572-9338},
  journal = {Annals of Operations Research},
  number = {1},
  pages = {135--156},
  title = {Numerical Aspects of Monotone Approximations in Convex Stochastic Control Problems},
  volume = {56},
  year = {1995},
  url = {https://doi.org/10.1007/bf02031704},
}

@Article{hernandezlerma_runggaldier1994,
  author = {O. Hernandez-Lerma and W. Runggaldier},
  journal = {Journal of Mathematical Systems, Estimation, and Control},
  number = {1},
  pages = {99--140},
  publisher = {Birkhauser-Boston},
  title = {Monotone Approximations for Convex Stochastic Control Problems},
  volume = {4},
  year = {1994},
}

@Article{hinz2014,
  author = {J. Hinz},
  journal = {SIAM Journal on Control and Optimization},
  number = {1},
  pages = {164--188},
  title = {Optimal Stochastic Switching under Convexity Assumptions},
  volume = {52},
  year = {2014},
  url = {https://doi.org/10.1137/13091333x},
}

@Article{hinz2016,
  author = {J. Hinz},
  journal = {IEEE Transactions on Automatic Control},
  number = {9},
  pages = {2727-2732},
  title = {Using Convex Switching Techniques for Partially Observable Decision Processes},
  volume = {61},
  year = {2016},
}

@Article{hinz_etal2005,
  author = {J. Hinz and L. {von Grafenstein} and M. Verschuere and M. Wilhelm},
  journal = {Quantitative Finance},
  number = {1},
  pages = {49-60},
  title = {Pricing Electricity Risk by Interest Rate Methods},
  volume = {5},
  year = {2005},
}

@Article{hinz_etal_mining,
  author = {J. Hinz and T. Tarnopolskaya and J. Yee},
  journal = {Annals of Operations Research},
  title = {Efficient Algorithms of Pathwise Dynamic Programming for Decision Optimization in Mining Operationsh},
  year = {In Press},
}

@Article{hinz_fehr2010,
  author = {J. Hinz and M. Fehr},
  issue = {1},
  journal = {SIAM Journal on Financial Mathematics},
  pages = {729-751.},
  title = {Storage Costs in Commodity Option Pricing},
  year = {2010},
}

@Article{hinz_yap2015,
  author = {J. Hinz and N. Yap},
  journal = {Theory of Probability and its Applications},
  number = {4},
  pages = {770--800},
  title = {Algorithms for Optimal Control of Stochastic Switching Systems},
  volume = {60},
  year = {2015},
}

@Article{hinz_yee_liquidation,
  author = {J. Hinz and J. Yee},
  day = {01},
  issn = {1573-6946},
  journal = {Asia-Pacific Financial Markets},
  number = {2},
  pages = {109--129},
  title = {An Algorithmic Approach to Optimal Asset Liquidation Problems},
  volume = {24},
  year = {2017},
  url = {https://doi.org/10.1007/s10690-017-9226-1},
}

@Article{hinz_yee_neighbour,
  author = {J. Hinz and J. Yee},
  journal = {Preprint},
  title = {Efficient Subgradient Based Approach to {M}arkov Decision Processes Using Nearest Neighbours},
  year = {Preprint},
}

@Article{hinz_yee_pomdp,
  author = {J. Hinz and J. Yee},
  journal = {International Journal of Control},
  number = {3},
  pages = {553-565},
  title = {Stochastic Switching for Partially Observable Dynamics and Optimal Asset Allocation},
  volume = {90},
  year = {2017},
}

@Article{horst_naujokat2014,
  author = {H. Horst and F Naujokat},
  journal = {SIAM J. Financial Math.},
  number = {1},
  pages = {278-315},
  title = {When to Cross the Spread? Trading in Two-Sided Limit Order Books},
  volume = {5},
  year = {2014},
}

@TechReport{irena_2015,
  author = {R. Kempener and E. Borden},
  institution = {International Renewable Energy Agency},
  title = {Battery Storage for Renewables: Market Status and Technology Outlook},
  type = {Report},
  year = {2015},
}

@Article{jaimungal_etal2013,
  author = {S. Jaimungal and M. {de Souza} and J. Zubelli},
  eprint = {https://doi.org/10.1080/1351847X.2011.601660},
  journal = {The European Journal of Finance},
  number = {7-8},
  pages = {625-644},
  publisher = {Routledge},
  title = {Real Option Pricing with Mean-Reverting Investment and Project Value},
  volume = {19},
  year = {2013},
  url = {https://doi.org/10.1080/1351847x.2011.601660},
}

@Article{jaimungal_surkov2009,
  author = {S. Jaimungal and V. Surkov},
  journal = {Risk},
  number = {7},
  pages = {78--83},
  title = {Stepping through Fourier Space},
  volume = {22},
  year = {2009},
}

@Article{jaimungal_surkov2011,
  author = {S. Jaimungal and V. Surkov},
  journal = {SIAM Journal on Financial Mathematics},
  number = {1},
  pages = {464-487},
  title = {Levy-Based Cross-Commodity Models and Derivative Valuation},
  volume = {2},
  year = {2011},
  url = {https://doi.org/10.1137/100791609},
}

@Article{jiang_powell2015,
  author = {D. Jiang and W. Powell},
  journal = {Operations Research},
  number = {6},
  pages = {1489-1511},
  title = {An Approximate Dynamic Programming Algorithm for Monotone Value Functions},
  volume = {63},
  year = {2015},
  url = {https://doi.org/10.1287/opre.2015.1425},
}

@Article{kaelbling_etal1998,
  author = {L. Kaelbling and M. {M. L. Littman} and A. Cassandra},
  journal = {Artificial Intelligence},
  pages = {99-134},
  title = {Planning and Acting in Partially Observable Stochastic Domains},
  volume = {101},
  year = {1998},
}

@Article{kim_powell_2011,
  author = {J. Kim and W. Powell},
  journal = {Operations Research},
  number = {6},
  pages = {1347 - 1360},
  title = {Optimal Energy Commitments with Storage and Intermittent Supply},
  volume = {59},
  year = {2011},
}

@Article{kratz_schoneborn2016,
  author = {P. Kratz and T. Schoneborn},
  issn = {1467-9965},
  journal = {Mathematical Finance},
  pages = {n/a--n/a},
  title = {OPTIMAL LIQUIDATION AND ADVERSE SELECTION IN DARK POOLS},
  year = {2016},
  url = {https://doi.org/10.1111/mafi.12126},
}

@Article{locatelli_etal_2016,
  author = {G. Locatelli and D. Invernizzi and M. Mancini},
  journal = {Energies},
  pages = {114 - 131},
  title = {Investment and Risk Appraisal in Energy Storage Systems: A Real Options Approach},
  volume = {104},
  year = {2016},
}

@Article{longstaff_schwartz2001,
  author = {F. Longstaff and E. Schwartz},
  journal = {Review of Financial Studies},
  number = {1},
  pages = {113--147},
  title = {Valuing {A}merican Options by Simulation: a Simple Least-Squares Approach},
  volume = {14},
  year = {2001},
}

@Article{lu_etal_2014,
  author = {C. Lu and H. Xu and X. Pan and J. Song},
  journal = {Energies},
  number = {12},
  pages = {8396-8410},
  title = {Optimal Sizing and Control of Battery Energy Storage System for Peak Load Shaving},
  volume = {7},
  year = {2014},
}

@Article{luo_etal_2015,
  author = {X. Luo and J Wang and M. Dooner and J. Clarke},
  journal = {Applied Energy},
  pages = {511 - 536},
  title = {Overview of Current Development in Electrical Energy Storage Technologies and the Application Potential in Power System Operation},
  volume = {137},
  year = {2015},
}

@Article{mcDonald_siegel1985,
  author = {R. McDonald and D. Siegel},
  journal = {International Economic Review},
  number = {2},
  pages = {331-349},
  publisher = {John Wiley \& Sons},
  title = {Investment and the Valuation of Firms When There Is an Option to Shut Down},
  volume = {26},
  year = {1985},
}

@Article{meinshausen_hambly2004,
  author = {N. Meinshausen and B. Hambly},
  journal = {Mathematical Finance},
  number = {4},
  pages = {557--583},
  title = {Monte Carlo Methods for the Valuation of Multiple-Exercise Options},
  volume = {14},
  year = {2004},
}

@Article{monahan1982,
  author = {G. Monahan},
  journal = {Management Science},
  pages = {1-16},
  title = {A Survey of Partially Observable {M}arkov Decision Processes: Theory, Models, and Algorithms},
  volume = {28},
  year = {1982},
}

@Article{muja_lowe2014,
  author = {M. Muja and D. Lowe},
  journal = {IEEE Transactions on Pattern Analysis and Machine Intelligence},
  number = {11},
  pages = {2227-2240},
  title = {Scalable Nearest Neighbor Algorithms for High Dimensional Data},
  volume = {36},
  year = {2014},
}

@Article{nadarajah_etal2017,
  author = {S. Nadarajah and F. Margot and N. Secomandi},
  issn = {0377-2217},
  journal = {European Journal of Operational Research},
  number = {1},
  pages = {196 - 204},
  title = {Comparison of Least Squares {M}onte {C}arlo Methods with Applications to Energy Real Options},
  volume = {256},
  year = {2017},
  url = {https://doi.org/10.1016/j.ejor.2016.06.020},
}

@Article{nakomoto2008,
  author = {S. Nakomoto},
  journal = {Working paper},
  title = {A Peer-to-Peer Electronic Cash System},
  year = {2008},
}

@Article{obizhaeva_wang2013,
  author = {A. Obizhaeva and J. Wang},
  journal = {J. Financial Markets},
  number = {1},
  pages = {1-32},
  title = {Optimal Trading Strategy and Supply/Demand Dynamics},
  volume = {16},
  year = {2013},
}

@Book{oksendal_sulemBook,
  author = {B. Oksendal and A. Sulem},
  publisher = {Springer-Verlag},
  title = {Applied Stochastic Control of Jump Diffusions},
  year = {2005},
}

@Article{openmp,
  author = {L. Dagum and R. Menon},
  journal = {IEEE Computational Science \& Engineering},
  number = {1},
  pages = {46--55},
  title = {OpenMP: An Industry Standard API for Shared-Memory Programming},
  volume = {5},
  year = {1998},
}

@Article{ormoneit_glynn2002,
  author = {D. Ormoneit and P. Glynn},
  journal = {IEEE Transactions in Automatic Control},
  pages = {1624-1636},
  title = {Kernel-Based Reinforcement Learning in Average-Cost Problems},
  volume = {47},
  year = {2002},
}

@Article{ormoneit_sen2002,
  author = {D. Ormoneit and S. Sen},
  journal = {Machine Learning},
  pages = {161-178},
  title = {Kernel-Based Reinforcement Learning},
  volume = {49},
  year = {2002},
}

@Article{oudalov_etal_2007,
  author = {A. Oudalov and D. Chartouni and C. Ohler},
  journal = {IEEE Transactions on Power Systems},
  number = {3},
  pages = {1259-1266},
  title = {Optimizing a Battery Energy Storage System for Primary Frequency Control},
  volume = {22},
  year = {2007},
}

@InBook{pages_etal2004,
  author = {G. Pages and H. Pham and J. Printems},
  booktitle = {Handbook of Computational and Numerical Methods in Finance},
  editor = {S. Rachev},
  isbn = {978-0-8176-8180-7},
  location = {Boston, MA},
  pages = {253--297},
  chapter = {7},
  publisher = {Birkhäuser Boston},
  title = {Optimal Quantization Methods and Applications to Numerical Problems in Finance},
  year = {2004},
  url = {https://doi.org/10.1007/978-0-8176-8180-7_7},
}

@Article{paschke_prokopczuk2010,
  author = {R. Paschke and M. Propkopczuk},
  journal = {Journal of Banking and Finance},
  number = {1},
  pages = {2742--2752},
  title = {Commodity Derivatives Valuation with Autoregressive and Moving Average Components in the Price Dynamics},
  volume = {34},
  year = {2010},
}

@Book{pham,
  author = {H. Pham},
  publisher = {Springer-Verlag},
  title = {Continuous-Time Stochastic Control and Optimization with Financial Applications},
  volume = {61},
  year = {2009},
}

@InProceedings{philbin_etal2007,
  author = {J. Philbin and O. Chum and M. Isard and J. Sivic and A. Zisserman},
  booktitle = {2007 IEEE Conference on Computer Vision and Pattern Recognition},
  issn = {1063-6919},
  pages = {1-8},
  title = {Object Retrieval with Large Vocabularies and Fast Spatial Matching},
  year = {2007},
}

@Book{powell,
  author = {W. Powell},
  publisher = {John Wiley \& Sons},
  title = {Approximate Dynamic Programming: Solving the Curses of Dimensionality},
  year = {2007},
  url = {https://doi.org/10.1002/9781118029176},
}

@Book{puterman,
  author = {M. Puterman},
  publisher = {John Wiley \& Sons},
  title = {Markov Decision Processes: Discrete Stochastic Dynamic Programming},
  year = {1994},
  url = {https://doi.org/10.1002/9780470316887},
}

@Manual{r,
  author = {{R Core Team}},
  location = {Vienna, Austria},
  note = {{ISBN} 3-900051-07-0},
  organization = {R Foundation for Statistical Computing},
  title = {R: A Language and Environment for Statistical Computing},
  url = {http://www.R-project.org/},
  year = {2013},
}

@Article{ramiah_etal_2013,
  author = {V. Ramiah and B. Martin and I. Moosa},
  journal = {Journal of Banking \& Finance},
  number = {5},
  pages = {1747 - 1758},
  title = {How Does the Stock Market React to the Announcement of Green Policies?},
  volume = {37},
  year = {2013},
}

@Manual{rcss,
  author = {J. Hinz and J. Yee},
  note = {Available at {https://github.com/YeeJeremy/rcss}, R package version 1.5},
  title = {Rcss: Convex Switching Systems},
  url = {https://github.com/YeeJeremy/rcss},
  year = {2017},
}

@Manual{nabor,
  author = {S. Mangenat and G. Jefferies},
  note = {R package version 0.5},
  title = {Nabor: Wraps 'Libnabo', a Fast K Nearest Neighbour Library for Low Dimensions},
  url = {https://CRAN.R-project.org/package=nabor},
  year = {2018},
}

@Article{renneboog_etal_2008,
  author = {L. Renneboog and J. Horst and C. Zhang},
  journal = {Journal of Banking \& Finance},
  number = {9},
  pages = {1723 - 1742},
  title = {Socially Responsible Investments: Institutional Aspects, Performance, and Investor Behavior},
  volume = {32},
  year = {2008},
}

@Article{rhenius1974,
  author = {D. Rhenius},
  issn = {00905364},
  journal = {The Annals of Statistics},
  number = {6},
  pages = {1327-1334},
  publisher = {Institute of Mathematical Statistics},
  title = {Incomplete Information in Markovian Decision Models},
  volume = {2},
  year = {1974},
}

@Manual{rlsm,
  author = {J. Yee},
  note = {Available at {https://github.com/YeeJeremy/rlsm}, R package version 1.0},
  title = {Rlsm: Least Squres Monte Carlo},
  url = {https://github.com/YeeJeremy/rlsm},
  year = {2017},
}

@Manual{StochasticProcess,
  author = {J. Yee},
  note = {Available at {https://github.com/YeeJeremy/StochasticProcess}, R package version 1.0},
  title = {Stochastic{P}rocess},
  url = {https://github.com/YeeJeremy/StochasticProcess},
  year = {2017},
}

@Book{rockafellar,
  author = {R. Rockafellar},
  isbn = {9780691015866},
  lccn = {68056318},
  publisher = {Princeton University Press},
  series = {Princeton landmarks in mathematics and physics},
  title = {Convex Analysis},
  year = {1970},
}

@Article{rogers2002,
  author = {L. Rogers},
  journal = {Mathematical Finance},
  number = {3},
  pages = {271--286},
  title = {Monte Carlo Valuation of American Options},
  volume = {12},
  year = {2002},
}

@Article{rogers2007,
  author = {L. Rogers},
  journal = {SIAM J. Control Optimisation},
  number = {3},
  pages = {1116--1132},
  title = {Pathwise Stochastic Optimal Control},
  volume = {46},
  year = {2007},
}

@Article{rosenfeld2014,
  author = {M. Rosenfeld},
  journal = {Working paper},
  title = {Analysis of Hashrate-Based Double Spending},
  year = {2014},
}

@Article{ross1978,
  author = {S. Ross},
  issn = {00219398, 15375374},
  journal = {The Journal of Business},
  number = {3},
  pages = {453-475},
  publisher = {University of Chicago Press},
  title = {A Simple Approach to the Valuation of Risky Streams},
  volume = {51},
  year = {1978},
}

@Article{sarkar2003,
  author = {S. Sarkar},
  journal = {Journal of Economic Dynamics and Control},
  number = {2},
  pages = {377--396},
  title = {The Effect of Mean Reversion on Investment under Uncertainty},
  volume = {28},
  year = {2003},
}

@Article{schachter_mancarella_2016,
  author = {J. Schachter and P. Mancarella},
  journal = {Renewable and Sustainable Energy Reviews},
  pages = {261 - 271},
  title = {A Critical Review of Real Options Thinking for Valuing Investment Flexibility in Smart Grids and Low Carbon Energy Systems},
  volume = {56},
  year = {2016},
}

@Article{schwartz1997,
  author = {E. Schwartz},
  journal = {The Journal of Finance},
  number = {3},
  pages = {923--973},
  title = {The Stochastic Behavior of Commodity Prices: Implications for Valuation and Hedging},
  volume = {52},
  year = {1997},
}

@Article{schwartz_smith2000,
  author = {E. Schwartz and J. Smith},
  journal = {Management Science},
  number = {7},
  pages = {893--911},
  title = {Short-Term Variations and Long-Term Dynamics in Commodity Prices},
  volume = {46},
  year = {2000},
}

@Article{stentoft2004,
  author = {L. Stentoft},
  journal = {Management Science},
  number = {9},
  pages = {576--611},
  title = {Convergence of the Least Squares {M}onte {C}arlo Approach to {A}merican Option Valuation},
  volume = {50},
  year = {2004},
  url = {https://doi.org/10.1287/mnsc.1030.0155},
}

@InBook{stentoft2013,
  author = {L. Stentoft},
  booktitle = {Handbook of Research Methods and Applications in Empirical Finance},
  chapter = {5},
  editor = {A. Bell and C. Brooks and M. Prokopczuk},
  pages = {114--147},
  publisher = {Edward Elgar Pub},
  title = {American Option Pricing Using Simulation with an Application to the GARCH Model},
  year = {2013},
}

@Article{tan_boyle2000,
  author = {K. Tan and P. Boyle},
  journal = {Journal of economic dynamics and control},
  number = {11},
  pages = {1747–1782},
  title = {Applications of Randomized Low Discrepancy Sequences to the Valuation of Complex Securities},
  volume = {24},
  year = {2000},
}

@Article{teleke_etal_2010,
  author = {S. Teleke and M. Baran and S. Bhattacharya and A. Huang},
  journal = {IEEE Transactions on Energy Conversion},
  number = {3},
  pages = {787-794},
  title = {Optimal Control of Battery Energy Storage for Wind Farm Dispatching},
  volume = {25},
  year = {2010},
}

@Article{trigeorgis1993,
  author = {L. Trigeorgis},
  journal = {Journal of Financial and quantitative Analysis},
  number = {1},
  pages = {1–20},
  title = {The Nature of Option Interactions and the Valuation of Investments with Multiple Real Options},
  volume = {28},
  year = {1993},
}

@Book{trigeorgisBook,
  author = {L. Trigeorgis},
  publisher = {MIT press},
  title = {Real Options: Managerial Flexibility and Strategy in Resource Allocation.},
  year = {1996},
}

@Article{tsekrekos2010,
  author = {A. Tsekrekos},
  journal = {Journal of Economic Dynamics and Control},
  number = {4},
  pages = {725--742},
  title = {The Effect of Mean Reversion on Entry and Exit Decisions under Uncertainty},
  volume = {34},
  year = {2010},
}

@Article{tsekrekos_etal2012,
  author = {A. Tsekrekos and M. Shackleton and R. Wojakowski},
  journal = {European Financial Management},
  number = {4},
  pages = {543--577},
  title = {Evaluating Natural Resource Investments under Different Model Dynamics: Managerial Insights},
  volume = {18},
  year = {2012},
}

@Article{tsekrekos_yannacopoulos2016,
  author = {A. Tsekrekos and A. Yannacopoulos},
  journal = {European Journal of Operational Research},
  number = {1},
  pages = {148--157},
  title = {Optimal Switching Decisions under Stochastic Volatility with Fast Mean Reversion},
  volume = {251},
  year = {2016},
}

@Article{tsitsiklis_vanroy1999,
  author = {J. Tsitsiklis and B. {Van Roy}},
  journal = {IEEE Transactions on Automatic Control},
  number = {10},
  pages = {1840-1851},
  title = {Optimal Stopping of {M}arkov Processes: Hilbert Space, Theory, Approximation Algorithms, and an Application to Pricing High-Dimensional Financial Derivatives},
  volume = {44},
  year = {1999},
  url = {https://doi.org/10.1109/9.793723},
}

@Article{tsitsiklis_vanroy2001,
  author = {J. Tsitsiklis and B. {Van Roy}},
  journal = {IEEE Transactions on Neural Networks},
  number = {4},
  pages = {694-703},
  title = {Regression Methods for Pricing Complex {A}merican-Style Options},
  volume = {12},
  year = {2001},
  url = {https://doi.org/10.1109/72.935083},
}

@Book{williams,
  author = {D. Williams},
  isbn = {9780521406055},
  lccn = {gb90046351},
  publisher = {Cambridge University Press},
  series = {Cambridge mathematical textbooks},
  title = {Probability with Martingales},
  year = {1991},
  url = {https://doi.org/10.1017/cbo9780511813658},
}

@Article{yang_etal_2014,
  author = {Y. Yang and H. Li and A. Aichhorn and J. Zheng and M. Greenleaf},
  journal = {IEEE Transactions on Smart Grid},
  number = {2},
  pages = {982 - 991},
  title = {Sizing Strategy of Distributed Battery Storage System With High Penetration of Photovoltaic for Voltage Regulation and Peak Load Shaving},
  volume = {5},
  year = {2014},
}

@Article{ye_zhou2013,
  author = {F. Ye and E. Zhou},
  issue = {10},
  journal = {IEEE Transactions on Automatic Control},
  pages = {2698--2704},
  title = {Optimal Stopping of Partially Observable Markov Processes: A Filtering-Based Duality Approach},
  year = {2013},
}

@Article{yee_infinite,
  author = {J. Yee},
  journal = {arXiv:1802.07243},
  title = {Value Iteration for Approximate Dynamic Programming under Convexity},
  year = {Preprint},
}

@Article{yee_convex,
  author = {J. Yee},
  journal = {arXiv:1712.00970},
  title = {Convex Function Approximations for {M}arkov Decision Processes},
  year = {Preprint},
}

@Article{yushkevich1976,
  author = {A. Yushkevich},
  journal = {Theory of Probability and its Applications},
  pages = {153-158},
  title = {Reduction of a Controlled Markov Model with Incomplete Data to a Problem with Complete Information in the Case of Borel State and Control Spaces},
  volume = {21},
  year = {1976},
}

@Article{zhuMasterThesis,
  author = {J. Zhu},
  journal = {Master Thesis, MacQuarie University},
  title = {Andvanced Monte-Carlo Methods for Pricing Bermudan Options and Their Applications in Real Option Analysis},
  year = {2017},
}
