@Manual{margins,
    title = {margins: Marginal Effects for Model Objects},
    author = {Leeper, Thomas and Arnold, Jeffrey and Arel-Bundock, Vincent},
    year = {2018},
    note = {R package version: 0.3.23},
    url = {https://cran.r-project.org/web/packages/margins/index.html}
  }
  
@Manual{quantreg,
    title = {quantreg: Quantile Regression},
    author = {Koenker, Roger and Portnoy, Stephen Portnoy and Tian Ng, Pin and Zeileis, Achim and Grosjean, Philip and Ripley, Brian},
    year = {2018},
    note = {R package version: 5.51},
    url= {https://cran.r-project.org/web/packages/quantreg/index.html}
  }

@Manual{boot,
    title = {boot: Bootstrap R (S-Plus) Functions},
    author = {Angelo Canty and B. D. Ripley},
    year = {2017},
    note = {R package version: 1.3-23},
    url = {https://cran.r-project.org/web/packages/boot/index.html}
  }
  
@article{sorted:2018,
  Author = {Chernozhukov, Victor and Fern{\'a}ndez-Val, Iv{\'a}n and Luo, Ye},
  Journal = {Econometrica}, 
  Number = 6,
  Pages = {1911-1938},
  Title = {The Sorted Effects Method: Discovering Heterogeneous Effects Beyond their Averages},
  Volume = 86,
  Year = 2018,
  url = {https://doi.org/10.3982/ECTA14415}
}

@article{rearrangement,
  Author = {Chernozhukov, Victor and Fern{\'a}ndez-Val, Iv{\'a}n and Galichon, Alfred},
  Journal = {Biometrika}, 
  Number = 3, 
  Page = {559â€“575},
  Title = {Improving Point and Inverval Estimators of Monotone Functions by Rearrangement},
  Volume = 96,
  Year = 2009,
  url = {https://doi.org/10.1093/biomet/asp030}
}

@article{setinf,
  Author = {Chernozhukov, Victor and Kocatulum, Emre and Menzel, Konrad},
	Journal = {Quantitative Economics},
	Number = 2,
	Pages = {309-358},
	Title = {Inference on Sets in Finance},
	Volume = 6,
	Year = 2015,
	url = {https://doi.org/10.3982/QE387}
}

@article{data,
  Author = {Munnell, Alicia, and Tootell, Geoffrey and Browne, Lynn and McEneaney, James},
  Journal = {The American Economic Review},
  Number = 1,
  Page = {25-53},
  Title = {Mortgage Lending in Boston: Interpreting HMDA Data},
  Volume = 86,
  Year = 1996,
  url = {http://www.jstor.org/stable/2118254}
}