@ARTICLE{Agresti+Liu:1999,
AUTHOR = {Alan Agresti and Ivy Liu},
TITLE = {Modeling a categorical variable allowing arbitrarily many category choices},
JOURNAL = {Biometrics},
YEAR = 1999,
VOLUME = 55,
NUMBER = 3,
PAGES = {936--943}
}

@ARTICLE{Agresti+Liu:2001,
AUTHOR = {Alan Agresti and Ivy Liu},
TITLE = {Strategies for modeling a categorical variable allowing multiple category choices},
JOURNAL = {Sociological Methods \& Research},
YEAR = 2001,
VOLUME = 29,
NUMBER = 4,
PAGES = {403--434}
}

@ARTICLE{Bilder+Loughin:2001,
AUTHOR = {Christopher Bilder and Thomas Loughin},
TITLE = {On the first-order {R}ao-{S}cott correction of the {U}mesh-{L}oughin-{S}cherer statistic},
JOURNAL = {Biometrics},
YEAR = 2001,
VOLUME = 57,
NUMBER = 4,
PAGES = {1253--1255}
}

@ARTICLE{Bilder+Loughin:2004,
AUTHOR = {Christopher Bilder and Thomas Loughin},
TITLE = {Testing for marginal independence between two categorical variables with multiple responses},
JOURNAL = {Biometrics},
YEAR = 2004,
VOLUME = 60,
NUMBER = 1,
PAGES = {241--248}
}

@ARTICLE{Bilder+Loughin:2007,
AUTHOR = {Christopher Bilder and Thomas Loughin},
TITLE = {Modeling association between two or more categorical variables that allow for multiple category choices},
JOURNAL = {Communications in Statistics--Theory and Methods},
YEAR = 2007,
VOLUME = 36,
NUMBER = 2,
PAGES = {433--451}
}

@ARTICLE{Bilder+Loughin:2009,
AUTHOR = {Christopher Bilder and Thomas Loughin},
TITLE = {Modeling multiple-response categorical data from complex surveys},
JOURNAL = {The Canadian Journal of Statistics},
YEAR = 2009,
VOLUME = 37,
NUMBER = 4,
PAGES = {553--570}
}

@ARTICLE{Bilder+Loughin+Nettleton:2000,
AUTHOR = {Christopher Bilder and Thomas Loughin and Dan Nettleton},
TITLE = {Multiple marginal independence testing for pick any/c variables},
JOURNAL = {Communications in Statistics--Simulation and Computation},
YEAR = 2000,
VOLUME = 29,
NUMBER = 4,
PAGES = {1285--1316}
}

@Book{Coombs:1964,
author = {Clyde Coombs},
title = {A Theory of Data},
address = {New York},
publisher = {John Wiley \& Sons},
year = {1964}
}

@ARTICLE{Efron:1987,
AUTHOR = {Bradley Efron},
TITLE = {Better bootstrap confidence intervals},
JOURNAL = {Journal of the American Statistical Association},
YEAR = 1987,
VOLUME = 82,
NUMBER = 397,
PAGES = {171--185}
}

@ARTICLE{Gange:1995,
AUTHOR = {Stephen Gange},
TITLE = {Generating multivariate categorical variates using the iterative proportional fitting algorithm},
JOURNAL = {The American Statistician},
YEAR = 1995,
VOLUME = 49,
NUMBER = 2,
PAGES = {134--138}
}

@ARTICLE{Kantarjian+:2007,
AUTHOR = {Hagop Kantarjian and Jorge Cortes and Francois Guilhot and Andreas Hochhaus and Michele Baccarani and Lee Lokey},
TITLE = {Diagnosis and management of chronic myeloid leukemia: {A} survey of {A}merican and {E}uropean practice patterns},
JOURNAL = {Cancer},
YEAR = 2007,
VOLUME = 109,
NUMBER = 7,
PAGES = {1365--1375}
}

@Manual{Koziol+Bilder:2014,
title = {{M}{R}{C}{V}: {M}ethods for Analyzing Multiple Response Categorical Variables},
author = {Natalie Koziol and Christopher Bilder},
year = {2014},
note = {R package version 0.3-1},
url = {http://CRAN.R-project.org/package=MRCV}
}

@ARTICLE{Lemons+:2010,
AUTHOR = {Patrick Lemons and James Sedinger and Mark Herzog and Phillip Gipson and Rick Gilliland},
TITLE = {Landscape effects on diets of two canids in northwestern {T}exas: {A} multinomial modeling approach},
JOURNAL = {Journal of Mammalogy},
YEAR = 2010,
VOLUME = 91,
NUMBER = 1,
PAGES = {66--78}
}

@ARTICLE{Loughin+Scherer:1998,
AUTHOR = {Thomas Loughin and Peter Scherer},
TITLE = {Testing for association in contingency tables with multiple column responses},
JOURNAL = {Biometrics},
YEAR = 1998,
VOLUME = 54,
NUMBER = 2,
PAGES = {630--637}
}

@ARTICLE{Nandram+Toto+Katzoff:2009,
AUTHOR = {Balgobin Nandram and Maria Toto and Myron Katzoff},
TITLE = {Bayesian inference for a stratified categorical variable allowing all possible category choices},
JOURNAL = {Journal of Statistical Computation and Simulation},
YEAR = 2009,
VOLUME = 79,
NUMBER = 2,
PAGES = {161--179}
}

@ARTICLE{OMB:1997,
author = {{Office of Management and Budget}},
title = {Revisions to the standards for the classification of federal data on race and ethnicity},
journal = {Federal Register},
year = {1997},
volume = {62},
pages = {58781--58790}
}

@ARTICLE{Riegel+:2006,
AUTHOR = {Barbara Riegel and Debra Moser and Mary Powell and Thomas Rector and Edward Havranek},
TITLE = {Nonpharmacologic care by heart failure experts},
JOURNAL = {Journal of Cardiac Failure},
YEAR = 2006,
VOLUME = 12,
NUMBER = 2,
PAGES = {149--153}
}

@ARTICLE{Riemer+Wright+Brown:2011,
AUTHOR = {Susan Riemer and Bryan Wright and Robin Brown},
TITLE = {Food habits of {S}teller sea lions (\emph{{E}umetopias jubatus}) off {O}regon and northern {C}alifornia, 1986--2007},
JOURNAL = {Fishery Bulletin},
YEAR = 2011,
VOLUME = 109,
NUMBER = 4,
PAGES = {369--381}
}

@ARTICLE{Suesse+Liu:2013,
AUTHOR = {Thomas Suesse and Ivy Liu},
TITLE = {Modelling strategies for repeated multiple response data},
JOURNAL = {International Statistical Review},
YEAR = 2013,
VOLUME = 81,
NUMBER = 2,
PAGES = {230--248}
}

@ARTICLE{Thomas+Decady:2004,
AUTHOR = {D Thomas and Yves Decady},
TITLE = {Testing for association using multiple response survey data: {A}pproximate procedures based on the {R}ao-{S}cott approach},
JOURNAL = {International Journal of Testing},
YEAR = 2004,
VOLUME = 4,
NUMBER = 1,
PAGES = {43--59}
}

@ARTICLE{Wright:2010,
AUTHOR = {Bryan Wright},
TITLE = {Use of chi-square tests to analyze scat-derived diet composition data},
JOURNAL = {Marine Mammal Science},
YEAR = 2010,
VOLUME = 26,
NUMBER = 2,
PAGES = {395--401}
}

@Manual{Yan+Hojsgaard+Halekoh:2012,
title = {geepack: {G}eneralized Estimating Equation Package},
author = {Jun Yan and Soren Hojsgaard and Ulrich Halekoh},
year = {2012},
note = {R package version 1.1-6},
url = {http://CRAN.R-project.org/package=geepack}
}


