@Article{tobin1958,
  author	= {Tobin, J},
  journal	= {Econometrica},
  number	= {1},
  pages		= {24--36},
  title		= {Estimation of Relationships for Limited Dependent Variables},
  volume	= {26},
  year		= {1958},
  doi		= {10.2307/1907382}
}
@Article{rigby2005,
  Title                    = {Generalized Additive Models for Location, Scale and Shape},
  Author                   = {Rigby, R. A. and Stasinopoulos, D. M.},
  Journal                  = {Journal of the Royal Statistical Society C},
  Year                     = {2005},
  Number                   = {3},
  Pages                    = {507--554},
  Volume                   = {54},
  Doi                      = {10.1111/j.1467-9876.2005.00510.x},
  Publisher                = {Blackwell Publishing Ltd}
}
@article{stasinopoulos2007,
	author = {D. Stasinopoulos and Robert Rigby},
	title = {Generalized Additive Models for Location Scale and Shape ({GAMLSS}) in {R}},
	journal = {Journal of Statistical Software},
	volume = {23},
	number = {7},
	year = {2007},
  doi = {10.18637/jss.v023.i07},
  pages = {1--46}
}

@InCollection{rigby1996,
  Title                    = {Mean and Dispersion Additive Models},
  Author                   = {Rigby, Robert A. and Stasinopoulos, D. Mikis},
  Booktitle                = {Statistical Theory and Computational Aspects of Smoothing},
  Publisher                = {Physica-Verlag},
  Year                     = {1996},
  Editor                   = {H\"ardle, Wolfgang and Schimek, Michael G.},
  Pages                    = {215--230},
  Series                   = {Contributions to Statistics},
  Doi                      = {10.1007/978-3-642-48425-4_16}
}
@Article{nelder1987,
  Title                    = {An Extended Quasi-Likelihood Function},
  Author                   = {Nelder, J. A. and Pregibon, D.},
  Journal                  = {Biometrika},
  Year                     = {1987},
  Number                   = {2},
  Pages                    = {221--232},
  Volume                   = {74},
  Doi                      = {10.2307/2336136}
}
@Article{smyth1989,
  Title                    = {Generalized Linear Models with Varying Dispersion},
  Author                   = {Gordon K. Smyth},
  Journal                  = {Journal of the Royal Statistical Society B},
  Year                     = {1989},
  Number                   = {1},
  Volume                   = {51},
  Pages                    = {47--60},
}
@Article{simas2010,
  Title                    = {Improved Estimators for a General Class of Beta Regression Models},
  Author                   = {Alexandre B. Simas and Wagner Barreto-Souza and Andr\'ea V. Rocha},
  Journal                  = {Computational Statistics \& Data Analysis },
  Year                     = {2010},
  Number                   = {2},
  Pages                    = {348--366},
  Volume                   = {54},
  Doi                      = {10.1016/j.csda.2009.08.017}
}
@article{cragg1971,
  title		= {Some Statistical Models for Limited Dependent Variables with Application to the Demand for Durable Goods},
  author	= {Cragg, John G.},
  journal	= {Econometrica},
  volume	= {39},
  number	= {5},
  pages		= {829--844},
  year		= {1971},
  doi		= {10.2307/1909582}
}
@Article{gneiting2005,
  Title                    = {Calibrated Probabilistic Forecasting Using Ensemble Model Output Statistics and Minimum {CRPS} Estimation},
  Author                   = {Gneiting, Tilmann and Raftery, Adrian E. and Westveld, Anton H. and Goldman, Tom},
  Journal                  = {Monthly Weather Review},
  Year                     = {2005},
  Number                   = {5},
  Pages                    = {1098--1118},
  Volume                   = {133},
  DOI                      = {10.1175/MWR2904.1}
}
@Article{messner2014,
  Title                    = {Extending Extended Logistic Regression: Extended vs.\ Separate vs.\ Ordered vs.\ Censored},
  Author                   = {Messner, Jakob W. and Mayr, Georg J. and Wilks, Daniel S. and Zeileis, Achim},
  Journal                  = {Monthly Weather Review},
  Year                     = {2014},
  Pages                    = {3003--3014},
  Volume                   = {142},
  Doi                      = {10.1175/MWR-D-13-00355.1}
}
@Article{messner2013a,
  Title                    = {Heteroscedastic Extended Logistic Regression for Post-Processing of Ensemble Guidance},
  Author                   = {Messner, Jakob W. and Zeileis, Achim and Mayr, Georg J. and Wilks, Daniel S.},
  Journal                  = {Monthly Weather Review},
  Year                     = {2014},
  Pages                    = {448--456},
  Volume                   = {142},
  Doi                      = {10.1175/MWR-D-13-00271.1}
}
@Article{messner2014b,
  Title                    = {Probabilistic Wind Power Forecasts with an Inverse Power Curve Transformation and Censored Regression},
  Author                   = {Messner, Jakob W. and Zeileis, Achim and Broecker, Jochen and Mayr, Georg J.},
  Journal                  = {Wind Energy},
  Year                     = {2014},
  Number                   = {11},
  Pages                    = {1753--1766},
  Volume                   = {17},
  Doi                      = {10.1002/we.1666}
}
@Article{thorarinsdottir2010,
  Title                    = {Probabilistic Forecasts of Wind Speed: Ensemble Model Output Statistics by Using Heteroscedastic Censored Regression},
  Author                   = {Thorarinsdottir, Thordis L. and Gneiting, Tilmann},
  Journal                  = {Journal of the Royal Statistical Society A},
  Year                     = {2010},
  Number                   = {2},
  Pages                    = {371--388},
  Volume                   = {173},
  DOI                      = {10.1111/j.1467-985X.2009.00616.x}
}
@Book{chambers1992,
  Title                    = {Statistical Models in {S}},
  Author                   = {J. M. Chambers and T. J. Hastie},
  Publisher                = {Chapman \& Hall},
  Year                     = {1992},
  Address                  = {London}
}
@Article{cribarineto2010,
  author        = {Francisco Cribari-Neto and Achim Zeileis},
  title         = {Beta Regression in {R}},
  journal       = {Journal of Statistical Software},
  year          = {2010},
  volume        = {34},
  number        = {2},
  pages		= {1--24},
  doi           = {10.18637/jss.v034.i02}
}
@Article{zeileis2010,
  author	= {Achim Zeileis and Yves Croissant},
  title		= {Extended Model Formulas in {R}: Multiple Parts and Multiple Responses},
  journal	= {Journal of Statistical Software},
  year		= {2010},
  volume	= {34},
  number	= {1},
  pages		= {1--13},
  doi		= {10.18637/jss.v034.i01}
}
@Manual{dunn2014,
  title = {dglm: Double Generalized Linear Models},
  author = {Peter K Dunn and Gordon K Smyth},
  year = {2014},
  note = {R package version 1.8.1},
  url = {http://CRAN.R-project.org/package=dglm}
}
@Manual{zeileis2013,
  title = {glmx: Generalized Linear Models Extended},
  author = {Achim Zeileis and Roger Koenker and Philipp Doebler},
  year = {2013},
  note = {R package version 0.1-0},
  url = {http://CRAN.R-project.org/package=glmx}
}
@Article{zeileis2012,
  title = {Extended Beta Regression in {R}: Shaken, Stirred, Mixed, and Partitioned},
  author = {Bettina Gr\"un and Ioannis Kosmidis and Achim Zeileis},
  journal = {Journal of Statistical Software},
  year = {2012},
  volume = {48},
  number = {11},
  pages = {1--25},
  doi = {10.18637/jss.v048.i11}
}
@Article{toomet2008,
  title = {Sample Selection Models in {R}: Package {sampleSelection}},
  author = {Ott Toomet and Arne Henningsen},
  journal = {Journal of Statistical Software},
  year = {2008},
  volume = {27},
  number = {7},
  pages = {1--23},
  doi = {10.18637/jss.v027.i07}
}
@Manual{croissant2013,
  title = {mhurdle: Multiple Hurdle Tobit Models},
  author = {Yves Croissant and Fabrizio Carlevaro and Stephane Hoareau},
  year = {2013},
  note = {R package version 1.0-1},
  url = {http://CRAN.R-project.org/package=mhurdle},
}



