@Book{rubin87,
  author = {Donald B. Rubin},
  title = {Multiple Imputation for Nonresponse in Surveys.},
  publisher = {John Wiley \& Sons},
  year = {1987},
  address = {New York},
}

@Article{rubin,
  author = {Donald B. Rubin},
  title = {Inference and Missing Data},
  journal = {Biometrika.},
  volume = {63},
  number = {3},
  year = {1976},
  pages = {581-592},
  url = {https://doi.org/10.1093/biomet/63.3.581},
}

@Article{yucel,
  author = {Recai M. Yucel},
  title = {Random-Covariances and Mixed-Effects Models for Imputing Multivariate Multilevel Continuous Data},
  journal = {Statistical Modelling.},
  volume = {11},
  number = {4},
  year = {2011},
  pages = {351-370},
  url = {https://doi.org/10.1177/1471082X1001100404},
}

@Book{carpenter,
  author = {James R. Carpenter and Michael G. Kenward},
  title = {Multiple Imputation and Its Application.},
  publisher = {John Wiley \& Sons},
  year = {2013},
  note = {ISBN: 978-0-470-74052-1.},
}

@Book{schafer,
  author = {Joseph L. Schafer},
  title = {Analysis of Incomplete Multivariate Data.},
  publisher = {Chapman \& Hall.},
  year = {1997},
  note = {ISBN 0-412-04061-1.},
}

@Manual{norm,
  title = {Norm: Analysis of Multivariate Normal Datasets with Missing Values},
  author = {Alvaro A. Novo and Joseph L. Schafer},
  year = {2013},
  note = {R package version 1.0-9.5},
  url = {http://CRAN.R-project.org/package=norm},
}

@Manual{pan,
  title = {Pan: Multiple Imputation for Multivariate Panel or Clustered Data},
  author = {Jing H. Zhao and Joseph L. Schafer},
  organization = {R Foundation for Statistical Computing},
  year = {2013},
  note = {R Package, version 0.9},
}

@Manual{mix,
  title = {Mix: Estimation/Multiple Imputation for Mixed Categorical and Continuous Data},
  author = {Joseph L. Schafer.},
  year = {2010},
  note = {R package version 1.0-8},
  url = {http://CRAN.R-project.org/package=mix},
}

@Manual{cat,
  title = {Cat: Analysis of Categorical-Variable Datasets with Missing Values},
  author = {Ted Harding and Fernando Tusell and Joseph L. Schafer.},
  year = {2012},
  note = {R package version 0.0-6.5},
  url = {http://CRAN.R-project.org/package=cat},
}

@Manual{mitools,
  title = {Mitools: Tools for Multiple Imputation of Missing Data},
  author = {Thomas Lumley},
  year = {2014},
  note = {R package version 2.3},
  url = {https://CRAN.R-project.org/package=mitools},
}

@Manual{semTools,
  title = {{semTools}: Useful Tools for Structural Equation Modeling},
  author = {semTools Contributors},
  year = {2016},
  note = {R package version 0.4-14},
  url = {https://CRAN.R-project.org/package=semTools},
}

@Manual{mitml,
  title = {Mitml: Tools for Multiple Imputation in Multilevel Modeling},
  author = {Simon Grund and Alexander Robitzsch and Oliver Lüdtke},
  year = {2016},
  note = {R package version 0.3-0},
  url = {https://CRAN.R-project.org/package=mitml},
}

@Article{goldstein09,
  author = {H. Goldstein and James R. Carpenter and Michael G. Kenward and Kate A. Levin},
  title = {Multilevel Models with Multivariate Mixed Response Types},
  journal = {Statistical Modelling.},
  volume = {9},
  number = {3},
  year = {2009},
  pages = {173-197},
  url = {https://doi.org/10.1177/1471082X0800900301},
}

@Article{goldstein14,
  author = {H. Goldstein and James R. Carpenter and William J. Browne},
  title = {Fitting Multilevel Multivariate Models with Missing Data in Responses and Covariates That May Include Interactions and Non-Linear Terms},
  journal = {Journal of the Royal Statistical Society A},
  volume = {177},
  number = {2},
  year = {2014},
  pages = {553-564},
  url = {https://doi.org/10.1111/rssa.12022},
  note = {DOI: 10.1111/rssa.12022.},
}

@Article{olkin1961,
  ajournal = {Ann. Math. Statist.},
  author = {I. Olkin and Robert F. Tate},
  journal = {The Annals of Mathematical Statistics},
  number = {2},
  pages = {448--465},
  publisher = {The Institute of Mathematical Statistics},
  title = {Multivariate Correlation Models with Mixed Discrete and Continuous Variables},
  url = {http://doi.org/10.1214/aoms/1177705052},
  volume = {32},
  year = {1961},
}

@Article{meng1994,
  ajournal = {Statist. Sci.},
  author = {Xiao-Li Meng},
  journal = {Statistical Science},
  number = {4},
  pages = {538--558},
  publisher = {The Institute of Mathematical Statistics},
  title = {Multiple-Imputation Inferences with Uncongenial Sources of Input},
  url = {http://doi.org/10.1214/ss/1177010269},
  volume = {9},
  year = {1994},
}

@Article{quartagno,
  author = {M. Quartagno and James R. Carpenter},
  title = {Multiple Imputation for IPD Meta-Analysis: Allowing for Heterogeneity and Studies with Missing Covariates},
  journal = {Statistics in Medicine},
  volume = {35},
  number = {17},
  issn = {1097-0258},
  pages = {2938--2954},
  year = {2016},
  url = {https://doi.org/10.1002/sim.6837},
}

@Article{quartagno19,
  author = {M. Quartagno and James R. Carpenter},
  title = {Multiple Imputation for Discrete Data: An Evaluation of the Joint Latent Normal Model},
  journal = {Biometrical Journal},
    volume = {61},
  number = {4},
  pages = {1003--1019},
  year = {2019},
  url = { https://doi.org/10.1002/bimj.201800222},
}

@InProceedings{quartagno18,
  author = {M. Quartagno and James R. Carpenter},
  title = {Multilevel Multiple Imputation in Presence of Interactions, Non-Linearities and Random Slopes},
  booktitle = {Studies in Theoretical and Applied Statistics - SIS2018 - 49th Meeting of the Italian Statistical Society, Palermo 20-22 June 2018},
  year = {2018},
  publisher = {Springer-Verlag},
}

@Article{audigier,
  author = {Vincent Audigier and Ian R. White and Shahab Jolani and Thomas P. A. Debray and Matteo Quartagno and James Carpenter and Stef {van Buuren} and Matthieu Resche-Rigon},
  fjournal = {Statistical Science},
  journal = {Statist. Sci.},
  number = {2},
  pages = {160--183},
  publisher = {The Institute of Mathematical Statistics},
  title = {Multiple Imputation for Multilevel Data with Continuous and Binary Variables},
  volume = {33},
  year = {2018},
  url = {https://doi.org/10.1214/18-sts646},
}

@Manual{dummies,
  title = {Dummies: Create Dummy/Indicator Variables Flexibly and Efficiently},
  author = {Christopher Brown},
  year = {2012},
  note = {R package version 1.5.6},
  url = {http://CRAN.R-project.org/package=dummies},
}

@Article{realcom,
  author = {James R. Carpenter and H. Goldstein and Michael G. Kenward},
  title = {REALCOM-IMPUTE Software for Multilevel Multiple Imputation with Mixed Response Types},
  journal = {Journal of Statistical Software.},
  volume = {45},
  number = {5},
  year = {2011},
  pages = {1-14},
}

@Manual{baboon,
  title = {BaBooN: Bayesian Bootstrap Predictive Mean Matching - Multiple and Single Imputation for Discrete Data},
  author = {Florian Meinfelder},
  year = {2011},
  note = {R package version 0.1-6},
  url = {http://CRAN.R-project.org/package=BaBooN},
}

@Article{resche16,
  author = {M. Resche-Rigon and Ian R. White},
  title = {{{M}ultiple Imputation by Chained Equations for Systematically and Sporadically Missing Multilevel Data}},
  journal = {Stat Methods Med Res},
  volume = {27},
  number = {6},
  pages = {1634--1649},
  year = {2016},
  url = {https://doi.org/10.1177/0962280216666564},
}

@Article{grund16a,
  author = {S. Grund and O. Lüdtke and A. Robitzsch},
  title = {{{M}ultiple Imputation of Missing Covariate Values in Multilevel Models with Random Slopes: a Cautionary Note}},
  journal = {Behav Res Methods},
  year = {2016},
  volume = {48},
  number = {2},
  pages = {640--649},
  url = {https://doi.org/10.3758/s13428-015-0590-3},
}

@Article{grund16b,
  author = {Simon Grund and Oliver Lüdtke and Alexander Robitzsch},
  title = {Multiple Imputation of Multilevel Missing Data},
  journal = {SAGE Open},
  volume = {6},
  number = {4},
  year = {2016},
  url = {https://doi.org/10.1177/2158244016668220},
}

@Article{grund17,
  author = {Simon Grund and Oliver Lüdtke and Alexander Robitzsch},
  title = {Multiple Imputation of Missing Data at Level 2: A Comparison of Fully Conditional and Joint Modeling in Multilevel Designs},
  journal = {Journal of Educational and Behavioral Statistics},
  year = {2018},
  url = {https://doi.org/10.3102/1076998617738087},
}

@Article{hossain,
  author = {Anower Hossain and Karla Diaz-Ordaz and Jonathan W Bartlett},
  title = {Missing Continuous Outcomes under Covariate Dependent Missingness in Cluster Randomised Trials},
  journal = {Statistical Methods in Medical Research},
  volume = {26},
  number = {3},
  pages = {1543-1562},
  year = {2017},
  note = {PMID: 27177885},
  url = {https://doi.org/10.1177/0962280216648357},
}

@Article{hossain2,
  author = {Anower Hossain and Karla DiazOrdaz and Jonathan W. Bartlett},
  title = {Missing Binary Outcomes under Covariate-Dependent Missingness in Cluster Randomised Trials},
  journal = {Statistics in Medicine},
  volume = {36},
  number = {19},
  pages = {3092-3109},
  year = {2017},
  url = {https://doi.org/10.1002/sim.7334},
}

@Article{seaman15,
  author = {Shaun R. Seaman and Ruth H. Keogh},
  title = {Handling Missing Data in Matched Case-Control Studies Using Multiple Imputation},
  journal = {Biometrics},
  volume = {71},
  number = {4},
  issn = {1541-0420},
  pages = {1150--1159},
  year = {2015},
  url = {https://doi.org/10.1111/biom.12358},
}

@Article{luedtke17,
  author = {O. Lüdtke and A. Robitzsch and S. Grund},
  title = {{{M}ultiple Imputation of Missing Data in Multilevel Designs: {A} Comparison of Different Strategies}},
  journal = {Psychol Methods},
  year = {2017},
  volume = {22},
  number = {1},
  pages = {141--165},
  url = {https://doi.org/10.1037/met0000096},
}

@Article{drech15,
  author = {Jörg Drechsler},
  title = {Multiple Imputation of Multilevel Missing Data—Rigor Versus Simplicity},
  journal = {Journal of Educational and Behavioral Statistics},
  volume = {40},
  number = {1},
  pages = {69--95},
  year = {2015},
  url = {https://doi.org/10.3102/1076998614563393},
}

@Article{andridge11,
  author = {R. R. Andridge},
  title = {{{Q}uantifying the Impact of Fixed Effects Modeling of Clusters in Multiple Imputation for Cluster Randomized Trials}},
  journal = {Biom J},
  year = {2011},
  volume = {53},
  number = {1},
  pages = {57--74},
  url = {https://doi.org/10.1002/bimj.201000140},
}

@Article{carpenter13,
  author = {James R. Carpenter and James H. Roger and Michael G. Kenward},
  title = {{{A}nalysis of Longitudinal Trials with Protocol Deviation: a Framework for Relevant, Accessible Assumptions, and Inference via Multiple Imputation}},
  journal = {J Biopharm Stat},
  year = {2013},
  volume = {23},
  number = {6},
  pages = {1352--1371},
  url = {https://doi.org/10.1080/10543406.2013.834911},
}

@InBook{little02,
  title = {Bayes and Multiple Imputation},
  author = {Roderick J. A. Little and Donald B. Rubin},
  publisher = {John Wiley \& Sons},
  isbn = {9781119013563},
  pages = {200--220},
  chapter = {10},
  booktitle = {Statistical Analysis with Missing Data},
  year = {2002},
  url = {https://doi.org/10.1002/9781119013563.ch10},
}

@Article{olsen98,
  author = {Joseph L. Schafer and Maren K. Olsen},
  year = {2000},
  title = {Multiple Imputation for Multivariate Missing-Data Problems: A Data Analyst's Perspective},
  volume = {33},
  number = {4},
  journal = {Multivariate Behavioral Research},
  url = {https://doi.org/10.1207/s15327906mbr3304_5},
}

@Article{schafer02,
  author = {Joseph L Schafer and Recai M Yucel},
  title = {Computational Strategies for Multivariate Linear Mixed-Effects Models With Missing Values},
  journal = {Journal of Computational and Graphical Statistics},
  volume = {11},
  number = {2},
  pages = {437-457},
  year = {2002},
  publisher = {Taylor & Francis},
  url = {https://doi.org/10.1198/106186002760180608},
}

@Manual{nlme,
  title = {{nlme}: Linear and Nonlinear Mixed Effects Models},
  author = {Jose Pinheiro and Douglas Bates and Saikat DebRoy and Deepayan Sarkar and {R Core Team}},
  year = {2017},
  note = {R package version 3.1-131},
  url = {https://CRAN.R-project.org/package=nlme},
}

@Book{casella,
  place = {Pacific Grove, CA},
  edition = {2nd},
  title = {Statistical Inference},
  publisher = {Duxbury Press},
  author = {George Casella and Roger L Berger},
  year = {2002},
}

@Article{grund16c,
  author = {Simon Grund and Oliver Lüdtke and Alexander Robitzsch},
  title = {Multiple Imputation of Multilevel Missing Data: An Introduction to the R Package Pan},
  journal = {SAGE Open},
  volume = {6},
  number = {4},
  year = {2016},
  url = {https://doi.org/10.1177/2158244016668220},
}

@InCollection{grundinpress,
  address = {Washington, DC},
  title = {Missing Data in Multilevel Research},
  booktitle = {Handbook for Multilevel Theory, Measurement, and Analysis},
  publisher = {{American Psychological Association}},
  author = {Simon Grund and Oliver Lüdtke and Alexander Robitzsch},
  editor = {Stephen E. Humphrey and James M. LeBreton},
  year = {2018},
  isbn = {978-1-4338-3001-3},
}

@Article{grund18,
  author = {Simon Grund and Oliver Lüdtke and Alexander Robitzsch},
  title = {Multiple Imputation of Missing Data for Multilevel Models: Simulations and Recommendations},
  journal = {Organizational Research Methods},
  volume = {21},
  number = {1},
  pages = {111-149},
  year = {2018},
  url = {https://doi.org/10.1177/1094428117703686},
}

@Article{bloos17,
  author = {F. Bloos and H. Ruddel and D. Thomas-Ruddel and D. Schwarzkopf and C. Pausch and S. Harbarth and T. Schreiber and M. Grundling and J. Marshall and P. Simon and M. M. Levy and M. Weiss and A. Weyland and H. Gerlach and T. Schurholz and C. Engel and C. Matthaus-Kramer and C. Scheer and F. Bach and R. Riessen and B. Poidinger and K. Dey and N. Weiler and A. Meier-Hellmann and H. H. Haberle and G. Wobker and U. X. Kaisers and K. Reinhart},
  title = {{{E}ffect of a Multifaceted Educational Intervention for Anti-Infectious Measures on Sepsis Mortality: a Cluster Randomized Trial}},
  journal = {Intensive Care Med},
  year = {2017},
  volume = {43},
  number = {11},
  pages = {1602--1612},
  url = {https://doi.org/10.1177/1094428117703686},
}

@Article{tanner87,
  issn = {01621459},
  url = {http://www.jstor.org/stable/2289457},
  author = {Martin A. Tanner and Wing Hung Wong},
  journal = {Journal of the American Statistical Association},
  number = {398},
  pages = {528--540},
  publisher = {[American Statistical Association, Taylor & Francis, Ltd.]},
  title = {The Calculation of Posterior Distributions by Data Augmentation},
  volume = {82},
  year = {1987},
    url = {https://doi.org/10.2307/2289457},

}

@Article{ebert18,
  author = {David D Ebert and Claudia Buntrock and Jo Annika Reins and Johannes Zimmermann and Pim Cuijpers},
  title = {Efficacy and Moderators of Psychological Interventions in Treating Subclinical Symptoms of Depression and Preventing Major Depressive Disorder Onsets: Protocol for an Individual Patient Data Meta-Analysis of Randomised Controlled Trials},
  volume = {8},
  number = {3},
  year = {2018},
  publisher = {British Medical Journal Publishing Group},
  issn = {2044-6055},
  journal = {BMJ Open},
  url = {https://doi.org/10.1136/bmjopen-2017-018582},
}

@Book{mortimore88,
  author = {P { Mortimore} and P Sammons and L Stoll and D Lewis and R. Ecob},
  title = {School Matters.},
  publisher = {Wells: Open Books.},
  year = {1988},
}

@Article{mlwin,
  author = {J Rasbash and F Steele and W. J. Browne and H. Goldstein},
  title = {A User’s Guide to MLwiN, V3.00.},
  journal = {Centre for Multilevel Modelling, University of Bristol.},
  year = {2017},
}

@Misc{rstan,
  title = {{RStan}: The {R} Interface to {Stan}},
  author = {{Stan Development Team}},
  note = {R package version 2.18.2},
  year = {2018},
  url = {http://mc-stan.org/},
}

@Article{robert18,
  author = {Christian P. Robert and Víctor Elvira and Nick Tawn and Changye Wu},
  title = {Accelerating MCMC Algorithms},
  journal = {Wiley Interdisciplinary Reviews: Computational Statistics},
  volume = {10},
  number = {5},
  pages = {e1435},
  year = {2018},
  url = {https://doi.org/10.1002/wics.1435},
}

@Article{drechsler,
  author = {Jörg Drechsler},
  title = {Multiple Imputation of Multilevel Missing Data—Rigor Versus Simplicity},
  journal = {Journal of Educational and Behavioral Statistics},
  volume = {40},
  number = {1},
  pages = {69-95},
  year = {2015},
  url = {https://doi.org/10.3102/1076998614563393},
}

@Article{R2MLwiN,
  author = {Zhengzheng Zhang and Richard Parker and Christopher Charlton and George Leckie and William Browne},
  title = {R2MLwiN: A Package to Run MLwiN from within R},
  journal = {Journal of Statistical Software, Articles},
  volume = {72},
  number = {10},
  year = {2016},
  issn = {1548-7660},
  pages = {1--43},
  url = {https://doi.org/10.18637/jss.v072.i10},
}

@Article{enders18,
  author = {Craig K. Enders and Timothy Hayes and Han Du},
  title = {A Comparison of Multilevel Imputation Schemes for Random Coefficient Models: Fully Conditional Specification and Joint Model Imputation with Random Covariance Matrices},
  journal = {Multivariate Behavioral Research},
  volume = {53},
  number = {5},
  pages = {695-713},
  year = {2018},
  publisher = {Routledge},
  note = {PMID: 30693802},
  url = {https://doi.org/10.1080/00273171.2018.1477040},
}
