@ARTICLE{Chawla02SMOTE,
  author =	 {N. V. Chawla and K. W. Bowyer and L. O. Hall and
                  W. P. Kegelmeyer},
  title =	 {{SMOTE}: Synthetic minority over-sampling technique},
  journal =	 {Journal of Artificial Intelligence Research},
  year =	 2002,
  volume =	 16,
  pages =	 {321-???357}
}

@inproceedings{Bunkhumpornpat09Safelevel,
  author =	 {Bunkhumpornpat, C. and Sinapiromsaran, K. and
                  Lursinsap, C.},
  title =	 {{Safe-Level-SMOTE}: Safe-Level-Synthetic Minority
                  Over-Sampling Technique for Handling the Class
                  Imbalanced Problem},
  booktitle =	 {Proceedings of the 13th Pacific-Asia Conference on
                  Advances in Knowledge Discovery and Data Mining},
  series =	 {PAKDD '09},
  year =	 2009,
  location =	 {Bangkok, Thailand},
  pages =	 {475--482},
  publisher =	 {Springer-Verlag},
  address =	 {Berlin, Heidelberg},
}

@incollection{Napierala10Learning,
  author =	 {Napierala, Krystyna and Stefanowski, Jerzy and Wilk,
                  Szymon},
  title =	 {Learning from Imbalanced Data in Presence of Noisy
                  and Borderline Examples},
  booktitle =	 {Rough Sets and Current Trends in Computing},
  series =	 {Lecture Notes in Computer Science},
  publisher =	 {Springer Berlin / Heidelberg},
  pages =	 {158--167},
  volume =	 6086,
  year =	 2010,
}

@ARTICLE{Batista04Astudy,
  author =	 {G. Batista and R. Prati and M. Monard},
  title =	 {A study of the behavior of several methods for
                  balancing machine learning training data},
  journal =	 {ACM SIGKDD Explorations Newsletter},
  year =	 2004,
  volume =	 6,
  number =	 1,
  pages =	 {20--29}
}

@inproceedings{Han05BordelineSMOTE,
  author =	 {H. Han and W. Y. Wang and B. H. Mao},
  year =	 2005,
  title =	 {{Borderline-SMOTE}: A new over-sampling method in
                  imbalanced data sets learning},
  booktitle =	 {{Proceedings of the 2005 International Conference on
                  Advances in Intelligent Computing -- Volume Part I}},
  pages =	 {878--887},
  location =	 {Hefei, China},
  publisher =	 {Springer-Verlag},
  address =	 {Berlin, Heidelberg},
}

@article {Zhu04classnoisevsattributenoise,
  author =	 {Xingquan Zhu and Xindong Wu},
  title =	 {Class Noise vs.~Attribute Noise: A Quantitative
                  Study},
  journal =	 {Artificial Intelligence Review},
  pages =	 {177--210},
  volume =	 22,
  year =	 2004
}

@book{Kononenko07MachineLearning,
  author =	 {I. Kononenko and M. Kukar},
  title =	 {Machine Learning and Data Mining: Introduction to
                  Principles and Algorithms},
  year =	 2007,
  publisher =	 {Horwood Publishing Limited}
}

@article{2010-AIR-Nettleton,
  author =	 {D. Nettleton and A. Orriols-Puig and A. Fornells},
  title =	 {A Study of the Effect of Different Types of Noise
                  on the Precision of Supervised Learning Techniques},
  journal =	 {Artificial Intelligence Review},
  volume =	 33,
  issue =	 4,
  pages =	 {275--306},
  year =	 2010
}

@INPROCEEDINGS{Cohen95FastEffective,
  author =	 {William W. Cohen},
  title =	 {Fast Effective Rule Induction},
  booktitle =	 {Proceedings of the Twelfth International Conference
                  on Machine Learning},
  year =	 1995,
  pages =	 {115--123},
  publisher =	 {Morgan Kaufmann Publishers}
}

%%%%%%%%%%%%%%%%%%%%%%

@incollection{regressionTests,
  year =	 2010,
  booktitle =	 {Knowledge-Based and Intelligent Information and
                  Engineering Systems},
  volume =	 6276,
  series =	 {Lecture Notes in Computer Science},
  editor =	 {Setchi, Rossitza and Jordanov, Ivan and Howlett,
                  RobertJ. and Jain, LakhmiC.},
  title =	 {Nonparametric Statistical Analysis of Machine
                  Learning Algorithms for Regression Problems},
  publisher =	 {Springer-Verlag},
  address =	 {Berlin Heidelberg},
  author =	 {Graczyk, Magdalena and Lasota, Tadeusz and Telec,
                  Zbigniew and Trawi\'{n}ski, Bogdan},
  pages =	 {111-120}
}

@article{HerreraTestsCEC,
  year =	 2009,
  journal =	 {Journal of Heuristics},
  volume =	 15,
  number =	 6,
  title =	 {A Study on the Use of Non-Parametric Tests for
                  Analyzing the Evolutionary Algorithms' Behaviour: A
                  Case Study on the {CEC}'2005 Special Session on Real
                  Parameter Optimization},
  author =	 {Garc\'{i}a, Salvador and Molina, Daniel and Lozano,
                  Manuel and Herrera, Francisco},
  pages =	 {617--644}
}

@incollection{NachoSRCS,
  year =	 2013,
  booktitle =	 {Metaheuristics for Dynamic Optimization},
  volume =	 433,
  series =	 {Studies in Computational Intelligence},
  editor =	 {Alba, Enrique and Nakib, Amir and Siarry, Patrick},
  title =	 {{SRCS}: A Technique for Comparing Multiple
                  Algorithms under Several Factors in Dynamic
                  Optimization Problems},
  publisher =	 {Springer-Verlag},
  address =	 {Berlin Heidelberg},
  author =	 {del Amo, Ignacio G. and Pelta, David A.},
  pages =	 {61-77}
}

@article{Derrac2011,
  title =	 {A Practical Tutorial on the Use of Nonparametric
                  Statistical Tests as a Methodology for Comparing
                  Evolutionary and Swarm Intelligence Algorithms},
  journal =	 "Swarm and Evolutionary Computation",
  volume =	 1,
  number =	 1,
  pages =	 "3--18",
  year =	 2011,
  author =	 "Joaqu\'{i}n Derrac and Salvador Garc\'{i}a and
                  Daniel Molina and Francisco Herrera"
}

@article{Demsar:2006,
  author =	 {Dem\v{s}ar, Janez},
  title =	 {Statistical Comparisons of Classifiers Over
                  Multiple Data Sets},
  journal =	 {Journal of Machine Learning Research},
  volume =	 7,
  year =	 2006,
  pages =	 {1--30}
}

@article{AdvancedInfSci,
  title =	 {Advanced Nonparametric Tests for Multiple
                  Comparisons in the Design of Experiments in
                  Computational Intelligence and Data Mining:
                  Experimental Analysis of Power},
  journal =	 "Information Sciences",
  volume =	 180,
  number =	 10,
  pages =	 "2044--2064",
  year =	 2010,
  author =	 "Salvador Garc\'{i}a and Alberto Fern\'{a}ndez and
                  Juli\'{a}n Luengo and Francisco Herrera"
}

@book{Experimental-Methods,
  address =	 {Berlin Heidelberg},
  editor =	 {Bartz-Beielstein, Thomas and Chiarandini, Marco and
                  Paquete, Lu\'{\i}s and Preuss, Mike},
  publisher =	 {Springer-Verlag},
  title =	 {Experimental Methods for the Analysis of
                  Optimization Algorithms},
  year =	 2010
}

@Manual{paircompviz,
  title =	 {paircompviz: An R Package for Visualization of
                  Multiple Pairwise Comparison Test Results},
  author =	 {Michael Burda},
  year =	 2014,
  note =	 {R~package version~1.0.0},
  url =
                  {https://www.bioconductor.org/packages/release/bioc/html/paircompviz.html},
}

@Manual{SPSS,
  author =	 {{IBM Corp.}},
  title =	 {IBM SPSS Statistics for Windows, Version~21},
  year =	 2012,
  address =	 {Armonk, NY},
  url =
                  {http://www-01.ibm.com/software/analytics/spss/products/statistics/}
}

@article{Informs2000,
  title =	 "Statistical Analysis of Computational Tests of
                  Algorithms and Heuristics",
  journal =	 "INFORMS Journal on Computing",
  volume =	 12,
  number =	 1,
  pages =	 "24--44",
  year =	 2000,
  author =	 "Marie Coffin and Matthew J. Saltzman"
}

@article{Shilane2008,
  title =	 "A General Framework for Statistical Performance
                  Comparison of Evolutionary Computation Algorithms",
  journal =	 "Information Sciences",
  volume =	 178,
  number =	 14,
  pages =	 "2870--2879",
  year =	 2008,
  author =	 "David Shilane and Jarno Martikainen and Sandrine
                  Dudoit and Seppo J. Ovaska"
}

@article{delAmo2012,
  title =	 "An Algorithm Comparison for Dynamic Optimization
                  Problems",
  journal =	 "Applied Soft Computing",
  volume =	 12,
  number =	 10,
  pages =	 "3176--3192",
  year =	 2012,
  author =	 "Ignacio G. del Amo and David A. Pelta and Juan
                  R. Gonz\'{a}lez and Antonio D. Masegosa"
}

@article{CruzGonzalezPelta2011,
  title =	 "Optimization in Dynamic Environments: A Survey on
                  Problems, Methods and Measures",
  journal =	 "Soft Computing",
  volume =	 15,
  number =	 7,
  pages =	 "1427--1448",
  year =	 2011,
  author =	 "Carlos Cruz and Juan R. Gonz\'{a}lez and David
                  A. Pelta"
}

@book{Branke2001,
  author =	 {J\"{u}rgen Branke},
  title =	 "Evolutionary Optimization in Dynamic Environments",
  series =	 "Genetic Algorithms and Evolutionary Computation
                  (Book 3)",
  publisher =	 "Kluwer Academic Publishers",
  address =	 "MA, USA",
  year =	 2001
}

@book{imagemagick,
  year =	 2005,
  title =	 {The Definitive Guide to ImageMagick },
  author =	 {Michael Still},
  publisher =	 {Apress},
  address =	 {NY}
}

@INPROCEEDINGS{BrankeCEC1999,
  author =	 {J\"{u}rgen Branke},
  title =	 {Memory Enhanced Evolutionary Algorithms for Changing
                  Optimization Problems},
  booktitle =	 {IEEE Congress on Evolutionary Computation (CEC)},
  year =	 1999,
  pages =	 {1875-1882}
}

@book{bishop2006,
  author =	 {Bishop, Christopher M.},
  title =	 "Pattern Recognition and Machine Learning",
  series =	 "Information Science and Statistics",
  publisher =	 "Springer",
  year =	 2006
}

@article{factorplot,
  title =	 {{factorplot}: Improving Presentation of Simple
                  Contrasts in Generalized Linear Models},
  author =	 {David A. Armstrong},
  journal =	 {{The R Journal}},
  volume =	 5,
  number =	 2,
  pages =	 {4--15},
  year =	 2013
}

@article{HVDM-JAIR,
  title =	 {Improved Heterogeneous Distance Functions},
  author =	 {D. Randall Wilson and Tony R. Martinez},
  journal =	 {Journal of Artificial Intelligence Research},
  volume =	 6,
  year =	 1997,
  pages =	 {1--34}
}

@Manual{e1071,
  title =	 {e1071: Misc Functions of the Department of
                  Statistics (e1071), TU Wien},
  author =	 {David Meyer and Evgenia Dimitriadou and Kurt Hornik
                  and Andreas Weingessel and Friedrich Leisch},
  year =	 2014,
  note =	 {R package version 1.6-4},
  url =		 {https://CRAN.R-project.org/package=e1071},
}

@article{RWekapaper,
  author =	 {Kurt Hornik and Christian Buchta and Achim Zeileis},
  year =	 2009,
  title =	 {Open-Source Machine Learning: {R} Meets {W}eka},
  journal =	 {Computational Statistics},
  volume =	 24,
  issue =	 2,
  pages =	 {225--232}
}

@article{Eugster2014,
  title =	 {({P}sycho-)analysis of benchmark experiments: A
                  formal framework for investigating the relationship
                  between data sets and learning algorithms},
  journal =	 "Computational Statistics \& Data Analysis",
  volume =	 71,
  pages =	 "986--1000",
  year =	 2014,
  author =	 "Manuel J.A. Eugster and Friedrich Leisch and Carolin
                  Strobl"
}

@misc{Lichman:2013,
  author =	 "M. Lichman",
  year =	 2013,
  title =	 {{UCI Machine Learning Repository}},
  url =		 "http://archive.ics.uci.edu/ml",
  institution =	 "University of California, Irvine, School of
                  Information and Computer Sciences"
}

@Manual{SRCS,
  title =	 {{SRCS}: Statistical Ranking Color Scheme for
                  Multiple Pairwise Comparisons},
  author =	 {Pablo J. Villacorta},
  year =	 2015,
  note =	 {R package version 1.1},
  url =		 {https://CRAN.R-project.org/package=SRCS},
}

@Manual{libsvm,
  title =	 {{LIBSVM}: A Library for Support Vector Machines},
  author =	 {Chang, Chih-Chung and Lin, Chih-Jen},
  url =		 {http://www.csie.ntu.edu.tw/~cjlin/libsvm},
  year =	 {2001},
}

@Book{Weka,
  title =	 {Data Mining: Practical Machine Learning Tools and
                  Techniques},
  author =	 {Ian H. Witten and Eibe Frank},
  year =	 {2005},
  edition =	 {2nd},
  publisher =	 {Morgan Kaufmann},
  address =	 {San Francisco},
}





