@Manual{survival-package,
  title = {A Package for Survival Analysis in S},
  author = {Terry M Therneau},
  year = {2015},
  note = {version 2.38},
  url = {https://CRAN.R-project.org/package=survival},
}

@Article{Schemper:2013,
  author = {M. Schemper and A. Kaider and S. Wakounig and G. Heinze},
  title = {Estimating the Correlation of Bivariate Failure times under Censoring},
  journal = {Stat Med.},
  volume = {32},
  number = {27},
  pages = {4781-4790},
  year = {2013},
  url = {https://doi.org/10.1002/sim.5874},
}

@Manual{YLi:2016,
  title = {{clikcorr}: Censoring Data and Likelihood-Based Correlation Estimation},
  author = {Y. Li and K. Shedden and B. W. Gillespie and J. A. Gillespie},
  year = {2016},
  url = {https://cran.r-project.org/web/packages/clikcorr/},
}

@Article{Liang_L:2005,
  author = {Liang Li and William Wang and Ivan Chan},
  title = {Correlation Coefficient Inference on Censored Bioassay Data},
  journal = {Journal of Biopharmaceutical Statistics},
  volume = {15},
  number = {3},
  pages = {501-512},
  year = {2005},
  url = {https://doi.org/10.1081/BIP-200056552},
}

@Article{Fisher:1915,
  author = {R. A. Fisher},
  title = {Frequency Distribution of the Values of the Correlation Coefficient in Samples of an Indefinitely Large Population},
  journal = {Biometrika},
  volume = {10},
  number = {4},
  pages = {507-521},
  year = {1915},
  url = {http://dx.doi.org/10.2307/2331838},
}

@Article{Veerle_J:2013,
  author = {Veerle L. Jaspers and Dorte Herzke and Igor Eulaers and Brenda W. Gillespie and Marcel Eens},
  title = {Perfluoroalkyl Substances in Soft Tissues and Tail Feathers of Belgian Barn Owls Using Statistical Methods for Left Censored Data to Handle Non-Detects},
  journal = {Environment International},
  volume = {52},
  pages = {9-16},
  year = {2013},
  fjournal = {Journal of Biopharmaceutical Statistics},
  url = {https://doi.org/10.1016/j.envint.2012.11.002},
}

@Article{Suely:2004,
  author = {Suely Ruiz Giolo},
  title = {Turnbull's Nonparametric Estimator for Interval-Censored Data},
  journal = {Technical Report},
  year = {2004},
  url = {http://www.est.ufpr.br/rt/suely04a.pdf},
}

@Article{Bryson:1978,
  author = {Maurice C. Bryson},
  title = {Heavy-Tailed Distributions: Properties and Tests},
  journal = {Technometrics},
  volume = {16},
  pages = {61-68},
  year = {1974},
  url = {http://dx.doi.org/10.1080/00401706.1974.10489150},
}

@Book{Hays:1981,
  address = {New York},
  author = {Williams Hays},
  publisher = {CBS College Publishing},
  title = {Statistics},
  year = {1981},
}

@Book{Jack:1980,
  address = {New York},
  author = {J. D. Kalbfleisch and Ross L. Prentice},
  publisher = {John Wiley \& Sons},
  title = {The Statistical Analysis of Failure Time Data},
  year = {1980},
}

@Book{Lehmann:1998,
  address = {New York},
  author = {Erich L. Lehmann and George Casella},
  publisher = {Springer-Verlag},
  title = {Theory of Point Estimation},
  year = {1998},
}

@Book{Rao:1973,
  address = {New York},
  author = {C. R. Rao},
  publisher = {John Wiley \& Sons},
  title = {Linear Statistical Inference and Its Applications},
  year = {1973},
}

@Book{Genz:2009,
  address = {Heideberg},
  author = {Alan Genz and Frank Bretz},
  publisher = {Springer-Verlag},
  series = {Lecture Notes in Statistics},
  title = {Computation of Multivariate Normal and $t$ Probabilities},
  year = {2009},
  isbn = {978-3-642-01688-2},
}

@Manual{Genz:2012,
  title = {{mvtnorm}: Multivariate Normal and t Distributions},
  author = {Alan Genz and Frank Bretz and Tetsuhisa Miwa and Xuefei Mi and Friedrich Leisch and Fabian Scheipl and Torsten Hothorn},
  year = {2012},
  note = {R package version 0.9-9994},
  url = {http://CRAN.R-project.org/package=mvtnorm},
}

@Manual{Hothorn:2013,
  title = {On Multivariate t and Gauss Probabilities in R},
  author = {Torsten Hothorn and Frank Bretz and Alen Genz},
  year = {2013},
  url = {http://cran.r-project.org/web/packages/mvtnorm/vignettes/MVT_Rnews.pdf},
}

@Book{Anderson:2003,
  address = {New York},
  author = {T. W. Anderson},
  publisher = {John Wiley \& Sons},
  title = {An Introduction to Multivariate Statistical Analysis},
  year = {2003},
}

@Book{SAS:2010,
  address = {NC USA},
  author = {Paul David Allison},
  publisher = {SAS Institute Inc.},
  title = {Survival Analysis Using SAS: A Practical Guide},
  year = {2010},
}

@Book{Rod:2002,
  address = {New York},
  author = {Roderick J. A. Little and Donald B. Rubin},
  publisher = {John Wiley \& Sons},
  title = {Statistical Analysis with Missing Data},
  year = {2002},
}

@Book{Helsel:2012,
  address = {New Jersey},
  author = {Dennis R. Helsel},
  publisher = {John Wiley \& Sons},
  title = {Statistics for Censored Environmental Data Using {MINITAB} and {R}},
  year = {2012},
}

@Book{Helsel:2005,
  address = {New Jersey},
  author = {Dennis R. Helsel},
  publisher = {John Wiley \& Sons},
  title = {Nondetects and Data Analysis: Statistics for Censored Environmental Data},
  year = {2005},
}

@Book{Sidney:2007,
  address = {New York},
  author = {Sidney I. Resnick},
  publisher = {Springer-Verlag},
  title = {Heavy-Tail Phenomena Probabilistic and Statistical Modeling},
  year = {2007},
}

@Manual{optim,
  title = {General-Purpose Optimization. The R Stats Package},
  author = {{R Core Team}},
  year = {2013},
  url = {http://stat.ethz.ch/R-manual/R-devel/library/stats/html/optim.html},
}

@Manual{nlm,
  title = {Non-Linear Minimization. The R Stats Package},
  author = {{R Core Team}},
  year = {2013},
  url = {http://ugrad.stat.ubc.ca/R/library/stats/html/nlm.html},
}

@Article{Murphy:2000,
  author = {S. A. Murphy and A. W. {van der Vaart}},
  title = {On Profile Likelihood},
  journal = {J. Amer. Statist. Assoc},
  volume = {95},
  pages = {449-465},
  year = {2000},
  url = {https://doi.org/10.1080/01621459.2000.10474219{"}},
}

@Article{Stryhn:2003,
  author = {H. Stryhn and J. Christensen},
  title = {Confidence Intervals by the Profile Likelihood Methods, with Applications in Veterinary Epidemiology},
  journal = {Proceedings of the 10th International Symposium on Veterinary Epidemiology and Economics},
  pages = {208-211},
  year = {2003},
}

@Article{Venzon:1988,
  author = {D. J. Venzon and S. H. Moolgavkar},
  title = {A Method for Computing Profile-Likelihood-Based Confidence Intervals},
  journal = {Appl. Statist.},
  volume = {37},
  number = {1},
  pages = {87},
  year = {1988},
  url = {https://doi.org/10.2307/2347496},
}

@Article{zhou:2012,
  author = {H. Zhou and Z. Liao and S. Liu and W. Liang and X. Zhang and C. Ou},
  title = {Comparison of Three Methods in Estimating Confidence Interval and Hypothesis Testing of Logistic Regression Coefficients},
  journal = {Journal of Mathematical Medicine},
  volume = {25},
  number = {4},
  pages = {393-395},
  year = {2012},
}
