@article{Afsari2014,
  author    = {Afsari, B. and Braga-Neto, U. M. and Geman, D.},
  journal   = {The Annals of Applied Statistics},
  number    = {3},
  pages     = {1469--1491},
  publisher = {Institute of Mathematical Statistics},
  title     = {Rank discriminants for predicting phenotypes from {RNA} expression},
  volume    = {8},
  year      = {2014}
}

@article{Agarwal12,
  author    = {Agarwal, Alekh and Negahban, Sahand and Wainwright, Martin J.},
  journal   = {The Annals of Statistics},
  number    = {5},
  pages     = {2452--2482},
  publisher = {The Institute of Mathematical Statistics},
  title     = {Fast global convergence of gradient methods for high-dimensional statistical recovery},
  volume    = {40},
  year      = {2012}
}


@book{agresti,
  author    = {Agresti, Alan},
  publisher = {New York: John Wiley \& Sons},
  title     = {Categorical data analysis},
  year      = {1996}
}

@article{ailon2012active,
  author  = {Ailon, N.},
  journal = {Journal of Machine Learning Research},
  pages   = {137--164},
  title   = {An active learning algorithm for ranking from pairwise preferences with an almost optimal query complexity},
  volume  = {13},
  year    = {2012}
}


@article{albert2012combining,
  author    = {Albert, Isabelle and Donnet, Sophie and Guihenneuc-Jouyaux, Chantal and Low-Choy, Samantha and Mengersen, Kerrie and Rousseau, Judith},
  journal   = {Bayesian Analysis},
  number    = {3},
  pages     = {503--532},
  publisher = {International Society for Bayesian Analysis},
  title     = {Combining expert opinions in prior elicitation},
  volume    = {7},
  year      = {2012}
}

@incollection{aldous85,
  author    = {Aldous, David J},
  booktitle = {{\'E}cole d'{\'E}t{\'e} de Probabilit{\'e}s de Saint-Flour XIII},
  pages     = {1--198},
  publisher = {Springer},
  title     = {Exchangeability and related topics},
  year      = {1985}
}


@article{Aledo2013,
  author    = {Aledo, Juan A and G{\'a}mez, Jose A and Molina, David},
  journal   = {Applied Mathematics and Computation},
  pages     = {632--644},
  publisher = {Elsevier},
  title     = {Tackling the rank aggregation problem with evolutionary algorithms},
  volume    = {222},
  year      = {2013}
}


@article{Ali2012,
  author    = {Ali, Alnur and Meil{\u{a}}, Marina},
  journal   = {Mathematical Social Sciences},
  number    = {1},
  pages     = {28--40},
  publisher = {Elsevier},
  title     = {Experiments with {K}emeny ranking: What works when?},
  volume    = {64},
  year      = {2012}
}


@article{Alkan11,
  author  = {Can Alkan and {B}radley P. Coe and Evan E. Eichler},
  journal = {Nature Reviews Genetics},
  title   = {Genome structural variation discovery and genotyping},
  year    = {2011}
}

@book{AlvoYu2014,
  address   = {New York, USA},
  author    = {Alvo, Mayer and Yu, Philip L. H.},
  publisher = {Springer},
  series    = {Frontiers in Probability and the Statistical Sciences},
  title     = {Statistical Methods for Ranking Data},
  year      = {2014}
}

@misc{Andersen12,
  author        = {M. S. Andersen and J. Dahl and L. Vandenberghe},
  date-added    = {2013-02-08 13:14:43 +0000},
  date-modified = {2013-02-08 13:16:41 +0000},
  howpublished  = {Available at abel.uu.ucla.edu/cvxopt},
  title         = {CVXOPT: A Python package for convex optimization, version 1.1.5.},
  year          = {2012}
}

@article{Andrieu2009,
  author  = {C. Andrieu and G. O. Roberts},
  journal = {The Annals of Statistics},
  number  = {2},
  pages   = {697-725},
  title   = {The pseudo-marginal approach for efficient {M}onte {C}arlo computations},
  volume  = {37},
  year    = {2009}
}
@article{Antoniadis10,
  author        = {Anestis Antoniadis and Piotr Fryzlewicz and Frederique Letue},
  date-added    = {2013-04-04 11:59:26 +0000},
  date-modified = {2013-04-04 12:00:52 +0000},
  journal       = {Scandinavian Journal of Statistics},
  pages         = {531-552},
  title         = {The {D}antzig Selector in {C}ox's Proportional Hazards Model},
  volume        = {37},
  year          = {2010}
}




@article{asfaw2017time,
  author    = {Asfaw, D. and Vitelli, V. and S{\o}rensen, {\O}. and Arjas, E. and Frigessi, A.},
  journal   = {Stat},
  number    = {1},
  pages     = {14--30},
  publisher = {Wiley Online Library},
  title     = {Time-varying rankings with the {B}ayesian {M}allows model},
  volume    = {6},
  year      = {2017}
}


@inproceedings{Aslam2001,
  acmid     = {384007},
  address   = {New York, USA},
  author    = {Aslam, Javed A. and Montague, Mark},
  booktitle = {Proceedings of the 24th Annual International ACM SIGIR Conference on Research and Development in Information Retrieval},
  doi       = {10.1145/383952.384007},
  isbn      = {1-58113-331-6},
  location  = {New Orleans, Louisiana, USA},
  numpages  = {9},
  pages     = {276--284},
  publisher = {ACM},
  series    = {SIGIR '01},
  title     = {Models for Metasearch},
  url       = {http://doi.acm.org/10.1145/383952.384007},
  year      = {2001}
}

@article{babingtonsmith:1950,
  author  = {{Babington Smith}, B },
  journal = {Journal of the Royal Statistical Society B},
  number  = {1},
  pages   = {41--59},
  title   = {Discussion of professor {R}oss's paper},
  volume  = {12},
  year    = {1950}
}

@article{barrett16,
  author    = {Barrett, Natasha},
  journal   = {Computer Music Journal},
  publisher = {MIT Press},
  title     = {Interactive spatial sonification of multidimensional data for composition and auditory display},
  year      = {2016}
}

@article{barrientos2023,
  author    = {Barrientos, Andr{\'e}s F and Sen, Deborshee and Page, Garritt L and Dunson, David B},
  journal   = {Bayesian Analysis},
  number    = {3},
  pages     = {777--806},
  publisher = {International Society for Bayesian Analysis},
  title     = {Bayesian inferences on uncertain ranks and orderings: Application to ranking players and lineups},
  volume    = {18},
  year      = {2023}
}



@article{bartholdi1989computational,
  author    = {Bartholdi, John J and Tovey, Craig A and Trick, Michael A},
  journal   = {Social Choice and Welfare},
  number    = {3},
  pages     = {227--241},
  publisher = {Springer},
  title     = {The computational difficulty of manipulating an election},
  volume    = {6},
  year      = {1989}
}


@article{bartholdi1989voting,
  author    = {Bartholdi, J. and Tovey, C. and Trick, M. A.},
  journal   = {Social Choice and Welfare},
  number    = {2},
  pages     = {157--165},
  publisher = {Springer},
  title     = {Voting schemes for which it can be difficult to tell who won the election},
  volume    = {6},
  year      = {1989}
}

@article{BayesMallows,
  author  = {{\O}ystein S{\o}rensen and Marta Crispino and Qinghua Liu and
             Valeria Vitelli},
  journal = {{The R Journal}},
  number  = {1},
  pages   = {324--342},
  title   = {{BayesMallows: An R Package for the Bayesian Mallows Model}},
  volume  = {12},
  year    = {2020}
}
@manual{BayesMallows_manual,
  author = {S{\o}rensen, O and Vitelli, V and Crispino, M and Liu, Q and Mollica, C and Tardella, L and Stein, A and Leoncio, W},
  note   = {R package version 1.3.0},
  title  = {{BayesMallows}: {Bayesian} Preference Learning with the {Mallows} Rank Model},
  url    = {https://CRAN.R-project.org/package=BayesMallows},
  year   = {2023}
}

@incollection{beckett93maximum,
  author    = {Beckett, L. A.},
  booktitle = {Probability Models and Statistical Analyses for Ranking Data},
  editor    = {Fligner, Michael A. and Verducci, Joseph S.},
  pages     = {92--107},
  publisher = {Springer New York},
  title     = {Maximum Likelihood Estimation in {Mallows}'s Model Using Partially Ranked Data},
  year      = {1993}
}

@unpublished{Belloni2014,
  author = {{Belloni}, A. and {Rosenbaum}, M. and {Tsybakov}, A.},
  note   = {arXiv:1408.0241 [math.ST]},
  title  = {{Linear and Conic Programming Estimators in High-Dimensional Errors-in-variables Models}},
  year   = 2014
}

@incollection{Benter,
  author    = {Benter, William},
  booktitle = {Efficiency of racetrack betting markets},
  pages     = {183--198},
  publisher = {World Scientific},
  title     = {Computer based horse race handicapping and wagering systems: a report},
  year      = {2008}
}

@article{berger2012objective,
  author    = {Berger, James O and Bernardo, Jose M and Sun, Dongchu},
  journal   = {Journal of the American Statistical Association},
  number    = {498},
  pages     = {636--648},
  publisher = {Taylor \& Francis Group},
  title     = {Objective priors for discrete parameter spaces},
  volume    = {107},
  year      = {2012}
}
@article{Bertrand2011,
  author  = {Bertrand, A. and Moonen, M.},
  journal = {Signal Processing, IEEE Transactions on},
  month   = {May},
  number  = {5},
  pages   = {2320-2330},
  title   = {Consensus-Based Distributed Total Least Squares Estimation in Ad Hoc Wireless Sensor Networks},
  volume  = {59},
  year    = {2011}
}



@book{Bertsekas1999,
  address   = {Belmont, MA, USA},
  author    = {Dimitri P. Bertsekas},
  publisher = {Athena Scientific},
  title     = {Nonlinear Programming: Second Edition},
  year      = {1999}
}

@article{Bickel09,
  author  = {Bickel, Peter J. and Ritov, Ya'acov and Tsybakov, Alexandre B.},
  coden   = {ASTSC7},
  doi     = {10.1214/08-AOS620},
  journal = {The Annals of Statistics},
  number  = {4},
  pages   = {1705--1732},
  title   = {Simultaneous analysis of lasso and {D}antzig selector},
  volume  = {37},
  year    = {2009}
}

@book{Bickel77,
  author    = {Peter Bickel and Kjell Doksum},
  publisher = {Holden-Day, Inc., San Francisco},
  title     = {Mathematical Statistics},
  year      = {1977}
}

@article{Biernacki:Jacques,
  author    = {Biernacki, Christophe and Jacques, Julien},
  journal   = {Computational Statistics \& Data Analysis},
  pages     = {162--176},
  publisher = {Elsevier},
  title     = {A generative model for rank data based on insertion sort algorithm},
  volume    = {58},
  year      = {2013}
}

@article{bigand99,
  author    = {Bigand, Emmanuel and Parncutt, Richard},
  journal   = {Psychological Research},
  number    = {4},
  pages     = {237--254},
  publisher = {Springer},
  title     = {Perceiving musical tension in long chord sequences},
  volume    = {62},
  year      = {1999}
}

@book{blauert01,
  author    = {Blauert, Jens},
  publisher = {MIT press},
  title     = {Spatial hearing: the psychophysics of human sound localization},
  year      = {1997}
}
@article{Boulesteix08,
  author     = {A.-L. Boulesteix and C. Strobl and T. Augustin and M. Daumer},
  bdsk-url-1 = {http://dx.doi.org/10.4137/CIN.S408},
  doi        = {10.4137/CIN.S408},
  journal    = {Cancer Informatics},
  month      = {02},
  title      = {Evaluating Microarray-based Classifiers: An Overview},
  volume     = {6},
  year       = {2008}
}
@article{Boulesteix2009,
  author  = {Boulesteix, Anne-Laure and Slawski, Martin},
  journal = {Briefings in Bioinformatics},
  number  = {5},
  pages   = {556-568},
  title   = {Stability and aggregation of ranked gene lists},
  volume  = {10},
  year    = {2009}
}
@book{Boyd04,
  address   = {Cambridge, UK},
  author    = {Stephen Boyd and Lieven Vandenberghe},
  publisher = {Cambridge University Press},
  title     = {Convex Optimization},
  year      = {2004}
}

@article{bradley1952rank,
  author    = {Bradley, Ralph Allan and Terry, Milton E},
  journal   = {Biometrika},
  number    = {3/4},
  pages     = {324--345},
  publisher = {JSTOR},
  title     = {{Rank Analysis of Incomplete Block Designs: I. The Method of Paired Comparisons}},
  volume    = {39},
  year      = {1952}
}
@article{brin1998anatomy,
  author    = {Brin, S. and Page, L.},
  journal   = {Computer networks and ISDN systems},
  number    = {1},
  pages     = {107--117},
  publisher = {Elsevier},
  title     = {The anatomy of a large-scale hypertextual web search engine},
  volume    = {30},
  year      = {1998}
}

@book{Buhlmann11,
  address       = {Berlin, Germany},
  author        = {B{\"u}hlmann, Peter and van de Geer, Sara},
  date-added    = {2012-12-01 13:29:15 +0000},
  date-modified = {2012-12-01 13:30:21 +0000},
  publisher     = {Springer},
  title         = {Statistics for High-Dimensional Data: Methods, Theory and Applications},
  year          = {2011}
}
@book{Buonaccorsi2010,
  address   = {Boca Raton, FL, USA},
  author    = {John Buonaccorsi},
  publisher = {Chapman \& Hall/CRC},
  title     = {Measurement Error: Models, Methods, and Applications},
  year      = {2010}
}
@article{burg,
  author    = {Burgman, Mark A. AND McBride, Marissa AND Ashton, Raquel AND Speirs-Bridge, Andrew AND Flander, Louisa AND Wintle, Bonnie AND Fidler, Fiona AND Rumpff, Libby AND Twardy, Charles},
  journal   = {PLOS ONE},
  month     = {07},
  number    = {7},
  pages     = {1-7},
  publisher = {Public Library of Science},
  title     = {Expert Status and Performance},
  volume    = {6},
  year      = {2011}
}
@inproceedings{Busse2007,
  acmid     = {1273511},
  address   = {New York, USA},
  author    = {Busse, Ludwig M. and Orbanz, Peter and Buhmann, Joachim M.},
  booktitle = {Proceedings of the 24th International Conference on Machine Learning},
  doi       = {10.1145/1273496.1273511},
  isbn      = {978-1-59593-793-3},
  location  = {Corvalis, Oregon},
  numpages  = {8},
  pages     = {113--120},
  publisher = {ACM},
  series    = {ICML '07},
  title     = {Cluster Analysis of Heterogeneous Rank Data},
  url       = {http://doi.acm.org/10.1145/1273496.1273511},
  year      = {2007}
}

@inproceedings{BusseEtal2007,
  address   = {New York, USA},
  author    = {Busse, L. M. and Orbanz, P. and Buhmann, J. M.},
  booktitle = {Proceedings of the 24th International Conference on Machine Learning},
  location  = {Corvalis, Oregon},
  numpages  = {8},
  pages     = {113--120},
  publisher = {ACM},
  series    = {ICML '07},
  title     = {Cluster Analysis of Heterogeneous Rank Data},
  year      = {2007}
}

@article{Candes07,
  author     = {Candes, Emmanuel and Tao, Terence},
  bdsk-url-1 = {http://dx.doi.org/10.1214/009053606000001523},
  coden      = {ASTSC7},
  doi        = {10.1214/009053606000001523},
  issn       = {0090-5364},
  journal    = {The Annals of Statistics},
  mrclass    = {62C05 (62G05 94A08 94A12)},
  mrnumber   = {2382644 (2009b:62016)},
  mrreviewer = {Christophe Giraud},
  number     = {6},
  pages      = {2313--2351},
  title      = {The {D}antzig selector: statistical estimation when {$p$} is much larger than {$n$}},
  volume     = {35},
  year       = {2007}
}

@article{Candes2005,
  author  = {Candes, E.J. and Tao, T.},
  journal = {Information Theory, IEEE Transactions on},
  number  = {12},
  pages   = {4203-4215},
  title   = {Decoding by linear programming},
  volume  = {51},
  year    = {2005}
}

@article{Candes2008,
  author  = {Candes, E.J. and Wakin, M.B.},
  journal = {Signal Processing Magazine, IEEE},
  number  = {2},
  pages   = {21-30},
  title   = {An Introduction To Compressive Sampling},
  volume  = {25},
  year    = {2008}
}

@inproceedings{caragiannis2013noisy,
  author    = {Caragiannis, Ioannis and Procaccia, Ariel D and Shah, Nisarg},
  booktitle = {Proceedings of the fourteenth ACM conference on Electronic commerce},
  pages     = {143--160},
  title     = {When do noisy votes reveal the truth?},
  year      = {2013}
}


@article{carconf,
  author  = {Dabic, M and Hatzinger, R},
  journal = {In Hatzinger, R., Dittrich, R.,
             and Salzberger, T., editors, Praeferenzanalyse mit R: Anwendungen aus Marketing,
             Behavioural Finance und Human Resource Management},
  title   = {Zielgruppenadäquate Abläufe in Konfigurationssystemen – eine empirische Studie im Automobilmarkt: Das Paarvergleichs-Pattern-Modell für Partial Rankings},
  year    = {2009}
}


@inproceedings{Caron2012,
  author    = {Caron, Fran{\c{c}}ois and Teh, Yee W},
  booktitle = {Advances in Neural Information Processing Systems},
  pages     = {1520--1528},
  title     = {Bayesian nonparametric models for ranked data},
  year      = {2012}
}




@article{caron2012efficient,
  author    = {Caron, Francois and Doucet, Arnaud},
  journal   = {Journal of Computational and Graphical Statistics},
  number    = {1},
  pages     = {174--196},
  publisher = {Taylor \& Francis Group},
  title     = {Efficient Bayesian inference for generalized {B}radley--{T}erry models},
  volume    = {21},
  year      = {2012}
}


@article{Caron2014,
  author  = {Caron, F. and Teh, Y. W. and Murphy, T. B.},
  journal = {The Annals of Applied Statistics},
  number  = {2},
  pages   = {1145--1181},
  title   = {Bayesian nonparametric {P}lackett-{L}uce models for the analysis of preferences for college degree programmes},
  volume  = {8},
  year    = {2014}
}


@article{caron2014bayesian,
  author    = {Caron, Fran{\c{c}}ois and Teh, Yee Whye and Murphy, Thomas Brendan},
  journal   = {The Annals of Applied Statistics},
  number    = {2},
  pages     = {1145--1181},
  publisher = {Institute of Mathematical Statistics},
  title     = {Bayesian nonparametric {Plackett--Luce} models for the analysis of preferences for college degree programmes},
  volume    = {8},
  year      = {2014}
}


@article{carpentier17,
  author    = {Carpentier, Thibaut and Barrett, Natasha and Gottfried, Rama and Noisternig, Markus},
  journal   = {Computer Music Journal},
  publisher = {MIT Press},
  title     = {Holophonic sound in {IRCAM}'s concert hall: Technological and aesthetic practices},
  year      = {2017}
}





@book{Carroll06,
  address   = {Boca Raton, FL, USA},
  author    = {Raymond J. Carroll and David Ruppert and Leonard A. Stefanski and Ciprian M. Crainiceanu},
  publisher = {Chapman \& Hall/CRC},
  title     = {Measurement Error in Nonlinear Models: A Modern Perspective, Second Edition},
  year      = {2006}
}

@article{Carroll1990,
  author              = {Carroll, Raymond J. and Stefanski, Leonard A.},
  copyright           = {Copyright © 1990 American Statistical Association},
  journal             = {Journal of the American Statistical Association},
  jstor_formatteddate = {Sep., 1990},
  number              = {411},
  pages               = {652--663},
  publisher           = {Taylor & Francis, Ltd. on behalf of the American Statistical Association},
  title               = {Approximate Quasi-likelihood Estimation in Models With Surrogate Predictors},
  volume              = {85},
  year                = {1990}
}

@article{Carroll2008,
  author  = {Carroll, Raymond J. and Wang, Yuedong},
  eprint  = {http://biomet.oxfordjournals.org/content/95/2/437.full.pdf+html},
  journal = {Biometrika},
  number  = {2},
  pages   = {437-449},
  title   = {Nonparametric variance estimation in the analysis of microarray data: a measurement error approach},
  url     = {http://biomet.oxfordjournals.org/content/95/2/437.abstract},
  volume  = {95},
  year    = {2008}
}

@inproceedings{carterette2009rank,
  author    = {Carterette, Ben},
  booktitle = {Proceedings of the 32nd international ACM SIGIR conference on Research and development in information retrieval},
  pages     = {436--443},
  title     = {On rank correlation and the distance between rankings},
  year      = {2009}
}
@article{causeur20052,
  author    = {Causeur, David and Husson, Fran{\c{c}}ois},
  journal   = {Journal of statistical planning and inference},
  number    = {2},
  pages     = {245--259},
  publisher = {Elsevier},
  title     = {A 2-dimensional extension of the {B}radley--{T}erry model for paired comparisons},
  volume    = {135},
  year      = {2005}
}



@article{Celeux2000,
  author  = {G. Celeux and M. Hurn and C. Robert},
  journal = {Journal of the American Statistical Association},
  number  = {451},
  pages   = {957-970},
  title   = {Computational and Inferential Difficulties with Mixture Posterior Distribution},
  volume  = {95},
  year    = {2000}
}

@article{Celeux2006,
  author  = {G. Celeux and F. Forbes and C. P. Robert and D. M. Titterington},
  journal = {Bayesian Analysis},
  number  = {4},
  pages   = {651--674},
  title   = {Deviance Information Criteria for Missing Data Models},
  volume  = {1},
  year    = {2006}
}

@article{Chen13,
  author        = {Yudong Chen and Constantine Caramanis},
  date-added    = {2013-03-19 10:09:23 +0000},
  date-modified = {2013-06-26 13:14:37 +0000},
  journal       = {J. Mach. Learn. Res. W\&CP},
  title         = {Noisy and missing data regression: Distribution-oblivious support recovery},
  year          = {2013}
}


@article{Chen1997,
  author  = {Chen, Yidong and Dougherty, Edward R. and Bittner, Michael L.},
  doi     = {10.1117/12.281504},
  isbn    = {1083-3668},
  journal = {Journal of Biomedical Optics},
  number  = {4},
  pages   = {364-374},
  title   = {Ratio-based decisions and the quantitative analysis of c{DNA} microarray images},
  url     = { http://dx.doi.org/10.1117/12.281504},
  volume  = {2},
  year    = {1997}
}



@article{Chen2013,
  author  = {Yudong Chen and Constantine Caramanis},
  journal = {JMLR W\&CP},
  number  = {1},
  pages   = {383--391},
  title   = {Noisy and Missing Data Regression: Distribution-Oblivious Support Recovery},
  volume  = {28},
  year    = {2013}
}


@inproceedings{cheng2008,
  author    = {Cheng, Weiwei and H{\"u}llermeier, Eyke},
  booktitle = {ECCBR Workshops},
  pages     = {143--157},
  title     = {Instance-Based Label Ranking using the {M}allows {M}odel},
  year      = {2008}
}

@incollection{Chiang2009,
  address   = {New York, USA},
  author    = {Chiang, Mung},
  booktitle = {Advances in Applied Mathematics and Global Optimization},
  editor    = {Gao, David Y. and Sherali, Hanif D.},
  language  = {English},
  pages     = {137--196},
  publisher = {Springer},
  series    = {Advances in Mechanics and Mathematics},
  title     = {Nonconvex Optimization for Communication Networks},
  volume    = {17},
  year      = {2009}
}

@article{cite-key,
  author        = {Shi, Congming and Wei, Bingtao and Wei, Shoulin and Wang, Wen and Liu, Hai and Liu, Jialei},
  bdsk-url-1    = {https://doi.org/10.1186/s13638-021-01910-w},
  bdsk-url-2    = {http://dx.doi.org/10.1186/s13638-021-01910-w},
  da            = {2021/02/15},
  date-added    = {2022-07-30 19:29:22 +0000},
  date-modified = {2022-07-30 19:29:22 +0000},
  doi           = {10.1186/s13638-021-01910-w},
  id            = {Shi2021},
  isbn          = {1687-1499},
  journal       = {EURASIP Journal on Wireless Communications and Networking},
  number        = {1},
  pages         = {31},
  title         = {A quantitative discriminant method of elbow point for the optimal number of clusters in clustering algorithm},
  ty            = {JOUR},
  url           = {https://doi.org/10.1186/s13638-021-01910-w},
  volume        = {2021},
  year          = {2021}
}


@article{clustergram,
  author  = {Matthias Schonlau},
  journal = {The Stata Journal},
  number  = {},
  pages   = {316-327},
  title   = {The {C}lustergram: a graph for visualizing hierarchical and non-hierarchical cluster analyses},
  volume  = {3},
  year    = {2002}
}


@article{condorcet,
  author  = {Marquis of Condorcet, Marie Jean Antoine Nicolas de Caritat},
  journal = {Paris: De l'imprimerie royale},
  title   = {Essai sur l'application de l'analyse {\`a} la probabilit{\'e} des d{\'e}cisions rendues {\`a} la pluralit{\'e} des voix},
  year    = {1785}
}

@article{consrank,
  author = {Antonio D'Ambrosio and Sonia Amodio and Giulio Mazzeo},
  note   = {R package version 2.0.1},
  title  = {Cons{R}ank: Compute the {M}edian {R}anking(s) {A}ccording to the {K}emeny's
            {A}xiomatic {A}pproach},
  url    = {https://CRAN.R-project.org/package=ConsRank},
  year   = {2017}
}

@article{Cook1994,
  author  = {Cook, J. R. and Stefanski, L. A.},
  journal = {Journal of the American Statistical Association},
  number  = {428},
  pages   = {1314-1328},
  title   = {Simulation-Extrapolation Estimation in Parametric Measurement Error Models},
  volume  = {89},
  year    = {1994}
}

@article{cramer1938nouveau,
  author  = {Cram{\'e}r, Harald},
  journal = {Actualit{\'e}s scientifiques et industrielles},
  pages   = {2--23},
  title   = {Sur un nouveau th{\'e}oreme-limite de la th{\'e}orie des probabilit{\'e}s},
  volume  = {736},
  year    = {1938}
}
@article{crispino17,
  author  = {Crispino, Marta and Vitelli, Valeria and Barrett, Natasha and Arjas, Elja and Frigessi, Arnoldo},
  journal = {Submitted, available at \texttt{https://arxiv.org/abs/1705.08805}},
  title   = {A {B}ayesian {M}allows approach to non-transitive pair comparison data: how human are sounds?},
  year    = {2017}
}


@article{crispino2022informative,
  author    = {Marta Crispino and Isadora Antoniano-Villalobos},
  journal   = {Bayesian Analysis},
  number    = {2},
  pages     = {391 -- 414},
  publisher = {International Society for Bayesian Analysis},
  title     = {Informative priors for the consensus ranking in the Bayesian Mallows model},
  volume    = {18},
  year      = {2023}
}

@article{crispino23efficient,
  author  = {Crispino, Marta and Mollica, Cristina and Astuti, Valerio and Tardella, Luca},
  journal = {Statistics and Computing},
  number  = {33},
  title   = {Efficient and Accurate Inference for Mixtures of {Mallows} Models with Spearman Distance},
  volume  = {98},
  year    = {2023}
}



 @inproceedings{crispinoMoE,
  author    = {Crispino, M and Modugno, L and Mollica, L},
  booktitle = {Proceedings of the SDS 2024 conference},
  isbn      = {978-88-5509-645-4},
  title     = {The {Mallows} Model with Respondents’ Covariates
               for the Analysis of Preference Rankings},
  year      = {2024}
}

  @article{crispinoMSmix,
  author  = {Crispino, Marta and Mollica, Cristina and Modugno, Lucia},
  journal = {Submitted},
  title   = {{MSmix}: An R Package for clustering partial rankings via
             mixtures of Mallows Models with Spearman distance},
  year    = {2024+}
}

@book{critchlow2012metric,
  author    = {Critchlow, D. E.},
  publisher = {Springer Science and Business Media},
  title     = {Metric methods for analyzing partially ranked data},
  volume    = {34},
  year      = {2012}
}
@book{critchlow85metric,
  author    = {Critchlow, Douglas E.},
  publisher = {Lecture Notes in Statistics No. 34, Springer New York},
  title     = {Metric Methods for Analyzing Partially Ranked Data},
  year      = {1985}
}

@article{critchlow91probability,
  author  = {Critchlow, Douglas E and Fligner, M. A. and Verducci, J. S.},
  journal = {Journal of Mathematical Psychology},
  number  = {3},
  pages   = {294-318},
  title   = {Probability {M}odels on {R}ankings},
  volume  = {35},
  year    = {1991}
}


@article{Croux2010,
  author    = {Croux, Christophe and Dehon, Catherine},
  journal   = {Statistical methods \& applications},
  pages     = {497--515},
  publisher = {Springer},
  title     = {Influence functions of the Spearman and Kendall correlation measures},
  volume    = {19},
  year      = {2010}
}

@article{csardi2013package,
  author  = { Csardi, G. and  Nepusz, T.},
  journal = {InterJournal, Complex Systems},
  pages   = {1695},
  title   = {The igraph software package for complex network research},
  url     = {http://igraph.org},
  year    = {2006}
}

@misc{cvx,
  author        = {CVX Research, Inc.},
  date-added    = {2012-12-25 00:52:52 +0000},
  date-modified = {2012-12-25 00:53:42 +0000},
  month         = {sep},
  title         = {{CVX}: Matlab Software for Disciplined Convex Programming, version 2.0 beta},
  year          = {2012}
}

@article{damien2012,
  author    = {Gupta, J. and Damien, P.},
  issn      = {1467-9868},
  journal   = {Journal of the Royal Statistical Society B},
  number    = {3},
  pages     = {433--445},
  publisher = {Blackwell Publishers},
  title     = {Conjugacy class prior distributions on metric-based ranking models},
  volume    = {64},
  year      = {2002}
}

@inproceedings{daniel04,
  author       = {Daniel, J{\'e}r{\^o}me and Moreau, S{\'e}bastien},
  booktitle    = {Audio Engineering Society Convention 116},
  organization = {Audio Engineering Society},
  title        = {Further study of sound field coding with higher order ambisonics},
  year         = {2004}
}

@book{DasGupta2011,
  address   = {New York, USA},
  author    = {Anirban DasGupta},
  publisher = {Springer},
  series    = {Springer Texts in Statistics},
  title     = {Probability for Statistics and Machine Learning},
  year      = {2011}
}


@book{david63,
  author    = {David, Herbert Aron},
  publisher = {DTIC Document},
  title     = {The method of paired comparisons},
  volume    = {12},
  year      = {1963}
}

@article{Davidson2005,
  author  = {Davidson, Eric and Levin, Michael},
  doi     = {10.1073/pnas.0502024102},
  eprint  = {http://www.pnas.org/content/102/14/4935.full.pdf+html},
  journal = {Proceedings of the National Academy of Sciences of the United States of America},
  number  = {14},
  pages   = {4935},
  title   = {Gene regulatory networks},
  url     = {http://www.pnas.org/content/102/14/4935.short},
  volume  = {102},
  year    = {2005}
}

@article{dawid1982well,
  author    = {Dawid, A. P.},
  journal   = {Journal of the American Statistical Association},
  number    = {379},
  pages     = {605--610},
  publisher = {Taylor \& Francis Group},
  title     = {The well-calibrated {B}ayesian},
  volume    = {77},
  year      = {1982}
}

@article{dawid1997comments,
  author    = {Dawid, AP},
  journal   = {Journal of Statistical Planning and Inference},
  number    = {1},
  pages     = {178--180},
  publisher = {North-Holland},
  title     = {Comments on `non-informative priors do not exist'},
  volume    = {65},
  year      = {1997}
}

@article{de1781memoire,
  author  = {de Borda, J. C.},
  journal = {Paris, France},
  title   = {M{\'e}moire sur les {\'e}lections au scrutin, Histoire de l'Acad{\'e}mie Royale des Sciences},
  year    = {1781}
}

@article{DeConde2006,
  author  = {R. P. DeConde and S. Hawley and S. Falcon and N. Clegg and B. Knudsen and R. Etzioni},
  journal = {Statistical Applications in Genetics and Molecular Biology},
  number  = {1},
  title   = {Combining Results of Microarray Experiments: A Rank Aggregation Approach},
  volume  = {5},
  year    = {2006}
}


@article{Demp:Lai:Rub,
  author  = {Dempster, A. P. and Laird, N. M. and Rubin, D. B.},
  issn    = {0035-9246},
  journal = {Journal of the Royal Statistical Society: Series B (Statistical Methodology)},
  note    = {with discussion},
  number  = {1},
  pages   = {1--38},
  title   = {Maximum likelihood from incomplete data via the {EM} algorithm},
  volume  = {39},
  year    = {1977}
}

@article{Deng2014,
  author  = {Deng, K. and Han, S. and Li, K. J. and Liu, J. S.},
  journal = {Journal of the American Statistical Association},
  number  = {507},
  pages   = {1023--1039},
  title   = {{B}ayesian Aggregation of Order-Based Rank Data},
  volume  = {109},
  year    = {2014}
}

@article{Dhanasekaran2001,
  author  = {Dhanasekaran, S. M. and Barrette, T. R. and Ghosh, D. and Shah, R. and Varambally, S. and Kurachi, K. and Pienta, K. J. and Rubin, M. A. and  Chinnaiyan, A. M.},
  journal = {Nature},
  pages   = {822--826},
  title   = {Delineation of prognostic biomarkers in prostate cancer},
  volume  = {412},
  year    = {2001}
}

@article{Diaconis1977,
  author  = {P. Diaconis and R. L. Graham},
  journal = {Journal of the Royal Statistical Society B},
  number  = {2},
  pages   = {262--268},
  title   = {Spearman's Footrule as a Measure of Disarray},
  volume  = {39},
  year    = {1977}
}

@article{diaconis1979,
  author    = {Diaconis, Persi and Ylvisaker, Donald},
  journal   = {The Annals of statistics},
  number    = {2},
  pages     = {269--281},
  publisher = {Institute of Mathematical Statistics},
  title     = {Conjugate priors for exponential families},
  volume    = {7},
  year      = {1979}
}

@article{diaconis1979conjugate,
  author    = {Diaconis, Persi and Ylvisaker, Donald},
  journal   = {The Annals of statistics},
  pages     = {269--281},
  publisher = {JSTOR},
  title     = {Conjugate priors for exponential families},
  year      = {1979}
}
  
  



@book{Diaconis1988,
  address   = {Hayward, USA},
  author    = {P. Diaconis},
  publisher = {Institute of Mathematical Statistics},
  series    = {Lecture Notes--Monograph Series},
  title     = {Group Representations in Probability and Statistics},
  volume    = {11},
  year      = {1988}
}




@article{dna,
  author    = {Bourque, Guillaume and Pevzner, Pavel A},
  journal   = {Genome research},
  number    = {1},
  pages     = {26--36},
  publisher = {Cold Spring Harbor Lab},
  title     = {Genome-scale evolution: reconstructing gene orders in the ancestral species},
  volume    = {12},
  year      = {2002}
}

@article{dna2,
  author    = {Sankoff, David and Blanchette, Mathieu},
  journal   = {Genome Informatics},
  pages     = {22--31},
  publisher = {Japanese Society for Bioinformatics},
  title     = {Phylogenetic invariants for metazoan mitochondrial genome evolution},
  volume    = {9},
  year      = {1998}
}


@article{doignon2004repeated,
  author    = {Doignon, J. P. and Peke{\v{c}}, A. and Regenwetter, M.},
  journal   = {Psychometrika},
  number    = {1},
  pages     = {33--54},
  publisher = {Springer},
  title     = {The repeated insertion model for rankings: Missing link between two subset choice models},
  volume    = {69},
  year      = {2004}
}

@inproceedings{Duchi08,
  author    = {J. Duchi and S. Shalev-Shwartz and Y. Singer and T. Chandra},
  booktitle = {Proceedings of the 25th Annual International Conference on Machine Learning (ICML 2008)},
  editor    = {Andrew McCallum and Sam Roweis},
  location  = {Helsinki, Finland},
  pages     = {272--279},
  publisher = {Omnipress},
  title     = {Efficient projections onto the {L}1-ball for learning in high dimensions},
  year      = {2008}
}


@inproceedings{Dwork2001,
  acmid     = {372165},
  address   = {New York, USA},
  author    = {Dwork, Cynthia and Kumar, Ravi and Naor, Moni and Sivakumar, D.},
  booktitle = {Proceedings of the 10th International Conference on World Wide Web},
  doi       = {10.1145/371920.372165},
  isbn      = {1-58113-348-0},
  keywords  = {metasearch, multi-word queries, rank aggregation, ranking functions, spam},
  location  = {Hong Kong, Hong Kong},
  numpages  = {10},
  pages     = {613--622},
  publisher = {ACM},
  series    = {WWW '01},
  title     = {Rank Aggregation Methods for the Web},
  url       = {http://doi.acm.org/10.1145/371920.372165},
  year      = {2001}
}

@inproceedings{dwork2001rank,
  author       = {Dwork, Cynthia and Kumar, Ravi and Naor, Moni and Sivakumar, Dandapani},
  booktitle    = {Proceedings of the 10th international conference on World Wide Web},
  organization = {ACM},
  pages        = {613--622},
  title        = {Rank aggregation methods for the web},
  year         = {2001}
}

@article{Eddelbuettel2011,
  accepted        = {2011-03-21},
  acknowledgement = {},
  author          = {Dirk Eddelbuettel and Romain Fran\c{c}ois},
  bibdate         = {2011-03-21},
  coden           = {JSSOBK},
  day             = {13},
  issn            = {1548-7660},
  journal         = {Journal of Statistical Software},
  keywords        = {},
  number          = {8},
  pages           = {1--18},
  submitted       = {2010-11-15},
  title           = {{R}cpp: {S}eamless {R} and {C}++ Integration},
  url             = {http://www.jstatsoft.org/v40/i08},
  volume          = {40},
  year            = {2011}
}





@book{Eddelbuettel2013,
  author    = {Dirk Eddelbuettel},
  publisher = {Springer New York},
  series    = {Use R!},
  title     = {Seamless {R} and {C}++ Integration with {R}cpp},
  volume    = {64},
  year      = {2013}
}

@article{Efron04,
  author  = {Efron, {B}radley and Hastie, Trevor and Johnstone, Iain and Tibshirani, Robert},
  journal = {The Annals of Statistics},
  number  = {2},
  pages   = {407--499},
  title   = {Least angle regression},
  volume  = {32},
  year    = {2004}
}

@article{Efron2007,
  author    = {Efron, {B}radley and Hastie, Trevor and Tibshirani, Robert},
  journal   = {The Annals of Statistics},
  number    = {6},
  pages     = {2358--2364},
  publisher = {The Institute of Mathematical Statistics},
  title     = {Discussion: The {D}antzig selector: Statistical estimation when p is much larger than n},
  url       = {http://dx.doi.org/10.1214/009053607000000433},
  volume    = {35},
  year      = {2007}
}

@book{efron82boot,
  address   = {Philadelphia, USA},
  author    = {Efron, Bradley},
  publisher = {SIAM},
  title     = {{The Jackknife, the Bootstrap and Other Resampling Plans}},
  year      = {1982}
}



@article{eitan06,
  author    = {Eitan, Zohar and Granot, Roni Y},
  journal   = {Music Perception: An Interdisciplinary Journal},
  number    = {3},
  pages     = {221--248},
  publisher = {JSTOR},
  title     = {How music moves},
  volume    = {23},
  year      = {2006}
}

@article{ellis1984large,
  author    = {Ellis, Richard S},
  journal   = {The Annals of Probability},
  number    = {1},
  pages     = {1--12},
  publisher = {Institute of Mathematical Statistics},
  title     = {Large deviations for a general class of random vectors},
  volume    = {12},
  year      = {1984}
}


@article{EMMjasa,
  author    = {Han Li and Minxuan Xu and Jun S. Liu and Xiaodan Fan},
  journal   = {Journal of the American Statistical Association},
  number    = {530},
  pages     = {730--746},
  publisher = {Taylor \& Francis},
  title     = {An Extended {Mallows} Model for Ranked Data Aggregation},
  volume    = {115},
  year      = {2020}
}

@inproceedings{Erp2000,
  address   = {Nijmegen, Netherlands},
  author    = {Merijn van Erp and Lambert Schomaker},
  booktitle = {Proceedings of the seventh international workshop on frontiers in handwriting recognition},
  editor    = {L.R.B. Schomaker and L.G. Vuurpijl},
  pages     = {443--452},
  publisher = {International Unipen Foundation},
  title     = {Variants Of The {B}orda Count Method For Combining Ranked Classifier Hypotheses},
  year      = {2000}
}

@manual{extmallows,
  author = {Han Li and Minxuan Xu and Jun S. Liu and Xiaodan Fan},
  note   = {R package version 0.1.0},
  title  = {{ExtMallows}: An Extended {Mallows} Model and Its Hierarchical Version for Ranked Data Aggregation},
  url    = {https://CRAN.R-project.org/package=ExtMallows},
  year   = {2018}
}

@inproceedings{Fagin2003,
  acmid     = {872795},
  address   = {New York, USA},
  author    = {Fagin, Ronald and Kumar, Ravi and Sivakumar, D.},
  booktitle = {Proceedings of the 2003 ACM SIGMOD International Conference on Management of Data},
  doi       = {10.1145/872757.872795},
  isbn      = {1-58113-634-X},
  location  = {San Diego, California},
  numpages  = {12},
  pages     = {301--312},
  publisher = {ACM},
  series    = {SIGMOD '03},
  title     = {Efficient Similarity Search and Classification via Rank Aggregation},
  url       = {http://doi.acm.org/10.1145/872757.872795},
  year      = {2003}
}


@article{Fagin2003b,
  author  = {R. Fagin and R. Kumar and D. Sivakumar},
  journal = {SIAM Journal on Discrete Mathematics},
  number  = {1},
  pages   = {134--160},
  title   = {Comparing Top k Lists},
  volume  = {17},
  year    = {2003}
}

@article{Fan2001,
  author  = {Fan, Jianqing and Li, Runze},
  journal = {Journal of the American Statistical Association},
  number  = {456},
  pages   = {1348-1360},
  title   = {Variable Selection via Nonconcave Penalized Likelihood and its Oracle Properties},
  volume  = {96},
  year    = {2001}
}


@article{favrot12,
  author    = {Favrot, S and Buchholz, JM},
  journal   = {Acta Acustica United with Acustica},
  number    = {1},
  pages     = {48--60},
  publisher = {S. Hirzel Verlag},
  title     = {Reproduction of nearby sound sources using higher-order ambisonics with practical loudspeaker arrays},
  volume    = {98},
  year      = {2012}
}

@article{FeiginCohen,
  author    = {Feigin, P and  Cohen, A},
  journal   = {Journal of the Royal Statistical Society. Series B (Methodological)},
  number    = {2},
  pages     = {203--213},
  publisher = {[Royal Statistical Society, Wiley]},
  title     = {{On a Model for Concordance Between Judges}},
  volume    = {40},
  year      = {1978}
}

@book{feller68,
  author    = {Feller, William},
  publisher = {John Wiley \& Sons New York},
  title     = {An introduction to probability theory and its applications: volume I},
  volume    = {3},
  year      = {1968}
}




@article{firth2012bradley,
  author    = {Firth, D. and Turner, H. L.},
  journal   = {Journal of Statistical Software},
  number    = {9},
  publisher = {American Statistical Association},
  title     = {Bradley-{T}erry models in {R}: the {B}radley{T}erry2 package},
  volume    = {48},
  year      = {2012}
}


@article{Fligner:Verducci-American,
  author  = {Fligner, Michael A. and Verducci, Joseph S.},
  issn    = {0162-1459},
  journal = {J. Amer. Statist. Assoc.},
  number  = {403},
  pages   = {892--901},
  title   = {Multistage ranking models},
  volume  = {83},
  year    = {1988}
}





@article{Fligner1986,
  author  = {M. A. Fligner and J. S. Verducci},
  journal = {Journal of the Royal Statistical Society B},
  number  = {3},
  pages   = {359-369},
  title   = {Distance based Ranking Models},
  volume  = {48},
  year    = {1986}
}


@article{Fligner1990,
  author    = {Fligner, Michael A. and Verducci, Joseph S.},
  doi       = {10.1007/BF02294743},
  issn      = {0033-3123},
  journal   = {Psychometrika},
  keywords  = {concordance; consensus; permutation; ranking; social welfare function},
  language  = {English},
  number    = {1},
  pages     = {53-63},
  publisher = {Springer-Verlag},
  title     = {Posterior probabilities for a consensus ordering},
  volume    = {55},
  year      = {1990}
}

@article{Francis2010,
  author  = {Francis, B. and Dittrich, R. and Hatzinger, R.},
  journal = {The Annals of Applied Statistics},
  number  = {4},
  pages   = {2181-2202},
  title   = {Modeling heterogeneity in ranked responses by nonparametric maximum likelihood: how do europeans get their scientific knowledge?},
  volume  = {4},
  year    = {2010}
}

@article{french2011aggregating,
  author    = {French, Simon},
  journal   = {Revista de la Real Academia de Ciencias Exactas, Fisicas y Naturales. Serie A. Matematicas},
  number    = {1},
  pages     = {181--206},
  publisher = {Springer},
  title     = {Aggregating expert judgement},
  volume    = {105},
  year      = {2011}
}

@article{Friedlander2007,
  author    = {Friedlander, Michael P. and Saunders, Michael A.},
  doi       = {10.1214/009053607000000479},
  journal   = {The Annals of Statistics},
  number    = {6},
  pages     = {2385--2391},
  publisher = {The Institute of Mathematical Statistics},
  title     = {Discussion: The {D}antzig selector: Statistical estimation when p is much larger than n},
  url       = {http://dx.doi.org/10.1214/009053607000000479},
  volume    = {35},
  year      = {2007}
}

@article{Friedman10,
  author  = {Jerome H. Friedman and Trevor Hastie and Robert Tibshirani},
  journal = {Journal of Statistical Software},
  number  = {1},
  pages   = {1--22},
  title   = {Regularization Paths for Generalized Linear Models via Coordinate Descent},
  volume  = {33},
  year    = {2010}
}

@article{Friedman2007,
  author  = {Friedman, Jerome and Hastie, Trevor and H\"{o}fling, Holger and Tibshirani, Robert},
  journal = {The Annals of Applied Statistics},
  number  = {2},
  pages   = {302-332},
  title   = {Pathwise coordinate optimization},
  volume  = {1},
  year    = {2007}
}

@article{Gai2013,
  author  = {Yujie Gai and Lixing Zhu and Lu Lin },
  journal = {Statistica Sinica},
  number  = {2},
  pages   = {615-634},
  title   = {MODEL SELECTION CONSISTENCY OF {D}antzig SELECTOR},
  volume  = {23},
  year    = {2013}
}


@article{gartner1977large,
  author    = {G{\"a}rtner, J{\"u}rgen},
  journal   = {Theory of Probability \& Its Applications},
  number    = {1},
  pages     = {24--39},
  publisher = {SIAM},
  title     = {On large deviations from the invariant measure},
  volume    = {22},
  year      = {1977}
}


@article{gelman1996efficient,
  author  = {A. Gelman and G. O. Roberts and W. R. Gilks},
  journal = {Bayesian statistics},
  number  = {599-608},
  pages   = {42},
  title   = {Efficient {M}etropolis jumping rules},
  volume  = {5},
  year    = {1996}
}


@article{Geman2004,
  author  = {Donald Geman and Christian d'Avignon and Daniel Q. Naiman and Raimond L. Winslow},
  journal = {Statistical Applications in Genetics and Molecular Biology},
  number  = {1},
  pages   = {Article 19},
  title   = {Classifying Gene Expression Profiles from Pairwise {mRNA} Comparison},
  volume  = {3},
  year    = {2004}
}



@article{genest1986combining,
  author    = {Genest, Christian and Zidek, James V},
  journal   = {Statistical Science},
  number    = {1},
  pages     = {114--135},
  publisher = {Institute of Mathematical Statistics},
  title     = {Combining probability distributions: A critique and an annotated bibliography},
  volume    = {1},
  year      = {1986}
}

@article{genetic_top,
  author  = {Chen, Q. R. and Vansant, G. and Oades, K. and Pickering, M. and Wei, J. S. and Song, Y. K. and Monforte, J. and Khan, J.},
  journal = {The Journal of molecular diagnostics},
  number  = {1},
  pages   = {80--88},
  title   = {{Diagnosis of the small round blue cell tumors using multiplex polymerase chain reaction}},
  volume  = {9},
  year    = {2007}
}


@book{Gentle2010,
  author    = {James E. Gentle},
  publisher = {Springer},
  series    = {Springer Texts in Statistics},
  title     = {Matrix {A}lgebra},
  year      = {2010}
}

@book{ggplot,
  author    = {Hadley Wickham},
  isbn      = {978-3-319-24277-4},
  publisher = {Springer-Verlag New York},
  title     = {ggplot2: Elegant Graphics for Data Analysis},
  url       = {https://ggplot2.tidyverse.org},
  year      = {2016}
}

@article{gideon1987rank,
  author    = {Gideon, Rudy A and Hollister, Robert A},
  journal   = {Journal of the American Statistical Association},
  number    = {398},
  pages     = {656--666},
  publisher = {Taylor \& Francis},
  title     = {A rank correlation coefficient resistant to outliers},
  volume    = {82},
  year      = {1987}
}
	


@incollection{Gleser1990,
  address   = {Providence, RI, USA},
  author    = {Leon Jay Gleser},
  booktitle = {Statistical Analysis of Measurement Error Models and Applications},
  editor    = {P.J. Brown and W.A. Fuller},
  publisher = {American Mathematical Society},
  series    = {Contemporary Mathematics},
  title     = {Improvement of the Naive Approach to Estimation in Nonlinear Errors-in-Variables Regression Models},
  volume    = {112},
  year      = {1990}
}

@article{glickman1999parameter,
  author    = {Glickman, Mark E},
  journal   = {Applied Statistics},
  pages     = {377--394},
  publisher = {JSTOR},
  title     = {Parameter estimation in large dynamic paired comparison experiments},
  year      = {1999}
}

@article{gnedin2016spherically,
  author  = {Gnedin, Alexander and Gorin, Vadim},
  journal = {arXiv preprint arXiv:1611.01860},
  title   = {Spherically Symmetric Random Permutations},
  year    = {2016}
}



@article{godoy06,
  author = {God{\o}y, Rolf I and Haga, Egil and Jensenius, Alexander Refsum},
  title  = {Exploring music-related gestures by sound-tracing: A preliminary study},
  year   = {2006}
}
  


@article{godoy06gestural,
  author    = {God{\o}y, Rolf Inge},
  journal   = {Organised Sound},
  number    = {02},
  pages     = {149--157},
  publisher = {Cambridge University Press},
  title     = {Gestural-Sonorous Objects: embodied extensions of {S}chaeffer's conceptual apparatus},
  volume    = {11},
  year      = {2006}
}

@article{godoy10,
  author    = {God{\o}y, Rolf Inge},
  journal   = {Organised Sound},
  number    = {01},
  pages     = {54--62},
  publisher = {Cambridge Univ Press},
  title     = {Images of sonic objects},
  volume    = {15},
  year      = {2010}
}

@article{Goibert2022,
  author  = {Goibert, Morgane and Cl{\'e}men{\c{c}}on, St{\'e}phan and Irurozki, Ekhine and Mozharovskyi, Pavlo},
  journal = {arXiv preprint arXiv:2201.08105},
  title   = {Statistical depth functions for ranking distributions: definitions, statistical learning and applications},
  year    = {2022}
}
@article{Goibert2023,
  author  = {Goibert, Morgane and Calauz{\`e}nes, Cl{\'e}ment and Irurozki, Ekhine and Cl{\'e}men{\c{c}}on, St{\'e}phan},
  journal = {arXiv preprint arXiv:2303.12878},
  title   = {Robust Consensus in Ranking Data Analysis: Definitions, Properties and Computational Issues},
  year    = {2023}
}
  
@unpublished{Gopalan2006,
  author = {P. Gopalan and T.S. Jayram and R. Krauthgamer and R. Kumar},
  note   = {Research Microsoft Publications},
  title  = {Approximating the Longest Increasing Sequence and Distance from Sortedness in a Data Stream},
  year   = 2006
}

@article{gormley2006analysis,
  author    = {Gormley, I. C. and Murphy, T. B.},
  journal   = {Journal of the Royal Statistical Society A},
  number    = {2},
  pages     = {361--379},
  publisher = {Wiley Online Library},
  title     = {Analysis of {I}rish {T}hird-{L}evel {C}ollege {A}pplications {D}ata},
  volume    = {169},
  year      = {2006}
}

@article{gormley2008exploring,
  author    = {Gormley, Isobel Claire and Murphy, Thomas Brendan},
  journal   = {Journal of the American Statistical Association},
  number    = {483},
  pages     = {1014--1027},
  publisher = {Taylor \& Francis},
  title     = {{Exploring voting blocs within the Irish electorate: A mixture modeling approach}},
  volume    = {103},
  year      = {2008}
}

@article{gormley2008mixture,
  author    = {Gormley, Isobel Claire and Murphy, Thomas Brendan},
  journal   = {The Annals of Applied Statistics},
  number    = {4},
  pages     = {1452--1477},
  publisher = {Institute of Mathematical Statistics},
  title     = {A {M}ixture of {E}xperts {M}odel for {R}ank {D}ata with {A}pplications in {E}lection {S}tudies},
  volume    = {2},
  year      = {2008}
}

@incollection{Grant08,
  author        = {M. Grant and S. Boyd},
  booktitle     = {Recent Advances in Learning and Control},
  date-added    = {2012-12-25 00:54:08 +0000},
  date-modified = {2012-12-25 00:55:34 +0000},
  editor        = {V. Blondel and S. Boyd and H. Kimura},
  pages         = {95--110},
  publisher     = {Springer-Verlag Limited},
  series        = {Lecture Notes in Control and Information Sciences},
  title         = {Graph implementations for nonsmooth convex programs},
  year          = {2008}
}

@incollection{green1992metropolis,
  author    = {P. J. Green and X. I. Han},
  booktitle = {Stochastic Models, Statistical methods, and Algorithms in Image Analysis},
  pages     = {142--164},
  publisher = {Springer},
  title     = {Metropolis methods, {G}aussian proposals and antithetic variables},
  year      = {1992}
}

@article{Green1995,
  author  = {Green, Peter J.},
  doi     = {10.1093/biomet/82.4.711},
  eprint  = {http://biomet.oxfordjournals.org/content/82/4/711.full.pdf+html},
  journal = {Biometrika},
  number  = {4},
  pages   = {711-732},
  title   = {Reversible jump {M}arkov chain {M}onte {C}arlo computation and {B}ayesian model determination},
  url     = {http://biomet.oxfordjournals.org/content/82/4/711.abstract},
  volume  = {82},
  year    = {1995}
}

@article{Greenshtein2004,
  author              = {Greenshtein, Eitan and Ritov, Ya'Acov},
  copyright           = {Copyright © 2004 International Statistical Institute (ISI) and Bernoulli Society for Mathematical Statistics and Probability},
  issn                = {13507265},
  journal             = {Bernoulli},
  jstor_articletype   = {research-article},
  jstor_formatteddate = {Dec., 2004},
  jstor_issuetitle    = {},
  language            = {English},
  number              = {6},
  pages               = {pp. 971-988},
  publisher           = {International Statistical Institute (ISI) and Bernoulli Society for Mathematical Statistics and Probability},
  title               = {Persistence in High-Dimensional Linear Predictor Selection and the Virtue of Overparametrization},
  url                 = {http://www.jstor.org/stable/3318880},
  volume              = {10},
  year                = {2004}
}

@article{grond2011,
  author  = {Grond, Florian and Jonathan Berger},
  journal = {In Thomas Hermann, Andrew D. Hunt, and John Neuhoff (eds.), The Sonification Handbook},
  pages   = {363--398},
  title   = {Parameter {M}apping {S}onification},
  year    = {2011}
}
@inproceedings{guiver2009,
  author       = {Guiver, J. and Snelson, E.},
  booktitle    = {proceedings of the 26th annual international conference on machine learning},
  organization = {ACM},
  pages        = {377--384},
  title        = {Bayesian inference for {P}lackett-{L}uce ranking models},
  year         = {2009}
}



@article{Guyon2002,
  author    = {Guyon, Isabelle and Weston, Jason and Barnhill, Stephen and Vapnik, Vladimir},
  doi       = {10.1023/A:1012487302797},
  issn      = {0885-6125},
  journal   = {Machine Learning},
  keywords  = {diagnosis; diagnostic tests; drug discovery; RNA expression; genomics; gene selection; DNA micro-array; proteomics; cancer classification; feature selection; support vector machines; recursive feature elimination},
  language  = {English},
  number    = {1-3},
  pages     = {389-422},
  publisher = {Kluwer Academic Publishers},
  title     = {Gene Selection for Cancer Classification using Support Vector Machines},
  url       = {http://dx.doi.org/10.1023/A%3A1012487302797},
  volume    = {46},
  year      = {2002}
}

@article{Hanfelt97,
  author    = {Hanfelt, John J. and Liang, Kung-Yee},
  doi       = {10.1111/1467-9868.00087},
  issn      = {1467-9868},
  journal   = {Journal of the Royal Statistical Society B},
  keywords  = {Conditional score, Measurement error, Multiple roots, Quasi-likelihood, Wald test},
  number    = {3},
  pages     = {627--637},
  publisher = {Blackwell Publishers Ltd.},
  title     = {Approximate Likelihoods for Generalized Linear Errors-in-variables Models},
  url       = {http://dx.doi.org/10.1111/1467-9868.00087},
  volume    = {59},
  year      = {1997}
}

@book{Hastie09,
  author        = {Trevor Hastie and Robert Tibshirani and Jerome Friedman},
  date-added    = {2013-01-10 13:08:02 +0000},
  date-modified = {2013-01-10 13:08:02 +0000},
  publisher     = {Springer},
  title         = {The Elements of Statistical Learning},
  year          = {2009}
}


@article{Hein05,
  author        = {Anne-Mette K. Hein and Sylvia Richardson and Helen C. Causton and Graeme K. Ambler and Peter J. Green},
  date-added    = {2012-12-01 16:21:40 +0000},
  date-modified = {2012-12-01 16:22:53 +0000},
  journal       = {Biostatistics},
  number        = {3},
  pages         = {349--373},
  title         = {{BGX}: a fully {B}ayesian integrated approach to the analysis of {A}ffymetrix {G}ene{C}hip data},
  volume        = {6},
  year          = {2005}
}




	

@article{Hein2006,
  author   = {Hein, Anne-Mette and Richardson, Sylvia},
  doi      = {10.1186/1471-2105-7-353},
  issn     = {1471-2105},
  journal  = {BMC Bioinformatics},
  number   = {1},
  pages    = {353},
  pubmedid = {16857053},
  title    = {A powerful method for detecting differentially expressed genes from {G}ene{C}hip arrays that does not require replicates},
  url      = {http://www.biomedcentral.com/1471-2105/7/353},
  volume   = {7},
  year     = {2006}
}

@article{Henderson,
  author    = {Henderson, Daniel A. and Kirrane, Liam J.},
  doi       = {10.1214/17-BA1048},
  journal   = {Bayesian Analysis},
  number    = {2},
  pages     = {335--358},
  publisher = {International Society for Bayesian Analysis},
  title     = {{A Comparison of Truncated and Time-Weighted {P}lackett-{L}uce Models for Probabilistic Forecasting of Formula One Results}},
  url       = {https://doi.org/10.1214/17-BA1048},
  volume    = {13},
  year      = {2018}
}

@article{Henery-Royal,
  author  = {Henery, Robert J.},
  issn    = {0035-9246},
  journal = {Journal of the Royal Statistical Society: Series B (Statistical Methodology)},
  number  = {1},
  pages   = {86--91},
  title   = {Permutation probabilities as models for horse races},
  volume  = {43},
  year    = {1981}
}

@book{hermann11,
  author    = {Hermann, Thomas and Hunt, Andy and Neuhoff, John G},
  publisher = {Logos Verlag Berlin},
  title     = {The sonification handbook},
  year      = {2011}
}

@article{Hoerl1970,
  author  = {Hoerl, Arthur E. and Kennard, Robert W.},
  journal = {Technometrics},
  number  = {1},
  pages   = {55-67},
  title   = {Ridge Regression: Biased Estimation for Nonorthogonal Problems},
  volume  = {12},
  year    = {1970}
}

@book{hoff09,
  author    = {Hoff, Peter D},
  publisher = {Springer Science \& Business Media},
  title     = {A first course in {B}ayesian statistical methods},
  year      = {2009}
}


@manual{Hornik12,
  author        = {Kurt Hornik and Stefan Theussl},
  date-added    = {2013-02-27 14:07:01 +0000},
  date-modified = {2013-02-27 14:07:28 +0000},
  title         = {Rglpk: R/GNU Linear Programming Kit Interface},
  year          = {2012}
}


@article{Huber1964,
  author  = {Huber, P J},
  doi     = {https://doi.org/10.1214/aoms/1177703732},
  journal = {The Annals of Mathematical Statistics},
  number  = {1},
  pages   = {73--101},
  title   = {Robust Estimation of a Location Parameter},
  volume  = {35},
  year    = {1964}
}


@inproceedings{Huber1967,
  address   = {Berkeley, CA, USA},
  author    = {Huber, Peter J.},
  booktitle = {Proceedings of the Fifth Berkeley Symposium on Mathematical Statistics and Probability},
  pages     = {221--233},
  publisher = {University of California Press},
  title     = {The behavior of maximum likelihood estimates under nonstandard conditions},
  url       = {http://projecteuclid.org/euclid.bsmsp/1200512988},
  volume    = {1},
  year      = {1967}
}


@article{hubert1985comparing,
  author    = {Hubert, Lawrence and Arabie, Phipps},
  journal   = {Journal of classification},
  pages     = {193--218},
  publisher = {Springer},
  title     = {Comparing partitions},
  volume    = {2},
  year      = {1985}
}

@article{hullermeier2008label,
  author    = {H{\"u}llermeier, Eyke and F{\"u}rnkranz, Johannes and Cheng, Weiwei and Brinker, Klaus},
  journal   = {Artificial Intelligence},
  number    = {16},
  pages     = {1897--1916},
  publisher = {Elsevier},
  title     = {Label ranking by learning pairwise preferences},
  volume    = {172},
  year      = {2008}
}
\
@article{Hunter2004,
  author  = {Hunter, D. R.},
  journal = {The Annals of Statistics},
  number  = {1},
  pages   = {384--406},
  title   = {{MM} Algorithms for Generalized {B}radley-{T}erry Models},
  volume  = {32},
  year    = {2004}
}

@article{irurozki2014Ham,
  author     = {Ekhine Irurozki and Borja Calvo and Jose A. Lozano},
  bdsk-url-1 = {https://doi.org/10.3150/17-BEJ1017},
  bdsk-url-2 = {http://dx.doi.org/10.3150/17-BEJ1017},
  doi        = {10.3150/17-BEJ1017},
  journal    = {Bernoulli},
  keywords   = {Generalized Mallows Model, Hamming, learning, Mallows model, Matching, sampling},
  number     = {2},
  pages      = {1160 -- 1188},
  publisher  = {Bernoulli Society for Mathematical Statistics and Probability},
  title      = {{Mallows and generalized Mallows model for matchings}},
  url        = {https://doi.org/10.3150/17-BEJ1017},
  volume     = {25},
  year       = {2019}
}

@article{irurozki2016permallows,
  author  = {Irurozki, E. and Calvo, B. and Lozano, A.},
  journal = {Journal of Statistical Software},
  number  = {12},
  pages   = {1--30},
  title   = {Per{M}allows: An {R} Package for {M}allows and Generalized {M}allows models},
  volume  = {71},
  year    = 2016
}

@article{irurozki2016sampling,
  author  = {Irurozki, E. and Calvo, B. and Lozano, A.},
  journal = {Methodology and Computing in Applied Probability},
  number  = {1},
  pages   = {1--35},
  title   = {Sampling and learning the {M}allows and Generalized {M}allows models under the {C}ayley distance},
  volume  = {20},
  year    = {2018}
}



@phdthesis{IrurozkiThesis,
  author = {Irurozki, Ekhi{\~n}e},
  school = {Department of Computer Science and Artificial
            Intelligence of the University of the Basque Country},
  title  = {Sampling and learning distance-based probability models for permutation spaces},
  year   = {2014}
}




@article{jacobs,
  author    = {Jacobs, Robert A and Jordan, Michael I and Nowlan, Steven J and Hinton, Geoffrey E},
  journal   = {Neural {C}omputation},
  number    = {1},
  pages     = {79--87},
  publisher = {MIT Press},
  title     = {Adaptive {M}ixtures of {L}ocal {E}xperts},
  volume    = {3},
  year      = {1991}
}



  
  
  @article{Jacques2014,
  author  = {Jacques, J. and Biernacki, C.},
  journal = {Journal of Statistical Planning and Inference},
  number  = {},
  pages   = {201-217},
  title   = {Model-{B}ased {C}lustering for {M}ultivariate {P}artial {R}anking {D}ata},
  volume  = {149},
  year    = {2014}
}


  

@article{James09,
  author     = {James, Gareth M. and Radchenko, Peter},
  bdsk-url-1 = {http://dx.doi.org/10.1093/biomet/asp013},
  coden      = {BIOKAX},
  doi        = {10.1093/biomet/asp013},
  fjournal   = {Biometrika},
  issn       = {0006-3444},
  journal    = {Biometrika},
  mrclass    = {Database Expansion Item},
  mrnumber   = {2507146},
  number     = {2},
  pages      = {323--337},
  title      = {A generalized {D}antzig selector with shrinkage tuning},
  volume     = {96},
  year       = {2009}
}

@article{James2009b,
  author    = {James, Gareth M. and Radchenko, Peter and Lv, Jinchi},
  doi       = {10.1111/j.1467-9868.2008.00668.x},
  issn      = {1467-9868},
  journal   = {Journal of the Royal Statistical Society B},
  keywords  = {{D}antzig selector, DASSO, Lasso, Least angle regression},
  number    = {1},
  pages     = {127--142},
  publisher = {Blackwell Publishing Ltd},
  title     = {{DASSO}: connections between the {D}antzig selector and lasso},
  url       = {http://dx.doi.org/10.1111/j.1467-9868.2008.00668.x},
  volume    = {71},
  year      = {2009}
}


@article{Jasra2005,
  author  = {A. Jasra and C.C. Holmes and D.A. Stephens},
  journal = {Statistical Science},
  number  = {1},
  pages   = {50-67},
  title   = {Markov Chain {M}onte {C}arlo Methods and the Label Switching Problem in {B}ayesian Mixture Modeling},
  volume  = {20},
  year    = {2005}
}


@article{jordan,
  author    = {Jordan, Michael I and Jacobs, Robert A},
  journal   = {Neural {C}omputation},
  number    = {2},
  pages     = {181--214},
  publisher = {MIT Press},
  title     = {Hierarchical {M}ixtures of {E}xperts and the EM {A}lgorithm},
  volume    = {6},
  year      = {1994}
}

@inproceedings{Kamishima2003,
  address   = {New York, USA},
  author    = {Kamishima, T.},
  booktitle = {Proceedings of the Ninth ACM SIGKDD International Conference on Knowledge Discovery and Data Mining},
  location  = {Washington, D.C.},
  numpages  = {6},
  pages     = {583--588},
  publisher = {ACM},
  title     = {Nantonac Collaborative Filtering: Recommendation Based on Order Responses},
  year      = {2003}
}

@book{kemeny,
  author    = {Kemeny, John George and Snell, James Laurie},
  publisher = {Blaisdell Publishing Company},
  title     = {Mathematical models in the social sciences},
  year      = {1962}
}

@article{kendall1945treatment,
  author    = {Kendall, Maurice G},
  journal   = {Biometrika},
  number    = {3},
  pages     = {239--251},
  publisher = {JSTOR},
  title     = {The treatment of ties in ranking problems},
  volume    = {33},
  year      = {1945}
}

@book{kendall1970rank,
  author    = {Kendall, Maurice George},
  publisher = {4th ed. Griffin London},
  title     = {Rank correlation methods},
  year      = {1970}
}

@inproceedings{kenyon2007rank,
  author    = {Kenyon-Mathieu, Claire and Schudy, Warren},
  booktitle = {Proceedings of the thirty-ninth annual ACM symposium on Theory of computing},
  pages     = {95--103},
  title     = {How to rank with few errors},
  year      = {2007}
}





@article{khan,
  author        = {Khan, Javed and Wei, Jun S. and Ringn{\'e}r, Markus and Saal, Lao H. and Ladanyi, Marc and Westermann, Frank and Berthold, Frank and Schwab, Manfred and Antonescu, Cristina R. and Peterson, Carsten and Meltzer, Paul S.},
  bdsk-url-1    = {https://doi.org/10.1038/89044},
  bdsk-url-2    = {http://dx.doi.org/10.1038/89044},
  da            = {2001/06/01},
  date-added    = {2022-08-19 20:23:36 +0000},
  date-modified = {2022-08-19 20:23:36 +0000},
  doi           = {10.1038/89044},
  id            = {Khan2001},
  isbn          = {1546-170X},
  journal       = {Nature Medicine},
  number        = {6},
  pages         = {673--679},
  title         = {Classification and diagnostic prediction of cancers using gene expression profiling and artificial neural networks},
  ty            = {JOUR},
  url           = {https://doi.org/10.1038/89044},
  volume        = {7},
  year          = {2001}
}

@article{Kipnis2003,
  author  = {Kipnis, Victor and Subar, Amy F. and Midthune, Douglas and Freedman, Laurence S. and Ballard-Barbash, Rachel and Troiano, Richard P. and Bingham, Sheila and Schoeller, Dale A. and Schatzkin, Arthur and Carroll, Raymond J.},
  journal = {American Journal of Epidemiology},
  number  = {1},
  pages   = {14-21},
  title   = {Structure of Dietary Measurement Error: Results of the OPEN Biomarker Study},
  volume  = {158},
  year    = {2003}
}

@article{KleinmanIbrahim1998,
  author  = {K.P. Kleinman and J.G. Ibrahim},
  journal = {Statist. Med.},
  pages   = {2579-2596},
  title   = {A semi-parametric {B}ayesian approach to generalized linear mixed models},
  volume  = {17},
  year    = {1998}
}

@article{knight1966computer,
  author    = {Knight, William R},
  journal   = {Journal of the American Statistical Association},
  number    = {314},
  pages     = {436--439},
  publisher = {Taylor \& Francis},
  title     = {A computer method for calculating Kendall's tau with ungrouped data},
  volume    = {61},
  year      = {1966}
}



@article{Knight2000,
  author  = {Knight, Keith and Fu, Wenjiang},
  journal = {The Annals of Statistics},
  number  = {5},
  pages   = {1356--1378},
  title   = {Asymptotics for Lasso-Type Estimators},
  volume  = {28},
  year    = {2000}
}


@article{Kolde2012,
  author  = {Kolde, Raivo and Laur, Sven and Adler, Priit and Vilo, Jaak},
  journal = {Bioinformatics},
  number  = {4},
  pages   = {573-580},
  title   = {Robust rank aggregation for gene list integration and meta-analysis},
  volume  = {28},
  year    = {2012}
}

@article{Kristensen12,
  journal = {Proceedings of the National Academy of Sciences},
  number  = {8},
  pages   = {2802-2807},
  title   = {Integrated molecular profiles of invasive breast tumors and ductal carcinoma in situ (DCIS) reveal differential vascular and interleukin signaling},
  volume  = {109},
  year    = {2012}
}


@article{krumhansl96,
  author    = {Krumhansl, Carol L},
  journal   = {Music Perception: An Interdisciplinary Journal},
  number    = {3},
  pages     = {401--432},
  publisher = {University of California Press Journals},
  title     = {A perceptual analysis of {M}ozart's {P}iano {S}onata {K}. 282: Segmentation, tension, and musical ideas},
  volume    = {13},
  year      = {1996}
}


@inproceedings{kumar,
  address   = {New York, NY, USA},
  author    = {Kumar, Ravi and Vassilvitskii, Sergei},
  booktitle = {Proceedings of the 19th International Conference on World Wide Web},
  doi       = {10.1145/1772690.1772749},
  isbn      = {9781605587998},
  keywords  = {kendall's tau, metrics, permutation distances, spearman footrule},
  location  = {Raleigh, North Carolina, USA},
  numpages  = {10},
  pages     = {571–580},
  publisher = {Association for Computing Machinery},
  series    = {WWW '10},
  title     = {Generalized Distances between Rankings},
  url       = {https://doi.org/10.1145/1772690.1772749},
  year      = {2010}
}


@manual{LARSpackage,
  author = {Trevor Hastie and Brad Efron},
  note   = {R package version 1.2},
  title  = {lars: Least Angle Regression, Lasso and Forward Stagewise},
  url    = {http://CRAN.R-project.org/package=lars},
  year   = {2013}
}



@article{LebanonMao2008,
  author  = {Lebanon, G. and  Mao, Y.},
  journal = {Journal of Machine Learning Research},
  number  = {},
  pages   = {2401--2429},
  title   = {Non-parametric modeling of partially ranked data},
  volume  = {9},
  year    = {2008}
}


@article{lee2010distance,
  author    = {Lee, Paul H and Yu, Philip L H},
  journal   = {Computational Statistics \& Data Analysis},
  number    = {6},
  pages     = {1672--1682},
  publisher = {Elsevier},
  title     = {Distance-based tree models for ranking data},
  volume    = {54},
  year      = {2010}
}


@article{lee2012mixtures,
  author    = {Lee, Paul H and Yu, Philip L H},
  journal   = {Computational Statistics \& Data Analysis},
  number    = {8},
  pages     = {2486--2500},
  publisher = {Elsevier},
  title     = {Mixtures of {W}eighted {D}istance-{B}ased {M}odels for {R}anking {D}ata with {A}pplications in {P}olitical {S}tudies},
  volume    = {56},
  year      = {2012}
} 


@inproceedings{leman12,
  author       = {Leman, Marc},
  booktitle    = {Journ{\'e}es d'informatique musicale (JIM-2012)},
  organization = {Universit{\'e} de Mons},
  pages        = {5--7},
  title        = {Musical gestures and embodied cognition},
  year         = {2012}
}


    
@article{Liang2009,
  author  = {Liang, Hua and Li, Runze},
  journal = {Journal of the American Statistical Association},
  number  = {485},
  pages   = {234-248},
  title   = {Variable Selection for Partially Linear Models With Measurement Errors},
  volume  = {104},
  year    = {2009}
}


@article{Lin2009,
  author  = {Lin, S. and Ding, J.},
  journal = {Biometrics},
  number  = {1},
  pages   = {9--18},
  title   = {Integration of Ranked Lists via Cross Entropy {M}onte {C}arlo with Applications to m{RNA} and micro{RNA} Studies},
  volume  = {65},
  year    = {2009}
}
	

@article{little2011calibrated,
  author    = {Little, R.},
  journal   = {Statistical Science},
  number    = {2},
  pages     = {162--174},
  publisher = {Institute of Mathematical Statistics},
  title     = {{Calibrated {B}ayes, for Statistics in General, and Missing Data in Particular}},
  volume    = {26},
  year      = {2011}
}


@book{little2019statistical,
  author    = {Little, Roderick JA and Rubin, Donald B},
  publisher = {John Wiley \& Sons},
  title     = {{Statistical Analysis with Missing Data}},
  year      = {2019}
}


@article{Liu2013,
  ajournal  = {Electron. J. Statist.},
  author    = {Liu, Hanzhong and Yu, Bin},
  doi       = {10.1214/14-EJS875},
  journal   = {Electronic Journal of Statistics},
  pages     = {3124--3169},
  publisher = {The Institute of Mathematical Statistics and the Bernoulli Society},
  title     = {Asymptotic properties of {L}asso+mLS and {L}asso+{R}idge in sparse high-dimensional linear regression},
  url       = {http://dx.doi.org/10.1214/14-EJS875},
  volume    = {7},
  year      = {2013}
}


@article{Liu2019,
  author  = {Liu, Qinghua and Crispino, Marta and Scheel, Ida  and Vitelli, Valeria and Frigessi, Arnoldo},
  doi     = {10.1146/annurev-statistics-031017-100213},
  journal = {Annual Review of Statistics and Its Application},
  number  = {1},
  pages   = {329-354},
  title   = {{Model-Based Learning from Preference Data}},
  volume  = {6},
  year    = {2019}
}

@article{Lock15102013,
  author     = {Lock, Eric F. and Dunson, David B.},
  bdsk-url-1 = {http://bioinformatics.oxfordjournals.org/content/29/20/2610.abstract},
  bdsk-url-2 = {http://dx.doi.org/10.1093/bioinformatics/btt425},
  doi        = {10.1093/bioinformatics/btt425},
  eprint     = {http://bioinformatics.oxfordjournals.org/content/29/20/2610.full.pdf+html},
  journal    = {Bioinformatics},
  number     = {20},
  pages      = {2610-2616},
  title      = {{B}ayesian consensus clustering},
  url        = {http://bioinformatics.oxfordjournals.org/content/29/20/2610.abstract},
  volume     = {29},
  year       = {2013}
}

@article{Lockhart2014,
  author    = {Lockhart, Richard and Taylor, Jonathan and Tibshirani, Ryan J. and Tibshirani, Robert},
  journal   = {The Annals of Statistics},
  number    = {2},
  pages     = {413--468},
  publisher = {The Institute of Mathematical Statistics},
  title     = {A significance test for the lasso},
  url       = {http://dx.doi.org/10.1214/13-AOS1175},
  volume    = {42},
  year      = {2014}
}


@article{Loh12,
  author        = {Po-Ling Loh and Martin J. Wainwright},
  date-added    = {2012-12-01 13:32:54 +0000},
  date-modified = {2012-12-01 13:33:26 +0000},
  journal       = {The Annals of Statistics},
  number        = {3},
  pages         = {1637--1664},
  title         = {High-dimensional regression with noisy and missing data: Provable guarantees with nonconvexity},
  volume        = {40},
  year          = {2012}
}


@article{lomeli19,
  author  = {Lomel{\'\i}, M. and Rowland, M. and Gretton, A. and Ghahramani, Z.},
  doi     = {10.1007/s11222-019-09859-z},
  isbn    = {1573-1375},
  journal = {Statistics and Computing},
  number  = {5},
  pages   = {1127--1147},
  title   = {Antithetic and {Monte Carlo} kernel estimators for partial rankings},
  volume  = {29},
  year    = {2019}
}



@inproceedings{Lu2011,
  address   = {New York, USA},
  author    = { Lu, T. and  Boutilier, C.},
  booktitle = {Proceedings of the 28th International Conference on Machine Learning},
  editor    = {Lise Getoor and Tobias Scheffer},
  isbn      = {978-1-4503-0619-5},
  location  = {Bellevue, Washington, USA},
  pages     = {145--152},
  publisher = {ACM},
  series    = {ICML '11},
  title     = {Learning {M}allows Models with Pairwise Preferences},
  year      = {2011}
}


 @article{Lu2015,
  author  = {Lu, T. and  Boutilier, C.},
  journal = {Journal of Machine Learning Research},
  pages   = {3783--3829},
  title   = {Effective Sampling and Learning for {M}allows Models with Pairwise-Preference Data},
  volume  = {15},
  year    = {2014}
}

@book{Luce1959,
  address   = {New York, USA},
  author    = {R. D. {L}uce},
  publisher = {Wiley},
  title     = {{Individual Choice Behavior: A Theoretical Analysis}},
  year      = {1959}
}

@article{Luo2001,
  author  = {Luo, J. and Duggan, D. J. and Chen, Y. and Sauvageot, J. and Ewing, C. M. and Bittner, M. L. and Trent, J. M. and Isaacs, W. B.},
  journal = {Cancer Research},
  number  = {12},
  pages   = {4683-4688},
  title   = {Human Prostate Cancer and Benign Prostatic Hyperplasia: Molecular Dissection by Gene Expression Profiling},
  volume  = {61},
  year    = {2001}
}


    @article{Ma10,
  author  = {Yanyuan Ma and Runze Li},
  journal = {Bernoulli},
  title   = {Variable selection in measurement error models},
  year    = {2010}
}

@article{Ma2010,
  author  = {Ma, Yanyuan and Li, Runze},
  journal = {Bernoulli},
  number  = {1},
  pages   = {274--300},
  title   = {Variable selection in measurement error models},
  volume  = {16},
  year    = {2010}
}

@article{Mallows1957,
  author  = {C. L. Mallows},
  journal = {Biometrika},
  number  = {1/2},
  pages   = {114--130},
  title   = {{Non-Null Ranking Models. {I}}},
  volume  = {44},
  year    = {1957}
}

@book{Marden1995,
  author    = {J. I. Marden},
  publisher = {Chapman \& Hall},
  series    = {Monographs on Statistics and Applied Probability},
  title     = {Analyzing and Modeling Rank Data},
  volume    = {64},
  year      = {1995}
}

@article{marentakis13,
  author    = {Marentakis, Georgios and McAdams, Stephen},
  journal   = {ACM Transactions on Applied Perception (TAP)},
  number    = {4},
  pages     = {22},
  publisher = {ACM},
  title     = {Perceptual impact of gesture control of spatialization},
  volume    = {10},
  year      = {2013}
}



@article{Margolin2006,
  author  = {Margolin, A. A. and Nemenman, I. and Basso, K. and Wiggins, C. and Stolovitzky, G. and Favera, R. D. and Califano, A.},
  journal = {BMC Bioinformatics},
  number  = {Suppl 1},
  pages   = {S7},
  title   = {{ARACNE}: {A}n Algorithm for the Reconstruction of Gene Regulatory Networks in a Mammalian Cellular Context},
  volume  = {7},
  year    = {2006}
}


@article{Markovsky07,
  author  = {Ivan Markovsky and Sabine Van Huffel},
  journal = {Signal Processing},
  number  = {10},
  pages   = {2283--2302},
  title   = {Overview of total least-squares methods},
  volume  = {87},
  year    = {2007}
}



@inproceedings{McCullagh1993,
  address   = {New York},
  author    = {McCullagh, Peter},
  booktitle = {Probability Models and Statistical Analyses for Ranking Data},
  editor    = {Fligner, Michael A. and Verducci, Joseph S.},
  pages     = {278--283},
  publisher = {Springer New York},
  title     = {Models on Spheres and Models for Permutations},
  year      = {1993}
}

@book{mclachan,
  author = {Mclachlan, G. and Krishnan, Thriyambakam},
  isbn   = {0471201707},
  month  = {01},
  title  = {The {EM} Algorithm and Extensions},
  series = {Wiley Series in Probability and Statistics},
  year   = {2007}
}

@book{mclachan2000,
  author    = {Mclachlan, G. and Peel, David},
  month     = {09},
  pages     = {},
  publisher = {New York: Wiley},
  title     = {Finite Mixture Models},
  year      = {2000}
}

@inproceedings{Meila:Bao-UAI,
  author    = {Meil{\u{a}}, Marina and Bao, Le},
  booktitle = {Proceedings of the 24th Conference on Uncertainty in Artificial Intelligence -- UAI 2008},
  editor    = {McAllester, David and Myllymaki, Petri},
  isbn      = {0-9749039-4-9},
  pages     = {393--402},
  place     = {Corvallis},
  publisher = {AUAI Press},
  title     = {Estimation and clustering with infinite rankings},
  year      = {2008}
}
	
@inproceedings{Meila:Chen,
  author    = {Meil{\u{a}}, Marina and Chen, Harr},
  booktitle = {Proceedings of the 26th Conference on Uncertainty in Artificial Intelligence -- UAI 2010},
  editor    = {Gr{\"{u}}nwald, Peter D. and Spirtes, Peter},
  pages     = {358--367},
  place     = {Corvallis},
  title     = {Dirichlet process mixtures of {G}eneralized {M}allows models},
  year      = {2010}
}
	


@inproceedings{Meila2010,
  address   = {Corvallis, OR, USA},
  author    = {M. Meil\v{a} and H. Chen},
  booktitle = {Proceedings of the Twenty-Sixth Conference Annual Conference on Uncertainty in Artificial Intelligence (UAI-10)},
  pages     = {358--367},
  publisher = {AUAI Press},
  title     = {{D}irichlet Process Mixtures of Generalized {M}allows Models},
  year      = {2010}
}



@article{MeilaBao2010,
  author  = {M. Meil\v{a} and L. Bao},
  journal = {Journal of Machine Learning Research},
  pages   = {3481-3518},
  title   = {An Exponential Model for Infinite Rankings},
  volume  = {11},
  year    = {2010}
}

@article{Meinshausen10,
  author    = {Meinshausen, Nicolai and Bühlmann, Peter},
  doi       = {10.1111/j.1467-9868.2010.00740.x},
  issn      = {1467-9868},
  journal   = {Journal of the Royal Statistical Society B},
  keywords  = {High dimensional data, Resampling, Stability selection, Structure estimation},
  number    = {4},
  pages     = {417--473},
  publisher = {Blackwell Publishing Ltd},
  title     = {Stability selection},
  url       = {http://dx.doi.org/10.1111/j.1467-9868.2010.00740.x},
  volume    = {72},
  year      = {2010}
}

@article{Meinshausen2006,
  author  = {Meinshausen, Nicolai and B{\"u}hlmann, Peter},
  journal = {The Annals of Statistics},
  number  = {3},
  pages   = {1436--1462},
  title   = {High-Dimensional Graphs and Variable Selection with the Lasso},
  volume  = {34},
  year    = {2006}
}


@article{Meyer2009,
  author  = {Meyer, David and Hornik, Kurt},
  journal = {Journal of Statistical Software},
  number  = {2},
  pages   = {1--27},
  title   = {Generalized and Customizable Sets in {R}},
  volume  = {31},
  year    = {2009}
}



@article{Meyer2014,
  author  = {Hornik, Kurt and Meyer, David},
  journal = {R package version 0.5},
  title   = {relations: Data Structures and Algorithms for Relations},
  year    = {2014}
}


@article{MicMaREF,
  author  = {Bj{\o}rn Naume and Xi Zhao and Marit Synnestvedt and Elin Borgen and Hege Giercksky Russnes and Ole C. Lingj{\ae}rde and Maria Str{\o}mberg and Gro Wiedswang and Gunnar Kvalheim and Rolf K{\aa}resen and Jahn M. Nesland and Anne-Lise B{\o}rresen-Dale and Therese S{\o}rlie},
  journal = {Molecular Oncology},
  number  = {2},
  pages   = {160--171},
  title   = {Presence of bone marrow micrometastasis is associated with different recurrence risk within molecular subtypes of breast cancer},
  volume  = {1},
  year    = {2007}
} 

@article{moller2006efficient,
  author    = {M{\o}ller, Jesper and Pettitt, Anthony N and Reeves, Robert and Berthelsen, Kasper K},
  journal   = {Biometrika},
  number    = {2},
  pages     = {451--458},
  publisher = {Oxford University Press},
  title     = {An efficient {Markov} chain {Monte Carlo} method for distributions with intractable normalising constants},
  volume    = {93},
  year      = {2006}
}



@article{mollica14,
  author  = {Mollica, Cristina and Tardella, Luca},
  journal = {Statistics in Medicine},
  number  = {21},
  pages   = {3738--3758},
  title   = {{Epitope Profiling via Mixture Modeling for Ranked data}},
  volume  = {33},
  year    = {2014}
}

@article{mollica2017bayesian,
  author  = {Mollica, Cristina and Tardella, Luca},
  journal = {Psychometrika},
  number  = {2},
  pages   = {442--458},
  title   = {{Bayesian Plackett-Luce Mixture Models for Partially Ranked Data}},
  volume  = {82},
  year    = {2017}
} 

@article{mollica2020plmix,
  author    = {Mollica, Cristina and Tardella, Luca},
  journal   = {Journal of Statistical Computation and Simulation},
  number    = {5},
  pages     = {925--959},
  publisher = {Taylor \& Francis},
  title     = {{PLMIX: An R Package for Modelling and Clustering Partially Ranked Data}},
  volume    = {90},
  year      = {2020}
} 

@article{mukherjee2016,
  author    = {Mukherjee, S.},
  journal   = {The Annals of Statistics},
  number    = {2},
  pages     = {853--875},
  publisher = {Institute of Mathematical Statistics},
  title     = {Estimation in exponential families on permutations},
  volume    = {44},
  year      = {2016}
}

@article{mukherjee2016estimation,
  author    = {Mukherjee, Sumit},
  journal   = {The Annals of Statistics},
  pages     = {853--875},
  publisher = {JSTOR},
  title     = {Estimation in exponential families on permutations},
  year      = {2016}
}

@book{Murphy2012,
  author    = {Kevin P. Murphy},
  publisher = {The MIT Press},
  series    = {Adaptive Computation and Machine Learning Series},
  title     = {Machine Learning: A Probabilistic Perspective},
  year      = {2012}
}

@article{MurphyMartin2003,
  author  = {Murphy, T. B. and Martin, D.},
  journal = {Computational Statistics \& Data Analysis},
  number  = {3–4},
  pages   = {645-655},
  title   = {{Mixtures of Distance-Based Models for Ranking Data}},
  volume  = {41},
  year    = {2003}
}





@article{murray2012mcmc,
  author  = {Murray, I. and Ghahramani, Z. and MacKay, D.},
  journal = {arXiv preprint arXiv:1206.6848},
  title   = {{MCMC for doubly-intractable distributions}},
  year    = {2012}
}

@article{Nakamura1990,
  author  = {Nakamura, Tsuyoshi},
  journal = {Biometrika},
  number  = {1},
  pages   = {127-137},
  title   = {Corrected score function for errors-in-variables models: Methodology and application to generalized linear models},
  volume  = {77},
  year    = {1990}
}



@article{natasha2017,
  author  = {Barrett, N. and Crispino, M.},
  journal = {Submitted},
  title   = {The Impact of 3-{D} Sound Spatialisation on Listeners' Understanding of Human Agency in Acousmatic Music},
  year    = {2017}
}

@article{Neal1996,
  author  = {R.M. Neal},
  journal = {Statist. Comp.},
  pages   = {353-366},
  title   = {Sampling from multimodal distributions using tempered transitions},
  volume  = {4},
  year    = {1996}
}

@article{Neal2000,
  author  = {R.M. Neal},
  journal = {Journal of Computational and Graphical Statistics},
  number  = {2},
  pages   = {249-265},
  title   = {Markov Chain Sampling Methods for Dirichlet Process Mixture Models},
  volume  = {9},
  year    = {2000}
}

@inproceedings{negahban2012iterative,
  author    = {Negahban, Sahand and Oh, Sewoong and Shah, Devavrat},
  booktitle = {Advances in Neural Information Processing Systems},
  pages     = {2474--2482},
  title     = {Iterative ranking from pair-wise comparisons},
  year      = {2012}
}

@article{Ng12,
  author  = {Sam Ng and Eric A. Collisson and Theodore Goldstein and Abel Gonzalez-Perez and Nuria Lopez-Bigas and Christopher Benz and David Haussler and Joshua M. Stuart},
  journal = {Bioinformatics},
  pages   = {640-646},
  title   = {PARADIGM-SHIFT predicts the function of mutations in multiple cancers using pathway impact analysis},
  volume  = {28},
  year    = {2012}
}

@article{Nguyen2013,
  author   = {Nguyen, N.H. and Tran, T.D.},
  doi      = {10.1109/TIT.2012.2232347},
  issn     = {0018-9448},
  journal  = {Information Theory, IEEE Transactions on},
  keywords = {Gaussian processes;matrix algebra;signal reconstruction;Gaussian design matrix X;compressed sensing;gross corrupted observation;high corrupted linear measurements;k-sparse vector;linear fraction;robust lasso;stochastic noise term;Covariance matrix;Eigenvalues and eigenfunctions;Noise;Optimization;Sparse matrices;Standards;Vectors;$ell_{1}$ -minimization;Compressed sensing;error correction;high-dimensional inference;robust recovery;sparse linear regression},
  month    = {April},
  number   = {4},
  pages    = {2036-2058},
  title    = {Robust Lasso With Missing and Grossly Corrupted Observations},
  volume   = {59},
  year     = {2013}
}


@book{ohag,
  author    = {O'Hagan, A. and Buck, Caitlin and Daneshkhah, Alireza and Eiser, J. and Garthwaite, P. and Jenkinson, D. and Oakley, Jeremy and Rakow, T.},
  month     = {07},
  pages     = {},
  publisher = {Wiley},
  title     = {Uncertain Judgements: Eliciting Expert Probabilities},
  year      = {2006}
}


@phdthesis{ollen2006criterion,
  author = {Ollen, Joy E},
  school = {The Ohio State University},
  title  = {A criterion-related validity test of selected indicators of musical sophistication using expert ratings},
  year   = {2006}
}


@article{omics,
  author  = {Eliseussen, Emilie and Fleischer, Thomas and Vitelli, Valeria},
  doi     = {https://doi.org/10.1002/sim.9524},
  journal = {Statistics in Medicine},
  pages   = {1--22},
  title   = {{Rank-based Bayesian variable selection for genome-wide transcriptomic analyses}},
  year    = {2022}
}

@article{oneill,
  author    = {O’Neill, Ben},
  journal   = {Computational Statistics},
  number    = {3},
  pages     = {1229--1254},
  publisher = {Springer},
  title     = {Smallest covering regions and highest density regions for discrete distributions},
  volume    = {37},
  year      = {2022}
}


 @article{Osborne2000,
  author  = {Osborne, Michael R. and Presnell, Brett and Turlach, Berwin A.},
  journal = {Journal of Computational and Graphical Statistics},
  number  = {2},
  pages   = {319-337},
  title   = {On the LASSO and its Dual},
  volume  = {9},
  year    = {2000}
}

@article{Papastamoulis2015,
  author  = {Papastamoulis, Panagiotis},
  journal = {arXiv preprint:1503.02271},
  title   = {label. switching: An {R} package for dealing with the label switching problem in {MCMC} outputs},
  year    = {2015}
}

@article{Parsons08,
  journal = {Science},
  number  = {5897},
  pages   = {1807-1812},
  title   = {An Integrated Genomic Analysis of Human Glioblastoma Multiforme},
  volume  = {321},
  year    = {2008}
}

@inproceedings{Pati1993,
  author    = {Pati, Y. C. and Rezaiifar, R. and Krishnaprasad, P. S.},
  booktitle = {Proceedings of 27th Asilomar Conference on Signals, Systems and Computers},
  pages     = {40-44},
  title     = {Orthogonal Matching Pursuit: Recursive Function Approximation with Applications to Wavelet Decomposition},
  volume    = {1},
  year      = {1993}
}


  @unpublished{Patil2014,
  author = {Patil, Prasad and Bachant-Winner, Peirre-Olivier and Haibe-Kains, Benjamin and Leek, Jeffrey T},
  doi    = {10.1101/005983},
  note   = {bioRxiv},
  title  = {Avoiding test set bias with rank-based prediction},
  year   = {2014}
}
@article{pearce2022unified,
  author    = {Pearce, Michael and Erosheva, Elena A},
  journal   = {The Journal of Machine Learning Research},
  number    = {1},
  pages     = {9447--9479},
  publisher = {JMLRORG},
  title     = {A unified statistical learning model for rankings and scores with application to grant panel review},
  volume    = {23},
  year      = {2022}
}

@article{pearce2022validity,
  author  = {Pearce, Michael and Erosheva, Elena A},
  journal = {arXiv preprint arXiv:2206.12365},
  title   = {On the validity of bootstrap uncertainty estimates in the Mallows-Binomial model},
  year    = {2022}
}
	
@inproceedings{pedersen12,
  author    = {Pedersen, Mark and Alsop, Roger},
  booktitle = {Interactive: Proceedings of the 2012 Australiasian Computer Music Conference},
  title     = {An approach to feature extraction of human movement qualities and its application to sound synthesis},
  year      = {2012}
}	
	

@manual{PerMallows_manual,
  author = {Irurozki, E and Calvo, B and Lozano, JA},
  note   = {R package version 1.13.0},
  title  = {PerMallows: Permutations and Mallows Distributions},
  url    = {https://CRAN.R-project.org/package=PerMallows},
  year   = {2017}
}

@unpublished{phdcrispino,
  author = {Crispino, M},
  month  = 11,
  note   = {Unpublished doctoral dissertation, Bocconi University, Milan, Italy},
  title  = {Bayesian Learning of Ranking data},
  url    = {https://drive.google.com/file/d/1Sb2UlJBIcjAlEYcdQ5WiShNKVn5QYgXt/view},
  year   = 2017
}

@article{piancastelli,
  author    = {Piancastelli, Luiza SC and Friel, Nial},
  journal   = {Statistics and Computing},
  number    = {1},
  pages     = {21},
  publisher = {Springer},
  title     = {The Clustered {Mallows} Model},
  volume    = {35},
  year      = {2025}
}

@unpublished{piancastelli2025time,
  author = {Piancastelli, Luiza and Barreto-Souza, Wagner},
  note   = {arXiv preprint arXiv:2502.05102},
  title  = {Time Series Analysis of Rankings: A GARCH-Type Approach},
  year   = {2025}
}

@article{Plackett1975,
  author  = {Plackett, R. L.},
  journal = {Journal of the Royal Statistical Society C},
  number  = {2},
  pages   = {193-202},
  title   = {{The Analysis of Permutations}},
  volume  = {24},
  year    = {1975}
}

@article{Plaia2019new,
  author    = {Plaia, Antonella and Buscemi, Simona and Sciandra, Mariangela},
  journal   = {Stat},
  number    = {1},
  pages     = {e236},
  publisher = {Wiley Online Library},
  title     = {A new position weight correlation coefficient for consensus ranking process without ties},
  volume    = {8},
  year      = {2019}
} 

@article{Plaia2021consensus,
  author    = {Plaia, Antonella and Buscemi, Simona and Sciandra, Mariangela},
  journal   = {Advances in Data Analysis and Classification},
  number    = {4},
  pages     = {1015--1037},
  publisher = {Springer},
  title     = {Consensus among preference rankings: a new weighted correlation coefficient for linear and weak orderings},
  volume    = {15},
  year      = {2021}
}

@incollection{Plaia2023position,
  author    = {Plaia, Antonella and Buscemi, Simona and Sciandra, Mariangela},
  booktitle = {Models for Data Analysis: SIS 2018, Palermo, Italy, June 20--22},
  pages     = {227--240},
  publisher = {Springer},
  title     = {Position Weighted Decision Trees for Ranking Data},
  year      = {2023}
}

@manual{pmr_manual,
  author = {Lee, PH and Yu, PLH},
  note   = {R package version 1.2.5.1},
  title  = {pmr: Probability Models for Ranking Data},
  url    = {https://CRAN.R-project.org/package=pmr},
  year   = {2022}
}

@article{pmr_R,
  author  = {Lee, Paul H and Yu, Philip L H},
  journal = {BMC Medical Research Methodology},
  number  = {1},
  pages   = {1--11},
  title   = {{An R Package for Analyzing and Modeling Ranking Data}},
  volume  = {3},
  year    = {2013}
}

@book{PrefLearn,
  author    = {F{\"u}rnkranz, J. and H{\"u}llermeier, E.},
  publisher = {Springer},
  title     = {Preference learning: An introduction},
  year      = {2010}
}




@manual{prefmod.package,
  author = {Reinhold Hatzinger and Marco Johannes Maier},
  note   = {{R package version 0.8-36}},
  title  = {{{prefmod}: Utilities to Fit Paired Comparison Models for
            Preferences}},
  url    = {https://CRAN.R-project.org/package=prefmod},
  year   = {2023}
}

@article{prefmod2012,
  author  = {Reinhold Hatzinger and Regina Dittrich},
  journal = {{Journal of Statistical Software}},
  number  = {10},
  pages   = {1--31},
  title   = {{{prefmod}: An {R} Package for Modeling Preferences Based
             on Paired Comparisons, Rankings, or Ratings}},
  url     = {https://www.jstatsoft.org/v48/i10/},
  volume  = {48},
  year    = {2012}
}

@phdthesis{pulkki01,
  author = {Pulkki, Ville},
  school = {Helsinki University of Technology},
  title  = {Spatial sound generation and perception by amplitude panning techniques},
  year   = {2001}
}


@phdthesis{radja2018dealing,
  author = {Radja, Priyanka},
  school = {Delft University of Technology},
  title  = {Dealing with Ties in Rank Correlation},
  year   = {2018}
}

 
@article{rado,
  author    = {Rado, Richard},
  journal   = {Journal of the London Mathematical Society},
  number    = {1},
  pages     = {1--6},
  publisher = {Oxford University Press},
  title     = {An inequality},
  volume    = {1},
  year      = {1952}
}

@inproceedings{rajkumar2015ranking,
  author    = {Rajkumar, Arun and Ghoshal, Suprovat and Lim, Lek-Heng and Agarwal, Shivani},
  booktitle = {ICML},
  pages     = {665--673},
  title     = {Ranking from Stochastic Pairwise Preferences: Recovering Condorcet Winners and Tournament Solution Sets at the Top},
  year      = {2015}
}


@inproceedings{raman2015bayesian,
  author       = {Raman, Karthik and Joachims, Thorsten},
  booktitle    = {Proceedings of the Second (2015) ACM Conference on Learning@ Scale},
  organization = {ACM},
  pages        = {149--156},
  title        = {Bayesian ordinal peer grading},
  year         = {2015}
}


@article{rankAggreg,
  author    = {Pihur, V. and Datta, S. and Datta, S.},
  journal   = {BMC bioinformatics},
  number    = {1},
  pages     = {1--10},
  publisher = {BioMed Central},
  title     = {{R}ank{A}ggreg, an {R} package for weighted rank aggregation},
  volume    = {10},
  year      = {2009}
}

@article{Rankcluster,
  author  = {Jacques, J. and Grimonprez, Q. and Biernacki, C.},
  journal = {The R Journal},
  number  = {1},
  pages   = {101--110},
  title   = {Rankcluster: An {R} {P}ackage for {C}lustering {M}ultivariate {P}artial {R}ankings},
  volume  = {6},
  year    = {2014}
}

@article{rankdist,
  author  = {Zhaozhi Qian and Philip L. H. Yu},
  journal = {Journal of Statistical Software},
  number  = {5},
  pages   = {1--31},
  title   = {{Weighted Distance-Based Models for Ranking Data Using the
             {R} Package {rankdist}}},
  volume  = {90},
  year    = {2019}
}
	
@manual{rankdist_manual,
  author = {Qian, Z},
  note   = {R package version 1.1.4},
  title  = {rankdist: Distance Based Ranking Models},
  url    = {https://CRAN.R-project.org/package=rankdist},
  year   = {2019}
}

@manual{rankrate_manual,
  author = {Pearce, M},
  note   = {R package version 1.13.0},
  title  = {rankrate: Joint Statistical Models for Preference Learning with Rankings and Ratings},
  url    = {https://CRAN.R-project.org/package=rankrate},
  year   = {2023}
}



@article{Regenwetter1999,
  author  = {M. Regenwetter and J. C. Falmagne and B. Grofman},
  journal = {Psychological Review},
  number  = {2},
  pages   = {362--384},
  title   = {A stochastic model of preference change and its application to 1992 presidential election panel data},
  volume  = {106},
  year    = {1999}
}

@article{Reppe10,
  author        = {Sjur Reppe and Hilde Refvem and Vigdis T. Gautvik and Ole K. Olstad and Per I. H{\o}vring and Finn P. Reinholt and Marit Holden and Arnoldo Frigessi and Rune Jemtland and Kaare M. Gautvik},
  date-added    = {2013-04-22 09:53:25 +0000},
  date-modified = {2013-04-22 09:55:05 +0000},
  journal       = {Bone},
  pages         = {604--612},
  title         = {Eight genes are highly associated with {BMD} variation in postmenopausal {C}aucasian women},
  volume        = {46},
  year          = {2010}
}
	
	@manual{rmallow,
  author = {Erik Gregory},
  note   = {R package version 1.1},
  title  = {RMallow: Fit Multi-Modal {Mallows}' Models to Ranking Data},
  url    = {https://CRAN.R-project.org/package=RMallow},
  year   = {2020}
}

@article{roberts1997weak,
  author    = {G. O. Roberts and A. Gelman and W. R. Gilks},
  journal   = {The annals of applied probability},
  number    = {1},
  pages     = {110--120},
  publisher = {Institute of Mathematical Statistics},
  title     = {Weak convergence and optimal scaling of random walk {M}etropolis algorithms},
  volume    = {7},
  year      = {1997}
}

@article{Rocke01,
  author  = {David M. Rocke and Blythe Durbin},
  journal = {Journal of Computational Biology},
  number  = {6},
  pages   = {557-569},
  title   = {A Model for Measurement Error for Gene Expression Arrays},
  volume  = {8},
  year    = {2001}
}

@article{Rosenbaum10,
  author     = {Rosenbaum, Mathieu and Tsybakov, Alexandre B.},
  bdsk-url-1 = {http://dx.doi.org/10.1214/10-AOS793},
  coden      = {ASTSC7},
  doi        = {10.1214/10-AOS793},
  issn       = {0090-5364},
  journal    = {The Annals of Statistics},
  mrclass    = {62J05 (62F12 62J07)},
  mrnumber   = {2722451 (2011k:62203)},
  mrreviewer = {Shalabh},
  number     = {5},
  pages      = {2620--2651},
  title      = {Sparse recovery under matrix uncertainty},
  volume     = {38},
  year       = {2010}
}

@incollection{Rosenbaum2013,
  address   = {Beachwood, OH, USA},
  author    = {Mathieu Rosenbaum and Alexandre B. Tsybakov},
  booktitle = {From Probability to Statistics and Back: High-Dimensional Models and Processes -- A Festschrift in Honor of Jon A. Wellner},
  editor    = {Banerjee, M. and Bunea, F. and Huang, J. and Koltchinskii, V. and Maathuis, M. H.},
  publisher = {Institute of Mathematical Statistics},
  title     = {Improved Matrix Uncertainty Selector},
  volume    = {9},
  year      = {2013}
}

@article{rubin1976inference,
  author    = {Rubin, Donald B},
  journal   = {Biometrika},
  number    = {3},
  pages     = {581--592},
  publisher = {Oxford University Press},
  title     = {{Inference and Missing Data}},
  volume    = {63},
  year      = {1976}
}

@article{Saarela2010,
  author     = {Saarela, Olli and Arjas, Elja},
  bdsk-url-1 = {http://dx.doi.org/10.1111/j.1467-9469.2010.00716.x},
  doi        = {10.1111/j.1467-9469.2010.00716.x},
  issn       = {1467-9469},
  journal    = {Scandinavian Journal of Statistics},
  keywords   = {{B}ayesian non-parametric regression, marked point process, model-averaged inference, model selection, monotonic regression},
  number     = {3},
  pages      = {499--513},
  publisher  = {Blackwell Publishing Ltd},
  title      = {A Method for {B}ayesian Monotonic Multiple Regression},
  url        = {http://dx.doi.org/10.1111/j.1467-9469.2010.00716.x},
  volume     = {38},
  year       = {2011}
}

@article{Schaefer09,
  author     = {Schaefer, Carl F. and Anthony, Kira and Krupa, Shiva and Buchoff, Jeffrey and Day, Matthew and Hannay, Timo and Buetow, Kenneth H.},
  author     = {Schaefer, Carl F. and Anthony, Kira and Krupa, Shiva and Buchoff, Jeffrey and Day, Matthew and Hannay, Timo and Buetow, Kenneth H.},
  bdsk-url-1 = {http://nar.oxfordjournals.org/content/37/suppl_1/D674.abstract},
  bdsk-url-2 = {http://dx.doi.org/10.1093/nar/gkn653},
  doi        = {10.1093/nar/gkn653},
  doi        = {10.1093/nar/gkn653},
  eprint     = {http://nar.oxfordjournals.org/content/37/suppl_1/D674.full.pdf+html},
  journal    = {Nucleic Acids Research},
  number     = {suppl 1},
  number     = {suppl 1},
  pages      = {D674-D679},
  pages      = {D674-D679},
  title      = {PID: the Pathway Interaction Database},
  title      = {PID: the Pathway Interaction Database},
  url        = {http://nar.oxfordjournals.org/content/37/suppl_1/D674.abstract},
  volume     = {37},
  volume     = {37},
  year       = {2009},
  year       = {2009}
}

@article{schimek2015topklists,
  author  = {Schimek, M. G. and Budinsk{\'a}, E. and Kugler, K. G. and {\v{S}}vendov{\'a}, V. and Ding, J. and Lin, S.},
  journal = {Statistical Applications in Genetics and Molecular Biology},
  number  = {3},
  pages   = {311--316},
  title   = {TopKLists: a comprehensive {R} package for statistical inference, stochastic aggregation, and visualization of multiple omics ranked lists},
  volume  = {14},
  year    = {2015}
}

@article{Schwarz,
  author    = {Schwarz, Gideon},
  doi       = {10.1214/aos/1176344136},
  issn      = {0090-5364},
  journal   = {The Annals of Statistics},
  number    = {2},
  pages     = {461--464},
  publisher = {Institute of Mathematical Statistics},
  title     = {Estimating the dimension of a model},
  volume    = {6},
  year      = {1978}
}

@inproceedings{seegel2014,
  author    = {Khan, M. E.  and Ko, Y. J.  and Seeger, M.},
  booktitle = {AISTATS},
  pages     = {475--483},
  title     = {Scalable Collaborative {B}ayesian Preference Learning},
  volume    = {14},
  year      = {2014}
}

@article{sherlock2015,
  author  = {Sherlock, C. and Thiery, A. H. and Roberts, G. O. and Rosenthal, J. S.},
  journal = {The Annals of Statistics},
  number  = {1},
  pages   = {238--275},
  title   = {On the efficiency of pseudo-marginal random walk {M}etropolis algorithms},
  volume  = {43},
  year    = {2015}
}

@article{shestopalova15,
  author    = {Shestopalova, Lidia and Bohm, Tam{\'a}s M and Bendixen, Alexandra and Andreou, Andreas G and Georgiou, Julius and Garreau, Guillaume and Hajdu, Botond and Denham, Susan L and Winkler, Istv{\'a}n},
  journal   = {Probing auditory scene analysis},
  pages     = {50},
  publisher = {Frontiers E-books},
  title     = {Do audio-visual motion cues promote segregation of auditory streams?},
  year      = {2015}
}

@article{Singh2002,
  author  = {D. Singh and P. G. Febbo and K. Ross and D. G. Jackson and J. Manola and C. Ladd and P. Tamayo and A. A. Renshaw and A. V. D'Amico and J. P. Richie and E. S. Lander and M. Loda and P. W. Kantoff and T. R. Golub and W. R. Sellers},
  issn    = {1535-6108},
  journal = {Cancer Cell },
  note    = {},
  number  = {2},
  pages   = {203--209},
  title   = {Gene expression correlates of clinical prostate cancer behavior },
  volume  = {1},
  year    = {2002}
}



@misc{sloane17,
  author = {Sloane, N. J. A.},
  title  = {The {E}ncyclopedia of {I}nteger {S}equences},
  url    = {\texttt{http://oeis.org}},
  year   = {2017}
}

@article{Sorensen13,
  author        = {{\O}ystein S{\o}rensen and Arnoldo Frigessi and Magne Thoresen},
  date-added    = {2013-01-09 00:05:34 +0000},
  date-modified = {2013-01-09 00:06:46 +0000},
  journal       = {arXiv:1210.5378 [stat.ME]},
  title         = {Measurement Error in Lasso: Impact and Correction},
  year          = {2013}
}

@manual{soufiani,
  author = {Hossein Azari Soufiani and William Chen},
  note   = {R package version 0.0.6},
  title  = {StatRank: Statistical Rank Aggregation: Inference, Evaluation, and
            Visualization},
  url    = {https://CRAN.R-project.org/package=StatRank},
  year   = {2015}
}

@article{Spiegelhalter2002,
  author  = {David G. Spiegelhalter and Nicola G. Best and Bradley P. Carlin and Angelica van der Linde},
  journal = {Journal of the Royal Statistical Society B},
  number  = {4},
  pages   = {583-639},
  title   = {Bayesian measures of model complexity and fit},
  volume  = {64},
  year    = {2002}
}
	
@article{Stadler12,
  author        = {Nicolas St{\"a}dler and Peter B{\"u}hlmann},
  date-added    = {2013-02-27 15:29:25 +0000},
  date-modified = {2013-03-19 09:07:16 +0000},
  journal       = {Stat. Comput.},
  title         = {Missing values: sparse inverse covariance estimation and an extension to sparse regression},
  volume        = {22},
  year          = {2012}
}


@article{Stefanski1989,
  author  = {Stefanski, Leonard A.},
  doi     = {10.1080/03610928908830159},
  journal = {Communications in Statistics--Theory and Methods},
  number  = {12},
  pages   = {4335--4358},
  title   = {Unbiased estimation of a nonlinear function a normal mean with application to measurement error models},
  volume  = {18},
  year    = {1989}
}

@phdthesis{Stefanski83,
  author = {Leonard A. Stefanski},
  school = {University of North Carolina at Chapel Hill},
  title  = {Influence and Measurement Error in Logistic Regression},
  year   = {1983}
}
	
@article{Stefanski85,
  author  = {Leonard A. Stefanski and Raymond J. Carroll},
  journal = {The Annals of Statistics},
  number  = {4},
  pages   = {1335-1351},
  title   = {Covariate Measurement Error in Logistic Regression},
  volume  = {13},
  year    = {1985}
}



@article{Stefanski85b,
  author  = {Stefanski, Leonard A.},
  doi     = {10.1093/biomet/72.3.583},
  journal = {Biometrika},
  number  = {3},
  pages   = {583-592},
  title   = {The effects of measurement error on parameter estimation},
  volume  = {72},
  year    = {1985}
}

@article{Stefanski87,
  author        = {Leonard A. Stefanski and Raymond J. Carroll},
  date-added    = {2012-12-01 13:56:07 +0000},
  date-modified = {2013-01-22 07:14:33 +0000},
  journal       = {Biometrika},
  number        = {4},
  pages         = {703--716},
  title         = {Conditional scores and optimal scores for generalized linear measurement-error models},
  volume        = {74},
  year          = {1987}
}

@article{Stegmeier2010,
  author  = {Stegmeier, F. and Warmuth, M. and Sellers, W. R. and Dorsch, M.},
  journal = {Clinical Pharmacology \& Therapeutics},
  number  = {5},
  pages   = {543--552},
  title   = {Target cancer therapies in the twenty-first century: Lessons from {I}matinib},
  volume  = {87},
  year    = {2010}
}






@phdthesis{stein2023,
  author = {Stein, Anja Katrina},
  school = {Lancaster University (United Kingdom)},
  title  = {Sequential Inference with the {Mallows} Model},
  year   = {2023}
}

@article{Stephens2000,
  author  = {M. Stephens},
  journal = {Journal of the Royal Statistical Society B},
  pages   = {795-809},
  title   = {Dealing with label switching in mixture models},
  volume  = {62},
  year    = {2000}
}

@book{Strang2006,
  address   = {Belmont, CA, USA},
  author    = {Gilbert Strang},
  publisher = {Thomson Brooks/Cole},
  title     = {Linear Algebra and Its Applications: Fourth Edition},
  year      = {2006}
}


@article{SunLebanonKidwell2012,
  author  = {Sun, M. and  Lebanon, G. and  Kidwell, P.},
  journal = {Journal of the Royal Statistical Society  C},
  number  = {3},
  pages   = {471--492},
  title   = {Estimating probabilities in recommendation systems},
  volume  = {61},
  year    = {2012}
}


@article{sylvia,
  author  = {Liu, Qinghua and Reiner, Andrew and Frigessi, Arnoldo and Scheel, Ida},
  doi     = {10.1016/j.knosys.2019.104960},
  journal = {Knowledge-Based Systems},
  title   = {Diverse personalized recommendations with uncertainty from implicit preference data with the {Bayesian} {Mallows} model},
  volume  = {186},
  year    = {2019}
}

@article{Tadesse05,
  author  = {Tadesse, Mahlet G. and Ibrahim, Joseph G. and Gentleman, Robert and Chiaretti, Sabina and Ritz, Jerome and Foa, Robin},
  journal = {Biometrics},
  pages   = {488--497},
  title   = {{B}ayesian Error-in-Variable Survival Model for the Analysis of {G}ene{C}hip Arrays},
  volume  = {61},
  year    = {2005}
}

@article{Tan2005,
  author  = {Tan, Aik Choon and Naiman, Daniel Q. and Xu, Lei and Winslow, Raimond L. and Geman, Donald},
  doi     = {10.1093/bioinformatics/bti631},
  journal = {Bioinformatics},
  number  = {20},
  pages   = {3896-3904},
  title   = {Simple decision rules for classifying human cancers from gene expression profiles},
  volume  = {21},
  year    = {2005}
}

@article{Tanner1987,
  author  = {M. A. Tanner and W. H. Wong},
  journal = {J. Amer. Statist. Assoc.},
  pages   = {528-550},
  title   = {The calculation of posterior distributions by data augmentation (with discussion)},
  volume  = {82},
  year    = {1987}
}

@article{tarsitano2009comparing,
  author  = {Tarsitano, Agostino},
  journal = {P: Dip. di Economia e Statistica, University of della Calabria},
  title   = {Comparing the effectiveness of rank correlation statistics},
  year    = {2009}
}

@article{taushanov2019bootstrap,
  author  = {Taushanov, Zhivko and Berchtold, Andr{\'e}},
  journal = {Journal de la Soci{\'e}t{\'e} Fran{\c{c}}aise de Statistique},
  number  = {1},
  pages   = {114--129},
  title   = {Bootstrap Validation of the Estimated Parameters in Mixture Models used for Clustering},
  volume  = {160},
  year    = {2019}
}

@manual{Theussl2013,
  author = {Stefan Theussl and Kurt Hornik},
  note   = {{R} package version 0.5-2},
  title  = {Rglpk: R/GNU Linear Programming Kit Interface},
  url    = {http://CRAN.R-project.org/package=Rglpk},
  year   = {2013}
}

@article{thompson,
  author    = {Thompson, GL},
  journal   = {The Annals of Statistics},
  pages     = {1401--1430},
  publisher = {JSTOR},
  title     = {Generalized permutation polytopes and exploratory graphical methods for ranked data},
  year      = {1993}
}
	
@article{thurstone27law,
  author  = {L. L. Thurstone},
  doi     = {10.1037/h0070288},
  journal = {Psychological Review},
  number  = {4},
  pages   = {273--286},
  title   = {{A Law of Comparative Judgment}},
  volume  = {34},
  year    = {1927}
}

@article{Tibshirani2002,
  author  = {Tibshirani, Robert and Hastie, Trevor and Narasimhan, Balasubramanian and Chu, Gilbert},
  doi     = {10.1073/pnas.082099299},
  eprint  = {http://www.pnas.org/content/99/10/6567.full.pdf+html},
  journal = {Proceedings of the National Academy of Sciences},
  number  = {10},
  pages   = {6567--6572},
  title   = {Diagnosis of multiple cancer types by shrunken centroids of gene expression},
  url     = {http://www.pnas.org/content/99/10/6567.abstract},
  volume  = {99},
  year    = {2002}
}



@article{Tibshirani2013,
  author    = {Tibshirani, Ryan J.},
  journal   = {Electronic Journal of Statistics},
  pages     = {1456--1490},
  publisher = {The Institute of Mathematical Statistics and the Bernoulli Society},
  title     = {The lasso problem and uniqueness},
  volume    = {7},
  year      = {2013}
}

@article{Tibshirani96,
  author  = {Tibshirani, Robert},
  journal = {Journal of the Royal Statistical Society B},
  number  = {1},
  pages   = {267--288},
  title   = {Regression shrinkage and selection via the lasso},
  volume  = {58},
  year    = {1996}
}

@article{True2006,
  author  = {True, L. and Coleman, I. and Hawley, S. and Huang, C.Y. and Gifford, D. and Coleman, R. and Beer, T. M. and Gelmann, E. and Datta, M. and Mostaghel, E. and Knudsen, B. and Lange, P. and Vessella, R. and Lin, D. and Hood, L. and Nelson, P. S.},
  journal = {Proceedings of the National Academy of Sciences},
  number  = {29},
  pages   = {10991-10996},
  title   = {A molecular correlate to the {G}leason grading system for prostate adenocarcinoma},
  volume  = {103},
  year    = {2006}
}

@article{tsay13,
  author    = {Tsay, Chia-Jung},
  journal   = {Proceedings of the National Academy of Sciences},
  number    = {36},
  pages     = {14580--14585},
  publisher = {National Acad Sciences},
  title     = {Sight over sound in the judgment of music performance},
  volume    = {110},
  year      = {2013}
}
	
	  @article{Tseng2001,
  author    = {Tseng, P.},
  journal   = {Journal of Optimization Theory and Applications},
  number    = {3},
  pages     = {475-494},
  publisher = {Kluwer Academic Publishers-Plenum Publishers},
  title     = {Convergence of a Block Coordinate Descent Method for Nondifferentiable 		Minimization},
  volume    = {109},
  year      = {2001}
}

@article{turner2020,
  author  = {Heather L. Turner and Jacob {van Etten} and David Firth
             and Ioannis Kosmidis},
  doi     = {10.1007/s00180-020-00959-3},
  journal = {Computational Statistics},
  pages   = {1027--1057},
  title   = {{Modelling Rankings in {R}: the {PlackettLuce} package}},
  url     = {https://doi.org/10.1007/s00180-020-00959-3},
  volume  = {35},
  year    = {2020}
}

@article{Turro2007,
  author   = {Turro, Ernest and Bochkina, Natalia and Hein, Anne-Mette K. and Richardson, Sylvia},
  doi      = {10.1186/1471-2105-8-439},
  issn     = {1471-2105},
  journal  = {BMC Bioinformatics},
  number   = {1},
  pages    = {439},
  pubmedid = {17997843},
  title    = {{BGX}: a Bioconductor package for the {B}ayesian integrated analysis of {A}ffymetrix {G}ene{C}hips},
  url      = {http://www.biomedcentral.com/1471-2105/8/439},
  volume   = {8},
  year     = {2007}
}
	
@article{Tusher2001,
  author  = {Tusher, Virginia Goss and Tibshirani, Robert and Chu, Gilbert},
  doi     = {10.1073/pnas.091062498},
  eprint  = {http://www.pnas.org/content/98/9/5116.full.pdf+html},
  journal = {Proceedings of the National Academy of Sciences},
  number  = {9},
  pages   = {5116-5121},
  title   = {Significance analysis of microarrays applied to the ionizing radiation response},
  url     = {http://www.pnas.org/content/98/9/5116.abstract},
  volume  = {98},
  year    = {2001}
}

@article{tversky1969intransitivity,
  author  = {Tversky, Amos},
  journal = {Preference, Belief, and Similarity},
  pages   = {433},
  title   = {Intransitivity of Preferences},
  year    = {1969}
}

@article{usami2010individual,
  author    = {Usami, Satoshi},
  journal   = {Behaviormetrika},
  number    = {2},
  pages     = {135--155},
  publisher = {The Behaviormetric Society of Japan},
  title     = {Individual differences multidimensional {B}radley-{T}erry model using reversible jump {M}arkov {C}hain {M}onte {C}arlo algorithm},
  volume    = {37},
  year      = {2010}
}

@article{vanBuuren2011,
  author  = {Stef van Buuren and Karin Groothuis-Oudshoorn},
  journal = {Journal of Statistical Software},
  number  = {3},
  pages   = {1--67},
  title   = {mice: Multivariate Imputation by Chained Equations in {R}},
  volume  = {45},
  year    = {2011}
}

@article{vandegeer2009,
  author  = {van de Geer, Sara A. and B{\"u}hlmann, Peter},
  journal = {Electronic Journal of Statistics},
  pages   = {1360--1392},
  title   = {On the conditions used to prove oracle results for the Lasso},
  volume  = {3},
  year    = {2009}
}




@article{VanLoo10,
  author        = {Van Loo, Peter and Nordgard, Silje H. and Lingj{\ae}rde, Ole Christian and Russnes, Hege G. and Rye, Inga H. and Sun, Wei and Weigman, Victor J. and Marynen, Peter and Zetterberg, Anders and Naume, Bj{\o}rn and Perou, Charles M. and B{\o}rresen-Dale, Anne-Lise and Kristensen, Vessela N.},
  date-added    = {2013-04-25 15:18:31 +0000},
  date-modified = {2013-04-25 15:19:51 +0000},
  journal       = {Proceedings of the National Academy of Sciences},
  number        = {39},
  pages         = {16910--16915},
  title         = {Allele-specific copy number analysis of tumors},
  volume        = {107},
  year          = {2010}
}
	
	@article{varadhan1966asymptotic,
  author    = {Varadhan, SR Srinivasa},
  journal   = {Communications on Pure and Applied Mathematics},
  number    = {3},
  pages     = {261--286},
  publisher = {Wiley Online Library},
  title     = {Asymptotic probabilities and differential equations},
  volume    = {19},
  year      = {1966}
}

@article{Vaske10,
  author  = {Charles J. Vaske and Stephen C. Benz and J. Zachary Sanborn and Dent Earl and Christopher Szeto and Jingchun Zu and David Haussler and Joshua M. Stuart},
  journal = {Bioinformatics},
  number  = {12},
  pages   = {237-245},
  title   = {Inference of patient-specific pathway activities from multi-dimensional cancer genomics data using {PARADIGM}},
  volume  = {26},
  year    = {2010}
}

@article{Vaske13,
  author  = {Andrew J. Sedgewick and Stephen C. Benz and Shahrooz Rabizadeh and Patrick Soon-Shiong and Charles J. Vaske},
  journal = {Bioinformatics},
  pages   = {62-70},
  title   = {Learning subgroup-specific regulatory interactions and regulator independence with PARADIGM},
  volume  = {29},
  year    = {2013}
}




@article{vdGeer2008,
  author  = {Geer, Sara A. van de},
  journal = {The Annals of Statistics},
  number  = {2},
  pages   = {pp. 614-645},
  title   = {High-Dimensional Generalized Linear Models and the Lasso},
  volume  = {36},
  year    = {2008}
}
	
@article{villa2015,
  author    = {Villa, Cristiano and Walker, SG},
  journal   = {Journal of the American Statistical Association},
  number    = {511},
  pages     = {1072--1082},
  publisher = {Taylor \& Francis},
  title     = {An objective approach to prior mass functions for discrete parameter spaces},
  volume    = {110},
  year      = {2015}
}

@article{vines06,
  author    = {Vines, Bradley W and Krumhansl, Carol L and Wanderley, Marcelo M and Levitin, Daniel J},
  journal   = {Cognition},
  number    = {1},
  pages     = {80--113},
  publisher = {Elsevier},
  title     = {Cross-modal interactions in the perception of musical performance},
  volume    = {101},
  year      = {2006}
}

@article{vitelli18,
  author  = {Valeria Vitelli and {{\O}} S{{\o}}rensen and Marta Crispino and Arnoldo Frigessi and Elja Arjas},
  journal = {Journal of Machine Learning Research},
  number  = {158},
  pages   = {1-49},
  title   = {Probabilistic preference learning with the {Mallows} rank model},
  volume  = {18},
  year    = {2018}
}

@article{Volkovs2014,
  author  = {Volkovs, M. N.  and Zemel, R. S. },
  journal = {Journal of Machine Learning Research},
  pages   = {1135-1176},
  title   = {New Learning Methods for Supervised and Unsupervised Preference Aggregation},
  volume  = {15},
  year    = {2014}
}


@article{Wainwright2009,
  author  = {Wainwright, M.J.},
  journal = {IEEE Transactions on Information Theory},
  number  = {5},
  pages   = {2183-2202},
  title   = {Sharp Thresholds for High-Dimensional and Noisy Sparsity Recovery Using L1-Constrained Quadratic Programming (Lasso)},
  volume  = {55},
  year    = {2009}
}

@article{Wang2009,
  author    = {Wang, Yuedong and Ma, Yanyuan and Carroll, Raymond J.},
  doi       = {10.1111/j.1467-9868.2008.00690.x},
  issn      = {1467-9868},
  journal   = {Journal of the Royal Statistical Society B},
  keywords  = {Heteroscedasticity, Measurement error, Microarray, Semiparametric methods, Simulation–extrapolation, Variance function estimation},
  number    = {2},
  pages     = {425--445},
  publisher = {Blackwell Publishing Ltd},
  title     = {Variance estimation in the analysis of microarray data},
  url       = {http://dx.doi.org/10.1111/j.1467-9868.2008.00690.x},
  volume    = {71},
  year      = {2009}
}

@article{wei_tanner,
  author    = {Greg C. G. Wei and Martin A. Tanner},
  journal   = {Journal of the American Statistical Association},
  number    = {411},
  pages     = {699--704},
  publisher = {[American Statistical Association, Taylor & Francis, Ltd.]},
  title     = {A {Monte Carlo} Implementation of the {EM} Algorithm and the Poor Man's Data Augmentation Algorithms},
  urldate   = {2024-04-08},
  volume    = {85},
  year      = {1990}
}

@article{Welsh2001,
  author  = {Welsh, J. B. and Sapinoso, L. M. and Su, A. I. and Kern, S. G. and Wang-Rodriguez, J. and Moskaluk, C. A. and Frierson, H. F. and Hampton, G. M.},
  journal = {Cancer Research},
  number  = {16},
  pages   = {5974-5978},
  title   = {Analysis of Gene Expression Identifies Candidate Markers and Pharmacological Targets in Prostate Cancer},
  volume  = {61},
  year    = {2001}
}

@article{Weng2006,
  author     = {Weng, Lee and Dai, Hongyue and Zhan, Yihui and He, Yudong and Stepaniants, Sergey B. and Bassett, Douglas E.},
  bdsk-url-1 = {http://bioinformatics.oxfordjournals.org/content/22/9/1111.abstract},
  bdsk-url-2 = {http://dx.doi.org/10.1093/bioinformatics/btl045},
  doi        = {10.1093/bioinformatics/btl045},
  eprint     = {http://bioinformatics.oxfordjournals.org/content/22/9/1111.full.pdf+html},
  journal    = {Bioinformatics},
  number     = {9},
  pages      = {1111-1121},
  title      = {Rosetta error model for gene expression analysis},
  url        = {http://bioinformatics.oxfordjournals.org/content/22/9/1111.abstract},
  volume     = {22},
  year       = {2006}
}

@techreport{WHO03,
  author        = {{WHO Scientific Group on the Prevention and Management of Osteoporosis}},
  date-added    = {2013-04-22 10:12:51 +0000},
  date-modified = {2013-04-22 10:15:34 +0000},
  institution   = {World Health Organization},
  title         = {Prevention and management of osteoporosis : report of a {WHO} scientific group},
  year          = {2003}
}

@article{Wu2008,
  author    = {Wu, Tong Tong and Lange, Kenneth},
  journal   = {The Annals of Applied Statistics},
  number    = {1},
  pages     = {224--244},
  publisher = {Institute of Mathematical Statistics},
  title     = {Coordinate Descent Algorithms for Lasso Penalized Regression},
  volume    = {2},
  year      = {2008}
}

@inproceedings{wu2015clustering,
  author       = {Wu, Rui and Xu, Jiaming and Srikant, Rayadurgam and Massouli{\'e}, Laurent and Lelarge, Marc and Hajek, Bruce},
  booktitle    = {ACM SIGMETRICS Performance Evaluation Review},
  organization = {ACM},
  pages        = {449--450},
  title        = {Clustering and inference from pairwise comparisons},
  volume       = {43/1},
  year         = {2015}
}


@article{Xu2005,
  author  = {Xu, Lei and Tan, Aik Choon and Naiman, Daniel Q. and Geman, Donald and Winslow, Raimond L.},
  journal = {Bioinformatics},
  number  = {20},
  pages   = {3905-3911},
  title   = {Robust prostate cancer marker genes emerge from direct integration of inter-study microarray data},
  volume  = {21},
  year    = {2005}
}

@article{XuAlvoYu2018,
  author  = {Xu, Hang and Alvo, Mayer and Yu, Philip L. H.},
  journal = {Computational Statistics \& Data Analysis},
  pages   = {113--136},
  title   = {Angle-based models for ranking data},
  volume  = {121},
  year    = {2018}
}



@article{XueLin2009,
  author   = {Lin, X. and Afsari, B. and Marchionni, L. and Cope, L. and Parmigiani, G. and Naiman, D. and Geman, D.},
  doi      = {10.1186/1471-2105-10-256},
  issn     = {1471-2105},
  journal  = {BMC Bioinformatics},
  number   = {1},
  pages    = {256},
  pubmedid = {19695104},
  title    = {The ordering of expression among a few genes can provide simple cancer biomarkers and signal {BRCA1} mutations},
  url      = {http://www.biomedcentral.com/1471-2105/10/256},
  volume   = {10},
  year     = {2009}
}

@inproceedings{yilmaz2008new,
  author    = {Yilmaz, Emine and Aslam, Javed A and Robertson, Stephen},
  booktitle = {Proceedings of the 31st annual international ACM SIGIR conference on Research and development in information retrieval},
  pages     = {587--594},
  title     = {A new rank correlation coefficient for information retrieval},
  year      = {2008}
}
	
@article{Zhao06,
  author        = {Peng Zhao and Bin Yu},
  date-added    = {2012-12-01 13:15:19 +0000},
  date-modified = {2012-12-01 13:17:27 +0000},
  journal       = {Journal of Machine Learning Research},
  pages         = {2541--2563},
  title         = {On Model Selection Consistency of Lasso},
  volume        = {7},
  year          = {2006}
}
	
	
	@inproceedings{Zhao08,
  author    = {Zhao, Qinpei and Hautam{\"a}ki, Ville},
  booktitle = {
               Blanc-Talon, J., Bourennane, S., Philips, W., Popescu, D., Scheunders, P. (eds) Advanced Concepts for Intelligent Vision Systems. ACIVS 2008. Lecture Notes in Computer Science, vol 5259. Springer, Berlin, Heidelberg},
  doi       = {10.1007/978-3-540-88458-3_60},
  isbn      = {978-3-540-88457-6},
  pages     = {664-673},
  title     = {{Knee Point Detection in BIC for Detecting the Number of Clusters}},
  year      = {2008}
}
	
@unpublished{zhong2021mallows,
  author = {Chenyang Zhong},
  note   = {arXiv preprint arXiv:2112.13456},
  title  = {{Mallows} Permutation Models with ${L}^1$ and ${L}^2$ Distances {I}: Hit and Run Algorithms and Mixing Times},
  year   = {2021}
}

    @article{Zhu11,
  author        = {Hao Zhu and Geert Leus and Georgios B. Giannakis},
  date-added    = {2013-02-27 14:03:41 +0000},
  date-modified = {2013-02-27 14:05:52 +0000},
  journal       = {IEEE Transaction on Signal Processing},
  number        = {5},
  pages         = {2002-2016},
  title         = {Sparsity-Cognizant Total Least-Squares for Perturbed Compressive Sampling},
  volume        = {59},
  year          = {2011}
}

@article{zhu21partition,
  author    = {Wanchuang Zhu and Yingkai Jiang and Jun S. Liu and Ke Deng},
  journal   = {Journal of the American Statistical Association},
  number    = {541},
  pages     = {343–359},
  publisher = {Taylor & Francis},
  title     = {Partition–{Mallows} Model and its Inference for Rank Aggregation},
  volume    = {118},
  year      = {2021}
}    
	
@article{zotter12,
  author    = {Zotter, Franz and Pomberger, Hannes and Noisternig, Markus},
  journal   = {Acta Acustica united with Acustica},
  number    = {1},
  pages     = {37--47},
  publisher = {S. Hirzel Verlag},
  title     = {Energy-preserving ambisonic decoding},
  volume    = {98},
  year      = {2012}
}

@article{zotter2012energy,
  author    = {Zotter, Franz and Pomberger, Hannes and Noisternig, Markus},
  journal   = {Acta Acustica united with Acustica},
  number    = {1},
  pages     = {37--47},
  publisher = {S. Hirzel Verlag},
  title     = {Energy-preserving ambisonic decoding},
  volume    = {98},
  year      = {2012}
}

@article{Zou05,
  author  = {Hui Zou and Trevor Hastie},
  journal = {Journal of the Royal Statistical Society B},
  number  = {2},
  pages   = {301-320},
  title   = {Regularization and variable selection via the elastic net},
  volume  = {67},
  year    = {2005}
}

@article{Zou06,
  author        = {Zou, Hui},
  date-added    = {2012-12-10 16:13:47 +0000},
  date-modified = {2012-12-10 16:15:52 +0000},
  journal       = {Journal of the American Statistical Association},
  number        = {476},
  pages         = {1418--1429},
  title         = {The Adaptive Lasso and Its Oracle Properties},
  volume        = {101},
  year          = {2006}
}
    
