@Article{WA_PK_2017,
  author = {W. Abeysekera and P. Kabaila},
  title = {Optimized Recentered Confidence Spheres for the Multivariate Normal Mean},
  journal = {Electronic Journal of Statistics},
  fjournal = {Electronic Journal of Statistics},
  volume = {11},
  year = {2017},
  pages = {1798--1826},
  url = {https://doi.org/10.1214/17-EJS1272},
}

@Article{Bi1984,
  author = {P. J. Bickel},
  title = {Parametric Robustness: Small Biases Can Be Worthwhile},
  journal = {The Annals of Statistics},
  fjournal = {The Annals of Statistics},
  volume = {12},
  year = {1984},
  pages = {864--879},
  issn = {0090-5364},
  coden = {ASTSC7},
  mrclass = {62F10 (62F25 62F35)},
  mrnumber = {MR751278 (85m:62051)},
  mrreviewer = {Ryszard Zieli{\'n}ski},
  url = {https://doi.org/10.1214/aos/1176346707},
}

@Book{BoxEtAl1963,
  author = {G. E. P. Box and L. R. Connor and W. R. Cousins and O. L. Davies and F. R. Hinsworth and G. P. Sillitto},
  title = {The Design and Analysis of Industrial Experiments},
  year = {1963},
  edition = {2nd},
  publisher = {Oliver and Boyd, London},
}

@Article{CaHw1983,
  author = {G. Casella and J. T. Hwang},
  title = {{Empirical Bayes Confidence Sets for the Mean of a Multivariate Normal Distribution}},
  journal = {Journal of the American Statistical Association},
  fjournal = {Journal of the American Statistical Association},
  volume = {78},
  year = {1983},
  pages = {688--698},
  url = {https://doi.org/10.2307/2288139},
}

@Article{CaHw1987,
  author = {G. Casella and J. T. Hwang},
  title = {Employing Vague Prior Information in the Construction of Confidence Sets},
  journal = {Journal of Multivariate Analysis},
  fjournal = {Journal of Multivariate Analysis},
  volume = {21},
  year = {1987},
  pages = {79--104},
  url = {https://doi.org/10.1016/0047-259X(87)90100-X},
}

@Article{Co1972,
  author = {A. Cohen},
  title = {Improved Confidence Intervals for the Variance of a Normal Distribution},
  journal = {Journal of the American Statistical Association},
  fjournal = {Journal of the American Statistical Association},
  volume = {67},
  year = {1972},
  pages = {382--387},
  issn = {0162-1459},
  mrclass = {62F25},
  mrnumber = {MR0312636 (47 \#1192)},
  url = {https://doi.org/10.2307/2284389},
}

@Article{Ef2006,
  author = {B. Efron},
  title = {Minimum Volume Confidence Regions for a Multivariate Normal Mean Vector},
  journal = {Journal of the Royal Statistical Society B},
  fjournal = {Journal of the Royal Statistical Society, Series B},
  volume = {68},
  year = {2006},
  pages = {655--670},
  url = {https://doi.org/10.1111/j.1467-9868.2006.00560.x},
}

@Article{DF_PK_2008,
  author = {D. Farchione and P. Kabaila},
  title = {Confidence Intervals for the Normal Mean Utilizing Prior Information},
  journal = {Statistics \& Probability Letters},
  fjournal = {Statistics \& Probability Letters},
  volume = {78},
  year = {2008},
  pages = {1094--1100},
  url = {https://doi.org/10.1016/j.spl.2007.11.003},
}

@PhdThesis{Gi2008,
  author = {K. Giri},
  title = {Confidence Intervals in Regression Utilizing Prior Information},
  school = {Department of Mathematics and Statistics, La Trobe University},
  year = {2008},
}

@Article{GoCa1991,
  title = {Improved Invariant Confidence Intervals for a Normal Variance},
  author = {Constantinos Goutis and George Casella},
  journal = {The Annals of Statistics},
  volume = {19},
  pages = {2015--2031},
  year = {1991},
  publisher = {Institute of Mathematical Statistics},
  url = {https://doi.org/10.1214/aos/1176348384},
}

@Article{HoLe1952,
  author = {J. L. Hodges and E. L. Lehmann},
  title = {The Use of Previous Experience in Reaching Statistical Decisions},
  journal = {Annals of Mathematical Statistics},
  fjournal = {Annals of Mathematical Statistics},
  volume = {23},
  year = {1952},
  pages = {396--407},
  issn = {0003-4851},
  mrclass = {62.0X},
  mrnumber = {MR0050240 (14,299b)},
  mrreviewer = {J. Kiefer},
  url = {https://doi.org/10.1214/aoms/1177729384},
}

@Misc{Jo,
  author = {Steven G. Johnson},
  title = {The NLopt Nonlinear-Optimization Package},
  howpublished = {\url{http://ab-initio.mit.edu/nlopt}},
  year = {2014},
}

@Article{Ka2009,
  author = {P. Kabaila},
  title = {The Coverage Properties of Confidence Regions after Model Selection},
  journal = {International Statistical Review},
  fjournal = {International Statistical Review},
  volume = {77},
  year = {2009},
  pages = {405--414},
  url = {https://doi.org/10.1111/j.1751-5823.2009.00089.x},
}

@Article{KaDh2015,
  title = {{A Comparison of Bayesian and Frequentist Interval Estimators in Regression That Utilize Uncertain Prior Information}},
  author = {P. Kabaila and G. Dharmarathne},
  journal = {Australian \& New Zealand Journal of Statistics},
  volume = {57},
  number = {1},
  pages = {99--118},
  year = {2015},
  publisher = {John Wiley \& Sons},
  url = {https://doi.org/10.1111/anzs.12104},
}

@Article{KaGi2009a,
  author = {P. Kabaila and K. Giri},
  title = {Confidence Intervals in Regression Utilizing Prior Information},
  journal = {Journal of Statistical Planning and Inference},
  volume = {139},
  year = {2009},
  pages = {3419--3429},
  url = {https://doi.org/10.1016/j.jspi.2009.03.018},
}

@Article{KaGi2009b,
  author = {P. Kabaila and K. Giri},
  title = {Upper Bounds on the Minimum Coverage Probability of Confidence Intervals in Regression after Model Selection},
  journal = {Australian \& New Zealand Journal of Statistics},
  volume = {51},
  year = {2009},
  pages = {271--287},
  url = {https://doi.org/10.1111/j.1467-842X.2009.00544.x},
}

@Article{KaGi2013,
  author = {P. Kabaila and K. Giri},
  title = {Further Properties of Frequentist Confidence Intervals in Regression That Utilize Uncertain Prior Information},
  journal = {Australian \& New Zealand Journal of Statistics},
  fjournal = {Australian \& New Zealand Journal of Statistics},
  year = {2013},
  pages = {259--270},
  url = {https://doi.org/10.1111/anzs.12038},
}

@Article{KG_PK_2014,
  author = {P. Kabaila and K. Giri},
  title = {Simultaneous Confidence Intervals for the Population Cell Means, for Two-by-Two Factorial Data, That Utilize Uncertain Prior Information},
  journal = {Communications in Statistics -- Theory and Methods},
  fjournal = {Communications in Statistics --
	Theory and Methods},
  volume = {43},
  year = {2014},
  pages = {4074--4087},
  url = {https://doi.org/10.1080/03610926.2012.718846},
}

@Article{PK_DT_2014,
  author = {P. Kabaila and D. Tissera},
  title = {Confidence Intervals in Regression That Utilize Uncertain Prior Information about a Vector Parameter},
  journal = {Australian \& New Zealand Journal of Statistics},
  fjournal = {Australian \& New Zealand Journal of Statistics},
  volume = {56},
  year = {2014},
  pages = {371--383},
  url = {https://doi.org/10.1111/anzs.12090},
}

@Article{KaGiLe2010,
  author = {P. Kabaila and K. Giri and H. Leeb},
  title = {Admissibility of the Usual Confidence Interval in Linear Regression},
  journal = {Electronic Journal of Statistics},
  fjournal = {Electronic Journal of Statistics},
  volume = {4},
  year = {2010},
  pages = {300--312},
  url = {https://doi.org/10.1214/10-EJS563},
}

@Article{Ke1983,
  author = {P. J. Kempthorne},
  title = {{Minimax-Bayes Compromise Estimators}},
  journal = {Proc. Bus. and Econ. Statist. Sec. Amer. Statist. Assoc.},
  fjournal = {Proc. Bus. and Econ. Statist. Sec. Amer. Statist. Assoc.},
  year = {1983},
  pages = {563--573},
}

@Article{Ke1987,
  author = {P. J. Kempthorne},
  title = {Numerical Specification of Discrete Least Favorable Prior Distributions},
  journal = {Society for Industrial and Applied Mathematics. Journal on Scientific and Statistical Computing},
  fjournal = {Society for Industrial and Applied Mathematics. Journal on
              Scientific and Statistical Computing},
  volume = {8},
  year = {1987},
  pages = {171--184},
  issn = {0196-5204},
  coden = {SIJCD4},
  mrclass = {65U05 (62C20 62C25)},
  mrnumber = {MR879409 (88b:65158)},
  url = {https://doi.org/10.1137/0908028},
}

@Article{Ke1988,
  author = {P. J. Kempthorne},
  title = {Controlling Risks under Different Loss Functions: The Compromise Decision Problem},
  journal = {The Annals of Statistics},
  fjournal = {The Annals of Statistics},
  volume = {16},
  year = {1988},
  pages = {1594--1608},
  issn = {0090-5364},
  coden = {ASTSC7},
  mrclass = {62C10 (62C20 90A05)},
  mrnumber = {MR964940 (89i:62016)},
  mrreviewer = {Khursheed Alam},
  url = {https://doi.org/10.1214/aos/1176351055},
}

@Book{Leamer1978,
  author = {E. E. Leamer},
  title = {Specification Searches: Ad Hoc Inference with Nonexperimental Data},
  year = {1978},
  publisher = {John Wiley \& Sons},
}

@Article{LePo2005,
  author = {H. Leeb and B. M. PÃ¶tscher},
  title = {Model Selection and Inference: Facts and Fiction},
  journal = {Econometric Theory},
  volume = {21},
  year = {2005},
  pages = {21--59},
  url = {https://doi.org/10.1017/S0266466605050036},
}

@Article{Pr1961,
  author = {J. W. Pratt},
  title = {Length of Confidence Intervals},
  journal = {Journal of the American Statistical Association},
  fjournal = {Journal of the American Statistical Association},
  volume = {56},
  year = {1961},
  pages = {549--567},
  issn = {0162-1459},
  mrclass = {62.20},
  mrnumber = {MR0125678 (23 \#A2977)},
  mrreviewer = {D. V. Lindley},
  url = {https://doi.org/10.2307/2282079},
}

@Article{Sm2005,
  author = {Gordon K. Smyth},
  title = {Numerical Integration},
  journal = {Encyclopedia of Biostatistics},
  year = {2005},
  publisher = {John Wiley \& Sons},
  pages = {3088-3095},
  url = {https://doi.org/10.1002/9781118445112.stat05029},
}

@Article{St1962,
  author = {C. M. Stein},
  title = {Confidence Sets for the Mean of a Multivariate Normal Distribution},
  journal = {Journal of the Royal Statistical Society. Series B (Methodological).},
  fjournal = {Journal of the Royal Statistical Society.  Series B (Methodological).},
  volume = {24},
  year = {1962},
  pages = {365--396},
  url = {https://doi.org/10.1111/j.2517-6161.1962.tb00458.x},
}

@Article{TsBr1997,
  author = {Y. L. Tseng and L. D. Brown},
  title = {Good Exact Confidence Sets for a Multivariate Normal Mean},
  journal = {The Annals of Statistics},
  fjournal = {Annals of Statistics},
  volume = {5},
  year = {1997},
  pages = {2228--2258},
  url = {https://doi.org/10.1214/aos/1069362396},
}
