@article{Aral:2009,
  Author = {Aral, S. and Muchnik, L. and Sundararajan, A.},
	Journal = {Proceedings of the National Academy of Sciences},
	Number = 51,
	pages = {21544--21549},
	Title = {Distinguishing influence-based contagion from homophily-driven diffusion in dynamic networks.},
	Volume = 106,
	Year = 2009,
url={https://doi.org/10.1073/pnas.0908800106},
}

@article{asch:1972, 
title={Group forces in the modification and distortion of judgments.}, 
journal={Social psychology.}, 
author={Asch, Solomon}, 
year={1972}, 
pages={450-501},
url={https://doi.org/10.1037/10025-016}, 
}

@article{bramou:2009, 
title={Identification of peer effects through social networks}, 
volume={150}, 
number={1}, 
journal={Journal of Econometrics}, 
author={Bramoulle, Yann and Djebbari, Habiba and Fortin, Bernard}, 
year={2009}, 
pages={41-55},
url={https://doi.org/10.1016/j.jeconom.2008.12.021}, 
}


@book{Bandura:1986,
  Author = {Bandura, A. },
	publisher = {Englewood Cliffs, NJ},
	Title = {Social foundations of thought and action},
	Year = {1986},
}

@article{christakis_2007, title={The Spread of Obesity in a Large Social Network over 32 Years}, volume={357}, url={https://doi.org/10.1056/nejmsa066082}, number={4}, journal={New England Journal of Medicine}, author={Christakis, Nicholas A. and Fowler, James H.}, year={2007}, pages={370-379},}

@article{christakis_2008, title={The Collective Dynamics of Smoking in a Large Social Network}, volume={358}, url={https://doi.org/10.1056/nejmsa0706154}, number={21}, journal={New England Journal of Medicine}, author={Christakis, Nicholas A. and Fowler, James H.}, year={2008}, pages={2249-2258},}

@article{erbring:1979, title={Individuals and Social Structure}, volume={7}, url={https://doi.org/10.1177/004912417900700404}, number={4}, journal={Sociological Methods and Research}, author={Erbring, Lutz and Young, Alice}, year={1979}, pages={396-430},}

@article{cacioppo_2008, title={Alone in the Crowd: The Structure and Spread of Loneliness in a Large Social Network}, url={https://doi.org/10.2139/ssrn.1319108}, journal={SSRN Electronic Journal}, author={Cacioppo, John T. and Fowler, James H. and Christakis, Nicholas A.}, year={2008},}

@article{feld_1981, title={The Focused Organization of Social Ties}, volume={86}, url={https://doi.org/10.1086/227352}, number={5}, journal={American Journal of Sociology}, author={Feld, Scott L.}, year={1981}, pages={1015-1035},}

@article{feld_1982, title={Social Structural Determinants of Similarity among Associates}, volume={47}, url={https://doi.org/10.2307/2095216}, number={6}, journal={American Sociological Review}, author={Feld, Scott L.}, year={1982}, pages={797},}

@article{frank_2004, title={Social Capital and the Diffusion of Innovations Within Organizations: The Case of Computer Technology in Schools}, volume={77}, url={https://doi.org/10.1177/003804070407700203}, number={2}, journal={Sociology of Education}, author={Frank, Kenneth A. and Zhao, Yong and Borman, Kathryn}, year={2004}, pages={148-171},}

@article{friedkin_2001, title={Norm formation in social influence networks}, volume={23}, url={https://doi.org/10.1016/s0378-8733(01)00036-3}, number={3}, journal={Social Networks}, author={Friedkin, Noah E.}, year={2001}, pages={167-189},}

@article{friedkin_johnsen_1990, title={Social influence and opinions}, volume={15}, url={https://doi.org/10.1080/0022250x.1990.9990069}, number={3-4}, journal={The Journal of Mathematical Sociology}, author={Friedkin, Noah E. and Johnsen, Eugene C.}, year={1990}, pages={193-206},}


@article{friedkin_1999, title={Social Influence networks and opinion change}, volume={16}, number={1}, journal={Advances in Group Processes}, author={Friedkin, Noah E. and Johnsen, Eugene C.}, year={1999}, pages={1-29},}

@article{german_2012, title={Unanticipated Effect Of A Randomized Peer Network Intervention On Depressive Symptoms Among Young Methamphetamine Users In Thailand}, volume={40}, url={https://doi.org/10.1002/jcop.21488}, number={7}, journal={Journal of Community Psychology}, author={German, D. and Sutcliffe, C. G. and Sirirojn, B. and Sherman, S. G. and Latkin, C. A. and Aramrattana, A. and Celentano, D. D.}, year={2012}, month={Jul}, pages={799-813},}

@article{hoff_2002, title={Latent Space Approaches to Social Network Analysis}, volume={97}, url={https://doi.org/10.1198/016214502388618906}, number={460}, journal={Journal of the American Statistical Association}, author={Hoff, Peter D and Raftery, Adrian E and Handcock, Mark S}, year={2002}, pages={1090-1098},}

@article{kalmijn_flap_2001, title={Assortative Meeting and Mating: Unintended Consequences of Organized Settings for Partner Choices}, volume={79}, url={https://doi.org/10.1353/sof.2001.0044}, number={4}, journal={Social Forces}, author={Kalmijn, M. and Flap, H.}, year={2001}, month={Jan}, pages={1289-1312},}

@article{manski_1993, title={Identification of Endogenous Social Effects: The Reflection Problem}, volume={60}, url={https://doi.org/10.2307/2298123}, number={3}, journal={The Review of Economic Studies}, author={Manski, Charles F.}, year={1993}, pages={531},}

@article{mcpherson_1987, title={Homophily in Voluntary Organizations: Status Distance and the Composition of Face-to-Face Groups}, volume={52}, url={https://doi.org/10.2307/2095356}, number={3}, journal={American Sociological Review}, author={Mcpherson, J. Miller and Smith-Lovin, Lynn}, year={1987}, pages={370},}

@article{mcpherson_2001, title={Birds of a Feather: Homophily in Social Networks}, volume={27}, url={https://doi.org/10.1146/annurev.soc.27.1.415}, number={1}, journal={Annual Review of Sociology}, author={Mcpherson, Miller and Smith-Lovin, Lynn and Cook, James M}, year={2001}, pages={415-444},}

@article{michell_2000, title={Smoke Rings: social network analysis of friendship groups, smoking and drug-taking}, volume={7}, url={https://doi.org/10.1080/dep.7.1.21.37}, number={1}, journal={Drugs: Education, Prevention and Policy}, author={Michell, Michael Pearson Lynn}, year={2000}, pages={21-37},}

@article{oetting_1998, title={Primary Socialization Theory: The Etiology of Drug Use and Deviance. I}, volume={33}, url={https://doi.org/10.3109/10826089809056252}, number={4}, journal={Substance Use \& Misuse}, author={Oetting, Eugene R. and Donnermeyer, Joseph F.}, year={1998}, pages={995-1026},}

@article{pearson_2003, title={Drifting smoke rings}, volume={25}, number={2}, journal={Connections}, author={Pearson, M. and West, P.}, year={2003}, pages={59-76},}

@article{shalizi_2018, title={Estimating Causal Peer Influence in Homophilous Social Networks by Inferring Latent Locations}, volume={33}, url={arXiv:1607.06565},  journal={arXiv}, author={Shalizi, C. R. and McFowland III, E. }, year={2018},}

@article{shalizi_thomas_2011, title={Homophily and Contagion Are Generically Confounded in Observational Social Network Studies}, volume={40}, url={https://doi.org/10.1177/0049124111404820}, number={2}, journal={Sociological Methods \& Research}, author={Shalizi, Cosma Rohilla and Thomas, Andrew C.}, year={2011}, pages={211-239},}

@article{shortreed_2006, title={Positional Estimation Within a Latent Space Model for Networks}, volume={2}, url={https://doi.org/10.1027/1614-2241.2.1.24}, number={1}, journal={Methodology}, author={Shortreed, Susan and Handcock, Mark S. and Hoff, Peter}, year={2006}, pages={24-33},}

@article{snijders_2010, title={Introduction to stochastic actor-based models for network dynamics}, volume={32}, url={https://doi.org/10.1016/j.socnet.2009.02.004}, number={1}, journal={Social Networks}, author={Snijders, Tom A.b. and Bunt, Gerhard G. Van De and Steglich, Christian E.g.}, year={2010}, pages={44-60},}

@article{steglich_2010, title={8. Dynamic Networks and Behavior: Separating Selection from Influence}, volume={40}, url={https://doi.org/10.1111/j.1467-9531.2010.01225.x}, number={1}, journal={Sociological Methodology}, author={Steglich, Christian and Snijders, Tom A. B. and Pearson, Michael}, year={2010}, pages={329-393},}

@article{szekely_2007, title={Measuring and testing dependence by correlation of distances}, volume={35}, url={https://doi.org/10.1214/009053607000000505}, number={6}, journal={The Annals of Statistics}, author={Szekely, G.J. and Rizzo, Maria L. and Bakirov, Nail K.}, year={2007}, pages={2769-2794},}

@article{valente_1995, title={Network Models and Methods for Studying the Diffusion of Innovations}, url={https://doi.org/10.1017/cbo9780511811395.006}, journal={Models and Methods in Social Network Analysis}, author={Valente, Thomas W.}, year={1995}, pages={98-116},}

@article{valente_1996, title={Social network thresholds in the diffusion of innovations}, volume={18}, url={https://doi.org/10.1016/0378-8733(95)00256-1}, number={1}, journal={Social Networks}, author={Valente, Thomas W.}, year={1996}, pages={69-89},}

@article{vanderweele_an_2013, title={Social Networks and Causal Inference}, url={https://doi.org/10.1007/978-94-007-6094-3_17}, journal={Handbooks of Sociology and Social Research Handbook of Causal Analysis for Social Research}, author={Vanderweele, Tyler J. and An, Weihua}, year={2013}, pages={353-374},}

@book{wooldridge_2011, place={Cambridge, MA}, title={Econometric analysis of cross section and panel data}, publisher={MIT Press}, author={Wooldridge, Jeffrey M.}, year={2011},}

@article{xu_2018, title={Alternative estimation methods for identifying contagion effects in dynamic social networks: A latent-space adjusted approach}, volume={54}, url={https://doi.org/10.1016/j.socnet.2018.01.002}, journal={Social Networks}, author={Xu, Ran}, year={2018}, pages={101-117},}

@misc{krivitsky_2008,   
  title = {latentnet: Latent Position and Cluster Models for Statistical Networks},
  author = {Pavel N. Krivitsky and Mark S. Handcock},
  year = {2020},
  note = {R package version 2.10.1},
  url = {https://CRAN.R-project.org/package=latentnet},}

@misc{handcock_2008,  
  title = {statnet: Software Tools for the Statistical Analysis of Network Data},
  author = {Mark S. Handcock and David R. Hunter and Carter T. Butts and Steven M. Goodreau and Pavel N. Krivitsky and Skye Bender-deMoll and Martina Morris},
  year = {2019},
  note = {R package version 2019.6},
  url = {https://CRAN.R-project.org/package=statnet},}

@misc{rsiena_2018,   
  title = {RSiena: Siena - Simulation Investigation for Empirical Network Analysis},
  author = {Ruth Ripley and Krists Boitmanis and Tom A.B. Snijders and Felix Schoenenberger},
  year = {2018},
  note = {R package version 1.2-12},
  url = {https://CRAN.R-project.org/package=RSiena},}


@misc{rosseel_2019,  
  title = {lavaan: Latent Variable Analysis},
  author = {Yves Rosseel and Terrence D. Jorgensen},
  year = {2019},
  note = {R package version 0.6-5},
  url = {https://CRAN.R-project.org/package=lavaan},}


@misc{croissant_2008,
  title = {plm: Linear Models for Panel Data},
  author = {Yves Croissant and Giovanni Millo and Kevin Tappe},
  year = {2021},
  note = {R package version 2.4-1},
  url = {https://CRAN.R-project.org/package=plm},
  }
  
  @article{xu_2020,
    title = {Statistical methods for the estimation of contagion effects in human disease and health networks},
    author = {Ran Xu},
    journal = {Computational and Structural Biotechnology Journal},
    year = {2020},
    volume = {18},
    pages = {1754--1760},
url={https://doi.org/10.1016/j.csbj.2020.06.027},
  }
