% Encoding: UTF-8
@article{Matsumoto_Nishimura:1998,
	author = "Matsumoto, M. and Nishimura, T.",
	title = "Mersenne Twister: A 623-Dimensionally Equidistributed Uniform Pseudo-random Number Generator",
	journal = "ACM Transactions on Modeling and Computer Simulation",
	edition = 8,
	pages = "3--30",
	url2 = "http://www.math.keio.ac.jp/~matumoto/emt.html",
        url = "https://doi.org/10.1145/272991.272995",
	year = 1998
}

@article {LEcuyer:1999,
	AUTHOR="P. L'Ecuyer",
	TITLE="Good Parameters and Implementations for Combined Multiple Recursive Random Number Generators",
	JOURNAL={Operations Research},
        VOLUME={47},
        NUMBER={1},
        PAGES={159--164},
	YEAR={1999},
        url={https://doi.org/10.1287/opre.47.1.159}
        }

@Manual{CRAN:Rmpi,
  title  = {Rmpi: Interface (Wrapper) to {MPI} (Message-Passing Interface)},
  author = {Hao Yu},
  note   = {R package version 0.6-9.2},
  year   = {2021},
  url    = {https://CRAN.R-project.org/package=Rmpi},
}

@Manual{CRAN:batchtools,
  title =        {batchtools: Tools for Computation on Batch Systems},
  author =       {Michel Lang and Bernd Bischl and Dirk Surmann},
  year =         {2021},
  note =         {R package version 0.9.15},
  url =          {https://CRAN.R-project.org/package=batchtools},
}

@Manual{CRAN:doMC,
  title =        {doMC: Foreach Parallel Adaptor for 'parallel'},
  author =       {{Revolution Analytics} and Steve Weston},
  year =         {2020},
  note =         {R package version 1.3.7},
  url =          {https://CRAN.R-project.org/package=doMC},
}

@Manual{CRAN:doMPI,
  title =        {doMPI: Foreach Parallel Adaptor for {Rmpi} Package},
  author =       {Steve Weston},
  year =         {2017},
  note =         {R package version 0.2.2},
  url =          {https://CRAN.R-project.org/package=doMPI},
}

@Manual{CRAN:doParallel,
  title =        {doParallel: Foreach Parallel Adaptor for the 'parallel' Package},
  author =       {{Microsoft Corporation} and Steve Weston},
  year =         {2020},
  note =         {R package version 1.0.16},
  url =          {https://CRAN.R-project.org/package=doParallel},
}

@Manual{CRAN:doRedis,
  title  = {doRedis: 'Foreach' Parallel Adapter Using the 'Redis' Database},
  author = {B. W. Lewis},
  note   = {R package version 3.0.0},
  year   = {2020},
  url    = {https://CRAN.R-project.org/package=doRedis},
}
  
@Manual{CRAN:foreach,
  title =        {foreach: Provides Foreach Looping Construct},
  author =       {{Microsoft} and Steve Weston},
  year =         {2020},
  note =         {R package version 1.5.1},
  url =          {https://CRAN.R-project.org/package=foreach},
}

@Manual{CRAN:future,
  title  = {future: Unified Parallel and Distributed Processing in {R} for Everyone},
  author = {Henrik Bengtsson},
  note   = {R package version 1.23.0},
  year   = {2021},
  url    = {https://CRAN.R-project.org/package=future},
}

@Manual{CRAN:future.apply,
  title  = {future.apply: Apply Function to Elements in Parallel using Futures},
  author = {Henrik Bengtsson},
  note   = {R package version 1.8.1},
  year   = {2021},
  url    = {https://CRAN.R-project.org/package=future.apply},
}

  @Manual{CRAN:doFuture,
    title = {doFuture: A Universal Foreach Parallel Adapter using the {Future API} of the 'future' Package},
    author = {Henrik Bengtsson},
    year = {2021},
    note = {R package version 0.12.0},
    url = {https://CRAN.R-project.org/package=doFuture},
  }

@Manual{CRAN:future.tests,
  title  = {future.tests: Test Suite for {Future API} Backends},
  author = {Henrik Bengtsson},
  note   = {R package version 0.3.0},
  year   = {2021},
  url    = {https://CRAN.R-project.org/package=future.tests},
}
}

@Manual{CRAN:future.callr,
  title  = {future.callr: A {Future API} for Parallel Processing using 'callr'},
  author = {Henrik Bengtsson},
  note   = {R package version 0.6.1},
  year   = {2021},
  url    = {https://CRAN.R-project.org/package=future.callr},
}

@Manual{CRAN:future.BatchJobs,
    title = {future.BatchJobs: A {Future API} for Parallel and Distributed Processing using {BatchJobs}},
    author = {Henrik Bengtsson},
    year = {2019},
    note = {R package version 0.16.2},
    url = {https://CRAN.R-project.org/package=future.BatchJobs},
  }
}

@Manual{CRAN:future.batchtools,
    title = {future.batchtools: A {Future API} for Parallel and Distributed Processing using 'batchtools'},
    author = {Henrik Bengtsson},
    year = {2021},
    note = {R package version 0.10.0},
    url = {https://CRAN.R-project.org/package=future.batchtools},
}

@Manual{CRAN:parallelly,
  title  = {parallelly: Enhancing the 'parallel' Package},
  author = {Henrik Bengtsson},
  note   = {R package version 1.28.1},
  year   = {2021},
  url    = {https://CRAN.R-project.org/package=parallelly},
}
  
  @Manual{CRAN:globals,
    title = {globals: Identify Global Objects in {R} Expressions},
    author = {Henrik Bengtsson},
    year = {2020},
    note = {R package version 0.14.0},
    url = {https://CRAN.R-project.org/package=globals},
  }

  @Manual{CRAN:listenv,
    title = {listenv: Environments Behaving (Almost) as Lists},
    author = {Henrik Bengtsson},
    year = {2019},
    note = {R package version 0.8.0},
    url = {https://CRAN.R-project.org/package=listenv},
  }

@Manual{CRAN:digest,
  title  = {digest: Create Compact Hash Digests of {R} Objects},
  author = {Dirk Eddelbuettel and with contributions by Antoine Lucas and Jarek Tuszynski and Henrik Bengtsson and Simon Urbanek and Mario Frasca and Bryan Lewis and Murray Stokely and Hannes Muehleisen and Duncan Murdoch and Jim Hester and Wush Wu and Qiang Kou and Thierry Onkelinx and Michel Lang and Viliam Simko and Kurt Hornik and Radford Neal and Kendon Bell and Matthew {de Queljoe} and Ion Suruceanu and Bill Denney.},
  note   = {R package version 0.6.28},
  year   = {2021},
  url    = {https://CRAN.R-project.org/package=digest},
}

@Manual{CRAN:progressr,
  title  = {progressr: A Inclusive, Unifying {API} for Progress Updates},
  author = {Henrik Bengtsson},
  note   = {R package version 0.9.0},
  year   = {2021},
  url    = {https://CRAN.R-project.org/package=progressr},
}

  @Manual{CRAN:codetools,
    title = {codetools: Code Analysis Tools for {R}},
    author = {Luke Tierney},
    year = {2020},
    note = {R package version 0.2-18},
    url = {https://CRAN.R-project.org/package=codetools},
  }

@Manual{CRAN:callr,
  title  = {callr: Call {R} from {R}},
  author = {Gábor Csárdi and Winston Chang},
  note   = {R package version 3.7.0},
  year   = {2021},
  url    = {https://CRAN.R-project.org/package=callr},
}
  
  @Manual{CRAN:googleComputeEngineR,
    title = {googleComputeEngineR: {R} Interface with {Google Compute Engine}},
    author = {Mark Edmondson},
    year = {2019},
    note = {R package version 0.3.0},
    url = {https://CRAN.R-project.org/package=googleComputeEngineR},
  }

  @Article{Lang_etal_2017,
    title = {batchtools: Tools for {R} to Work on Batch Systems},
    author = {Michel Lang and Bernd Bischl and Dirk Surmann},
    journal = {Journal of Open Source Software},
    publisher = {The Open Journal},
    year = {2017},
    month = {feb},
    volume = {2},
    number = {10},
    pages = {135},
    doi = {10.21105/joss.00135},
    url = {https://doi.org/10.21105/joss.00135},
  }

  @Article{Bischl_etal_2015,
    title = {{BatchJobs} and {BatchExperiments}: Abstraction Mechanisms for Using {R} in Batch Environments},
    author = {Bernd Bischl and Michel Lang and Olaf Mersmann and J{\"o}rg Rahnenf{\"u}hrer and Claus Weihs},
    journal = {Journal of Statistical Software},
    year = {2015},
    volume = {64},
    number = {11},
    pages = {1--25},
    url = {https://dx.doi.org/10.18637/jss.v064.i11},
  }

  @Manual{CRAN:promises,
    title = {promises: Abstractions for Promise-Based Asynchronous Programming},
    author = {Joe Cheng},
    year = {2021},
    note = {R package version 1.2.0.1},
    url = {https://CRAN.R-project.org/package=promises},
  }

@Manual{CRAN:shiny,
  title  = {shiny: Web Application Framework for {R}},
  author = {Winston Chang and Joe Cheng and JJ Allaire and Yihui Xie and Jonathan McPherson},
  note   = {R package version 1.7.1},
  year   = {2021},
  url    = {https://CRAN.R-project.org/package=shiny},
}

  @Article{Landau_2018,
    title = {The drake {R} package: A Pipeline Toolkit for Reproducibility and High-Performance Computing},
    author = {William Michael Landau},
    journal = {Journal of Open Source Software},
    year = {2018},
    volume = {3},
    number = {21},
    url = {https://doi.org/10.21105/joss.00550},
  }

  @Manual{CRAN:civis,
    title = {civis: {R} Client for the 'Civis Platform API'},
    author = {Patrick Miller and Keith Ingersoll},
    year = {2020},
    note = {R package version 3.0.0},
    url = {https://CRAN.R-project.org/package=civis},
  }

@Manual{Bioc:BiocParallel,
  title  = {BiocParallel: {Bioconductor} Facilities for Parallel Evaluation},
  author = {Martin Morgan and Valerie Obenchain and Michel Lang and Ryan Thompson and Nitesh Turaga},
  note   = {R package version 1.28.0},
  year   = {2021},
  url    = {https://bioconductor.org/packages/BiocParallel/},
}

@Manual{CRAN:furrr,
  title  = {furrr: Apply Mapping Functions in Parallel using Futures},
  author = {Davis Vaughan and Matt Dancho},
  note   = {R package version 0.2.3},
  year   = {2021},
  url    = {https://CRAN.R-project.org/package=furrr},
}

  @Manual{CRAN:purrr,
    title = {purrr: Functional Programming Tools},
    author = {Lionel Henry and Hadley Wickham},
    year = {2020},
    note = {R package version 0.3.4},
    url = {https://CRAN.R-project.org/package=purrr},
  }

@Article{FriedmanWise_1978,
  author =       {Friedman, Daniel P. and Wise, David S.},
  journal =      {{IEEE} Transactions on Computers},
  title =        {Aspects of Applicative Programming for Parallel
                  Processing},
  year =         {1978},
  month =        {apr},
  number =       {4},
  pages =        {289--296},
  volume =       {C-27},
  doi =          {10.1109/tc.1978.1675100},
  url =          {https://doi.org/10.1109/tc.1978.1675100},
  publisher =    {Institute of Electrical and Electronics Engineers
                  ({IEEE})},
}

@InProceedings{HewittBaker_1977,
  author =       {Hewitt, Carl and Baker, Henry G.},
  booktitle =    {IFIP Congress},
  title =        {Laws for Communicating Parallel Processes},
  year =         {1977},
  pages =        {987-992},
  keywords =     {dblp},
  url =          {https://dblp.uni-trier.de/db/conf/ifip/ifip1977.html\#HewittB77},
}

@InProceedings{Hibbard_1976,
  author =       {Hibbard, Peter},
  booktitle =    {New Directions in Algorithmic Languages},
  title =        {Parallel Processing Facilities},
  year =         {1976},
  editor =       {Stephen A. Schuman},
  publisher =    {IRIA},
  comment =      {IRIA=Institut de Recherché d'Informatique et de
                  Automatique},
} 

@Manual{CRAN:snow,
  title  = {snow: Simple Network of Workstations},
  author = {Luke Tierney and A. J. Rossini and Na Li and H. Sevcikova},
  note   = {R package version 0.4-4},
  year   = {2021},
  url    = {https://CRAN.R-project.org/package=snow},
}

@Manual{CRAN:multicore,
  title  = {multicore: A Stub Package to Ease Transition to 'parallel'},
  author = {Simon Urbanek},
  note   = {R package version 0.2},
  year   = {2014},
  url    = {https://CRAN.R-project.org/package=multicore},
}

@Manual{GitHub:revdepcheck,
  title  = {revdepcheck: Automated Reverse Dependency Checking},
  author = {Gábor Csárdi and Hadley Wickham},
  note   = {R package version 1.0.0.9001},
  year   = {2021},
  url    = {https://github.com/r-lib/revdepcheck\#readme},
}

@Article{Kurtzer2017,
  author    = {Kurtzer, Gregory M and Sochat, Vanessa and Bauer, Michael W},
  journal   = {PLOS One},
  title     = {Singularity: Scientific Containers for Mobility of Compute},
  year      = {2017},
  number    = {5},
  pages     = {e0177459},
  volume    = {12},
  publisher = {Public Library of Science San Francisco, CA USA},
  url       = {https://doi.org/10.1371/journal.pone.0177459},
}

@Article{Merkel2014,
  author  = {Merkel, Dirk},
  journal = {Linux Journal},
  title   = {Docker: Lightweight {Linux} Containers for Consistent Development and Deployment},
  year    = {2014},
  number  = {239},
  pages   = {2},
  volume  = {2014},
}

@InProceedings{DeanGhemawat2004,
title     = {{MapReduce}: Simplified Data Processing on Large Clusters},
author    = {Jeffrey Dean and Sanjay Ghemawat},
year      = {2004},
booktitle = {OSDI'04: Sixth Symposium on Operating System Design and Implementation},
pages     = {137--150},
address   = {San Francisco, CA},
url       = {https://doi.org/10.1145/1327452.1327492}
}

@article{Eddelbuettel2020,
author   = {Eddelbuettel, Dirk},
title    = {Parallel Computing with {R}: A Brief Review},
journal  = {WIREs Computational Statistics},
year     = {2021},
volume   = {13},
number   = {2},
pages    = {e1515},
keywords = {Kubernetes, R, OpenMP, OpenMPI, parallel computing, r, spark},
doi      = {10.1002/wics.1515},
url      = {https://doi.org/10.1002/wics.1515}
}

@ARTICLE{Lamport1979,
author  = {Lamport, Leslie},
journal = {IEEE Transactions on Computers}, 
title   = {How to Make a Multiprocessor Computer That Correctly Executes Multiprocess Programs}, 
year    = {1979},
volume  = {C-28},
number  = {9},
pages   = {690-691},
url     = {https://doi.org/10.1109/TC.1979.1675439}
}

@Article{Kane_etal_2013,
  author  = {Michael Kane and John Emerson and Stephen Weston},
  journal = {Journal of Statistical Software},
  title   = {Scalable Strategies for Computing with Massive Data},
  year    = {2013},
  issn    = {1548-7660},
  number  = {14},
  pages   = {1--19},
  volume  = {55},
  doi     = {10.18637/jss.v055.i14},
  url     = {https://doi.org/10.18637/jss.v055.i14},
}

@Article{Schmidberger2009,
  author  = {Schmidberger, Markus and Morgan, Martin and Eddelbuettel, Dirk and Yu, Hao and Tierney, Luke and Mansmann, Ulrich},
  journal = {Journal of Statistical Software},
  title   = {State-of-the-art in Parallel Computing with R},
  year    = {2009},
  number  = {1},
  volume  = {47},
}

@Manual{CRAN:microbenchmark,
  title  = {microbenchmark: Accurate Timing Functions},
  author = {Olaf Mersmann},
  note   = {R package version 1.4-8},
  year   = {2021},
  url    = {https://CRAN.R-project.org/package=microbenchmark},
}

@Manual{CRAN:bench,
  title  = {bench: High Precision Timing of R Expressions},
  author = {Jim Hester},
  note   = {R package version 1.1.1},
  year   = {2020},
  url    = {https://CRAN.R-project.org/package=bench},
}

@Manual{CRAN:proffer,
  title  = {proffer: Profile R Code and Visualize with 'Pprof'},
  author = {William Michael Landau},
  note   = {R package version 0.1.5},
  year   = {2021},
  url    = {https://CRAN.R-project.org/package=proffer},
}

@Manual{CRAN:profvis,
  title  = {profvis: Interactive Visualizations for Profiling R Code},
  author = {Winston Chang and Javier Luraschi and Timothy Mastny},
  note   = {R package version 0.3.7},
  year   = {2020},
  url    = {https://CRAN.R-project.org/package=profvis},
}

@Manual{CRAN:plumber,
  title  = {plumber: An API Generator for R},
  author = {Barret Schloerke and Jeff Allen},
  note   = {R package version 1.1.0},
  year   = {2021},
  url    = {https://CRAN.R-project.org/package=plumber},
}

@Misc{project:pbdR,
  author = {Ostrouchov, G. and Chen, W.-C. and Schmidt, D. and Patel, P.},
  title  = {Programming with Big Data in R},
  year   = {2021},
  url    = {https://pbdr.org/},
}

@Manual{CRAN:sparklyr,
  title  = {sparklyr: R Interface to Apache Spark},
  author = {Javier Luraschi and Kevin Kuo and Kevin Ushey and JJ Allaire and Hossein Falaki and Lu Wang and Andy Zhang and Yitao Li and {The Apache Software Foundation}},
  note   = {R package version 1.7.2},
  year   = {2021},
  url    = {https://CRAN.R-project.org/package=sparklyr},
}

@Article{Schmidt2017,
  author    = {Schmidt, Drew and Chen, Wei-Chen and Matheson, Michael A and Ostrouchov, George},
  journal   = {Big Data Research},
  title     = {{Programming with BIG data in R}: Scaling Analytics from One to Thousands of Nodes},
  year      = {2017},
  pages     = {1--11},
  volume    = {8},
  doi       = {https://doi.org/10.1016/j.bdr.2016.10.002},
  publisher = {Elsevier},
}

@Article{Landau_2021,
  author  = {William Michael Landau},
  journal = {Journal of Open Source Software},
  title   = {The targets {R} package: a dynamic Make-like function-oriented pipeline toolkit for reproducibility and high-performance computing},
  year    = {2021},
  number  = {57},
  pages   = {2959},
  volume  = {6},
  url     = {https://doi.org/10.21105/joss.02959},
}

@Comment{jabref-meta: databaseType:bibtex;}
