@book{elton_animal_1927,
  title =	 {Animal Ecology},
  author =	 {Elton, C.},
  publisher =	 {The Macmillan Company},
  address =	 {New York},
  year =	 {1927}
},

@article{lindeman_trophic-dynamic_1942,
  title =	 {The Trophic-Dynamic Aspect of Ecology},
  author =	 {Lindeman, Raymond L.},
  volume =	 {23},
  number =	 {4},
  journal =	 {Ecology},
  year =	 {1942},
  pages =	 {399--417},
},

@article{valls_modeling_2012,
  title =	 {Modeling Trophic Interactions to Assess the Effects
                  of a Marine Protected Area: Case Study in the {NW}
                  {M}editerranean {S}ea},
  volume =	 {456},
  journal =	 {Marine Ecology Progress Series},
  author =	 {Valls, Audrey and Gascuel, Didier and Gu\'enette,
                  Sylvie and Francour, Patrice},
  year =	 {2012},
  pages =	 {201--214}
},

@incollection{odum_detritus-based_1975,
  address =	 {New York},
  title =	 {The Detritus-Based Food Web of an Estuarine Mangrove
                  Community},
  volume =	 {1},
  booktitle =	 {Estuarine Research},
  publisher =	 {Academic Press},
  author =	 {Odum, W. Ell. and Heald, E. J.},
  editor =	 {Cronin, L. E.},
  year =	 {1975},
  pages =	 {265--286}
},

@article{polovina_overview_1984,
  title =	 {An Overview of the {ECOPATH} Model},
  volume =	 {2},
  number =	 {2},
  journal =	 {Fishbyte},
  author =	 {Polovina, J. J.},
  year =	 {1984},
  pages =	 {5--7}
},

@article{christensen_ecopath_1992,
  title =	 {{ECOPATH} {II}---A Software for Balancing
                  Steady-State Ecosystem Models and Calculating
                  Network Characteristics},
  volume =	 {61},
  number =	 {3--4},
  journal =	 {Ecological Modelling},
  author =	 {Christensen, V. and Pauly, D.},
  year =	 {1992},
  pages =	 {169--185},
},

@article{gascuel_trophic-level_2005,
  title =	 {The trophic-level based model: A theoretical
                  approach of fishing effects on marine ecosystems},
  volume =	 {189},
  number =	 {3--4},
  journal =	 {Ecological Modelling},
  author =	 {Gascuel, Didier},
  year =	 {2005},
  pages =	 {315--332},
},

@article{gascuel_ecotroph:_2009,
  title =	 {{EcoTroph}: Modelling marine ecosystem functioning
                  and impact of fishing},
  volume =	 {220},
  number =	 {21},
  journal =	 {Ecological Modelling},
  author =	 {Gascuel, Didier and Pauly, Daniel},
  year =	 {2009},
  pages =	 {2885--2898},
},

@article{gascuel_ecotroph_2009,
  title =	 {{EcoTroph} {(ET)}: A trophic level based software
                  for assessing the impacts of fishing on aquatic
                  ecosystems},
  volume =	 {17},
  number =	 {1},
  pages =        {1--82},
  journal =	 {Fisheries Centre Research Reports},
  author =	 {Gascuel, Didier and {Tremblay-Boyer}, Laura and
                  Pauly, Daniel},
  year =	 {2009}
},

@article{gascuel_trophic-level-based_2011,
  title =	 {The trophic-level-based ecosystem modelling
                  approach: Theoretical overview and practical uses},
  volume =	 {68},
  number =	 {7},
  journal =	 {{ICES} Journal of Marine Science},
  author =	 {Gascuel, Didier and Gu\'enette, Sylvie and Pauly,
                  Daniel},
  year =	 {2011},
  pages =	 {1403--1416},
},

@article{gasche_global_2012,
  title =	 {Global assessment of the fishing impacts on the
                  {S}outhern {B}enguela ecosystem using an {EcoTroph}
                  modelling approach},
  volume =	 {90},
  number =	 {1},
  journal =	 {Journal of Marine Systems},
  author =	 {Gasche, L. and Gascuel, D. and Shannon, L. and Shin,
                  {Y.-J.}},
  year =	 {2012},
  pages =	 {1--12},
},

@article{lassalle_ecosystem_2012,
  title =	 {An ecosystem approach for the assessment of
                  fisheries impacts on marine top predators: The {B}ay
                  of {B}iscay case study},
  volume =	 {69},
  number =	 {6},
  journal =	 {{ICES} Journal of Marine Science},
  author =	 {Lassalle, G\'eraldine and Gascuel, Didier and Le
                  Loc'h, Fran\ccois and Lobry, J\'er\'emy and Pierce, Graham
                  John and Ridoux, Vincent and Santos, Maria Bego{\~n}a
                  and Spitz, J\'er\^ome and Niquil, Nathalie},
  year =	 {2012},
  pages =	 {925--938},
},

@article{tremblay-boyer_modelling_2011,
  title =	 {Modelling the effects of fishing on the biomass of
                  the world's oceans from 1950 to 2006},
  volume =	 {442},
  journal =	 {Marine Ecology Progress Series},
  author =	 {{Tremblay-Boyer}, Laura and Gascuel, Didier and
                  Watson, Reg and Christensen, Villy and Pauly,
                  Daniel},
  year =	 {2011},
  pages =	 {169--185},
},

@article{colleter_modelling_2012,
  title =	 {Modelling trophic flows in ecosystems to assess the
                  efficiency of marine protected area {(MPA)}, a case
                  study on the coast of {S}\'en\'egal},
  volume =	 {232},
  journal =	 {Ecological Modelling},
  author =	 {Coll\'eter, Mathieu and Gascuel, Didier and Ecoutin,
                  {Jean-Marc} and Tito de Morais, Luis},
  year =	 {2012},
  pages =	 {1--13},
},

@article{gascuel_trophic_2005,
  title =	 {The trophic spectrum: Theory and application as an
                  ecosystem indicator},
  volume =	 {62},
  number =	 {3},
  journal =	 {{ICES} Journal of Marine Science},
  author =	 {Gascuel, Didier and Bozec, Yves-Marie and Chassot,
                  Emmanuel and Colomb, Audrey and Laurans, Martial},
  year =	 {2005},
  pages =	 {443--452},
}

@Manual{xml_package,
  title =	 {XML: Tools for parsing and generating XML within R
                  and S-Plus.},
  author =	 {Duncan Temple Lang},
  year =	 {2012},
  note =	 {R package version 3.9-4},
  url =		 {http://CRAN.R-project.org/package=XML},
}

@Manual{ecotroph,
  title =	 {EcoTroph: EcoTroph modelling support},
  author =	 {J. Guitton and M. Coll\'eter and D. Gascuel and Paul
                  Gatti},
  year =	 {2013},
  note =	 {R package version 1.5-1},
  url =		 {http://sirs.agrocampus-ouest.fr/EcoTroph/},
}




