 @Manual{R,
    title = {R: A Language and Environment for Statistical Computing},
    author = {{R Development Core Team}},
    organization = {R Foundation for Statistical Computing},
    address = {Vienna, Austria},
    year = {2008},
    note = {{ISBN} 3-900051-07-0},
    url = "http://www.R-project.org",
  }

@BOOK{lattice,
title={Lattice: Multivariate Data Visualization with R},
author={Deepayan Sarkar},
publisher={Springer},
year={2008},
note={{ISBN} 9780387759685},
url="http://amazon.com/o/ASIN/0387759689/",
}

@BOOK{ggplot,
title={ggplot2},
author={Hadley Wickham},
publisher={Springer},
year={2009},
note= "\url{http://had.co.nz/ggplot2/}"
}
@article{grid,
  author = {Paul Murrell},
  title = {The grid Graphics Package},
  journal = {R News},
  year = 2002,
  volume = 2,
  number = 2,
  pages = {14--19},
  month = {June},
  url = {http://CRAN.R-project.org/doc/Rnews/},
  pdf = {http://CRAN.R-project.org/doc/Rnews/Rnews_2002-2.pdf}
}
@article{gridchanges,
  author = {Paul Murrell},
  title = {Recent Changes in grid Graphics},
  journal = {R News},
  year = 2005,
  volume = 5,
  number = 1,
  pages = {12--20},
  month = {May},
  url = {http://CRAN.R-project.org/doc/Rnews/},
  pdf = {http://CRAN.R-project.org/doc/Rnews/Rnews_2005-1.pdf}
}
@BOOK{rgraphics,
  author = {Paul Murrell},
  title = {R Graphics},
  publisher = {Chapman \& Hall/CRC},
  year = 2005,
  note = {{ISBN} 1-584-88486-X},
  url = {http://www.stat.auckland.ac.nz/~paul/RGraphics/rgraphics.html},
}
@misc{dia,
  author={Alexander Larsson},
  title={Dia},
  year=2008,
  note="\url{http://www.gnome.org/projects/dia/}"
}
@article{pic,
author="Brian W. Kernighan",
title="{PIC} - A Language for Typesetting Graphics", 
journal="Software Practice Experience",
volume= 12,
year=1982
}
 @Manual{shapepkg,
    title = {shape: Functions for plotting graphical shapes, colors},
    author = {Karline Soetaert},
    year = {2008},
    note = {R package version 1.2},
  }
  @Manual{diagrampkg,
    title = {diagram: Functions for visualising simple graphs (networks), plotting flow diagrams},
    author = {Karline Soetaert},
    year = {2008},
    note = {R package version 1.2},
  }
  @Manual{Rgraphvizpkg,
    title = {Rgraphviz: Provides plotting capabilities for R graph objects},
    author = {Jeff Gentry and Li Long and Robert Gentleman and Seth Falcon and Florian Hahne and Deepayan Sarkar},
    year = {2008},
    note = {R package version 1.18.1},
  }

  @article{igraph,
    title = {The igraph software package for complex network research},
    author = {Gabor Csardi and Tamas Nepusz},
    journal = {InterJournal},
    volume = {Complex Systems},
    pages = {1695},
    year = {2006},
    url = {http://igraph.sf.net},
  }

@inproceedings{xspline,
 author = {Carole Blanc and Christophe Schlick},
 title = {X-splines: a spline model designed for the end-user},
 booktitle = {SIGGRAPH '95: Proceedings of the 22nd annual conference on Computer graphics and interactive techniques},
 year = {1995},
 isbn = {0-89791-701-4},
 pages = {377--386},
 doi = {http://doi.acm.org/10.1145/218380.218488},
 publisher = {ACM},
 address = {New York, NY, USA},
 }
@book{igraph,
author = {G.~{Csardi and T.~Nepusz}},
title = {{The igraph software package for complex network research}},
publisher = {InterJournal Complex Systems: 1695},
year = {2006},
url = {http://igraph.sf.net}
}
@book{Rgraphvizpkg,
author = {J.~{Gentry, L.~Long, R.~Gentleman, S.~Falcon, F.~Hahne, and D.~Sarkar}},
title = {{Rgraphviz: Provides plotting capabilities for R graph objects, }},
publisher = {R package version 1.18.1},
year = {2008}
}
@book{R,
author = {{R {Development Core Team}}},
title = {{R: A Language and Environment for Statistical Computing}},
publisher = {R Foundation for Statistical Computing Vienna Austria},
year = {2008},
url = {http://www.R-project.org},
isbn = {3-900051-07-0}
}
@book{diagrampkg,
author = {K.~{Soetaert}},
title = {{diagram: Functions for visualising simple graphs (networks), plotting flow diagrams, natexlaba}},
publisher = {R package version 1.2},
year = {2008}
}
@book{shapepkg,
author = {K.~{Soetaert}},
title = {{shape: Functions for plotting graphical shapes, colors, natexlabb}},
publisher = {R package version 1.2},
year = {2008}
}


