@TechReport{sAgI2016b,
  title = {The Econometrics of Randomized Experiments},
  author = {S. Athey and G. W. Imbens},
  year = {2016},
  institution = {arXiv},
  type = {1607.00698},
}

@TechReport{nDgI2016,
  title = {Balancing, Regression, Difference-in-Differences and Synthetic Control Methods: A Synthesis},
  author = {N. Doudchenko and G. W. Imbens},
  year = {2016},
  institution = {NBER},
  type = {22791},
}

@TechReport{bFcPvP2016,
  title = {Cherry Picking with Synthetic Controls},
  author = {B. Ferman and C. Pinto and V. Possebom},
  year = {2016},
  institution = {São Paulo School of Economics - FGV},
  type = {Working Paper},
}

@TechReport{sAgI2016,
  title = {The State of Applied Econometrics - Causality and Policy Evaluation},
  author = {S. Athey and G. W. Imbens},
  year = {2016},
  institution = {arXiv:1607.00699v1},
}

@Article{jGaV2016,
  author = {J. Gardeazabal and A. Vega-Bayo},
  title = {An Empirical Comparison Between the Synthetic Control Method and {H}siao et Al.'s Panel Data Approach to Program Evaluation},
  journal = {Journal of Applied Econometrics},
  year = {2016},
  note = {in press},
}

@TechReport{bFcP2016,
  title = {Revisiting the Synthetic Control Estimator},
  author = {B. Ferman and C. Pinto},
  year = {2016},
  institution = {São Paulo School of Economics - FGV},
  type = {Working Paper},
}

@Article{lGtM2016,
  title = {Regional Policy Evaluation: Interactive Fixed Effects and Synthetic Controls},
  author = {L. Gobillon and T. Magnac},
  journal = {Review of Economics and Statistics},
  year = {2016},
  volume = {98},
  pages = {535--551},
}

@Article{cHhsCskW2012,
  title = {A Panel Data Approach for Program Evaluation: Measuring the Benefits of Political and Economic Integration of {H}ong {K}ong with Mainland {C}hina},
  author = {C. Hsiao and H. Steve Ching and S. Ki Wan},
  year = {2012},
  journal = {Journal of Applied Econometrics},
  volume = {27},
  pages = {705--740},
}

@TechReport{cmm2016arco,
  title = {{ArCo}: An Artificial Counterfactual Approach for High-Dimensional Panel Time-Series Data},
  author = {C. V. Carvalho and R. P. Masini and M. C. Medeiros},
  year = {2016},
  institution = {Pontifical Catholic University of Rio de Janeiro},
  type = {Working Paper},
  note = {Available at SSRN: https://ssrn.com/abstract=2823687 or http://dx.doi.org/10.2139/ssrn.2823687},
}

@TechReport{cCrMmM2016perils,
  title = {The Perils of Counterfactual Analysis with Integrated Processes},
  author = {C. V. Carvalho and R. P Masini and M. C. Medeiros},
  year = {2016},
  institution = {Pontifical Catholic University of Rio de Janeiro},
  type = {Working Paper},
  note = {Available at SSRN: https://ssrn.com/abstract=2894065 or http://dx.doi.org/10.2139/ssrn.2894065},
}

@Manual{ArCo,
  title = {{ArCo}: Artificial Counterfactual Package},
  author = {Y. R. Fonseca and M. C. Medeiros and R. P. Masini and G. F. R. Vasconcelos},
  year = {2017},
  note = {{R} package version 0.1-2},
  url = {{https://CRAN.R-project.org/package=ArCo}},
}

@Article{newey1987,
  title = {A Simple, Positive Semi-Definite, Heteroskedasticity and Autocorrelation Consistent Covariance Matrix},
  author = {W. Newey and K. West},
  journal = {Econometrica},
  volume = {55},
  pages = {703--08},
  year = {1987},
}

@Article{andrews1992,
  title = {An Improved Heteroskedasticity and Autocorrelation Consistent Covariance Matrix Estimator},
  author = {D. W. K. Andrews and C. J. Monahan},
  journal = {Econometrica},
  pages = {953--966},
  year = {1992},
}

@Article{tibshirani1996,
  title = {Regression Shrinkage and Selection via the {LASSO}},
  author = {R. Tibshirani},
  journal = {Journal of the Royal Statistical Society. Series B (Methodological)},
  pages = {267--288},
  year = {1996},
}

@Manual{boot,
  title = {{boot: Bootstrap {R (S-Plus)} Functions}},
  author = {A. Canty and B. D. Ripley},
  year = {2015},
  url = {{https://cran.r-project.org/web/packages/boot/}},
  note = {{R} package version 1.3-17},
}

@Article{glmnet,
  title = {Regularization Paths for Generalized Linear Models via Coordinate Descent},
  author = {J. Friedman and T. Hastie and R. Tibshirani},
  journal = {Journal of Statistical Software},
  year = {2010},
  volume = {33},
  pages = {1--22},
}

@Article{Synth,
  title = {{Synth}: An {R} Package for Synthetic Control Methods in Comparative Case Studies},
  author = {A. Abadie and A. Diamond and J. Hainmueller},
  journal = {Journal of Statistical Software},
  year = {2011},
  volume = {42},
  number = {13},
  pages = {1--17},
}

@Article{abadie2003economic,
  title = {The Economic Costs of Conflict: A Case Study of the {Basque} Country},
  author = {A. Abadie and J. Gardeazabal},
  journal = {American Economic Review},
  volume = {93},
  pages = {113--132},
  year = {2003},
}

@Article{abadie2010synthetic,
  title = {Synthetic Control Methods for Comparative Case Studies: Estimating the Effect of {C}alifornia’s Tobacco Control Program},
  author = {A. Abadie and A. Diamond and J. Hainmueller},
  journal = {Journal of the American statistical Association},
  volume = {105},
  pages = {493--505},
  year = {2010},
}

@Article{zou2007degrees,
  title = {On the Degrees of Freedom of the {L}asso},
  author = {H. Zou and T. Hastie and R. Tibshirani},
  journal = {The Annals of Statistics},
  volume = {35},
  pages = {2173--2192},
  year = {2007},
}
