@article{goodwin2016coming,
  title={Coming of age: ten years of next-generation sequencing technologies},
  author={Goodwin, Sara and McPherson, John D and McCombie, W Richard},
  journal={Nature Reviews Genetics},
  volume={17},
  number={6},
  pages={333--351},
  year={2016},
  publisher={Nature Publishing Group}
}

@article{ozsolak2011rna,
  title={RNA sequencing: advances, challenges and opportunities},
  author={Ozsolak, Fatih and Milos, Patrice M},
  journal={Nature reviews genetics},
  volume={12},
  number={2},
  pages={87--98},
  year={2011},
  publisher={Nature Publishing Group}
}

@article{beger2013review,
  title={A review of applications of metabolomics in cancer},
  author={Beger, Richard D},
  journal={Metabolites},
  volume={3},
  number={3},
  pages={552--574},
  year={2013},
  publisher={Multidisciplinary Digital Publishing Institute}
}

@article{aslam2017proteomics,
  title={Proteomics: technologies and their applications},
  author={Aslam, Bilal and Basit, Madiha and Nisar, Muhammad Atif and Khurshid, Mohsin and Rasool, Muhammad Hidayat},
  journal={Journal of chromatographic science},
  volume={55},
  number={2},
  pages={182--196},
  year={2017},
  publisher={Oxford University Press}
}

@article{wild2005complementing,
  title={Complementing the genome with an “exposome”: the outstanding challenge of environmental exposure measurement in molecular epidemiology},
  author={Wild, Christopher Paul},
  journal={Cancer Epidemiology and Prevention Biomarkers},
  volume={14},
  number={8},
  pages={1847--1850},
  year={2005},
  publisher={AACR}
}

@article{vrijheid2014human,
  title={The human early-life exposome (HELIX): project rationale and design},
  author={Vrijheid, Martine and Slama, R{\'e}my and Robinson, Oliver and Chatzi, Leda and Coen, Muireann and Van den Hazel, Peter and Thomsen, Cathrine and Wright, John and Athersuch, Toby J and Avellana, Narcis and others},
  journal={Environmental health perspectives},
  volume={122},
  number={6},
  pages={535--544},
  year={2014},
  publisher={NLM-Export}
}

@article{subramanian2020multi,
  title={Multi-omics data integration, interpretation, and its application},
  author={Subramanian, Indhupriya and Verma, Srikant and Kumar, Shiva and Jere, Abhay and Anamika, Krishanpal},
  journal={Bioinformatics and biology insights},
  volume={14},
  pages={1177932219899051},
  year={2020},
  publisher={SAGE Publications Sage UK: London, England}
}

@article{tini2019multi,
  title={Multi-omics integration—a comparison of unsupervised clustering methodologies},
  author={Tini, Giulia and Marchetti, Luca and Priami, Corrado and Scott-Boyer, Marie-Pier},
  journal={Briefings in bioinformatics},
  volume={20},
  number={4},
  pages={1269--1279},
  year={2019},
  publisher={Oxford University Press}
}

@book{gonzalez2019omic,
  title={Omic association studies with r and bioconductor},
  author={Gonz{\'a}lez, Juan R and C{\'a}ceres, Alejandro},
  year={2019},
  publisher={CRC Press}
}

@article{rappoport2018multi,
  title={Multi-omic and multi-view clustering algorithms: review and cancer benchmark},
  author={Rappoport, Nimrod and Shamir, Ron},
  journal={Nucleic acids research},
  volume={46},
  number={20},
  pages={10546--10562},
  year={2018},
  publisher={Oxford University Press}
}

@article{khan2001classification,
  title={Classification and diagnostic prediction of cancers using gene expression profiling and artificial neural networks},
  author={Khan, Javed and Wei, Jun S and Ringner, Markus and Saal, Lao H and Ladanyi, Marc and Westermann, Frank and Berthold, Frank and Schwab, Manfred and Antonescu, Cristina R and Peterson, Carsten and others},
  journal={Nature medicine},
  volume={7},
  number={6},
  pages={673--679},
  year={2001},
  publisher={Nature Publishing Group}
}

@article{tenenhaus2014variable,
  title={Variable selection for generalized canonical correlation analysis},
  author={Tenenhaus, Arthur and Philippe, Cathy and Guillemot, Vincent and Le Cao, Kim-Anh and Grill, Jacques and Frouin, Vincent},
  journal={Biostatistics},
  volume={15},
  number={3},
  pages={569--583},
  year={2014},
  publisher={Oxford University Press}
}

@article{wang2014similarity,
  title={Similarity network fusion for aggregating data types on a genomic scale},
  author={Wang, Bo and Mezlini, Aziz M and Demir, Feyyaz and Fiume, Marc and Tu, Zhuowen and Brudno, Michael and Haibe-Kains, Benjamin and Goldenberg, Anna},
  journal={Nature methods},
  volume={11},
  number={3},
  pages={333--337},
  year={2014},
  publisher={Nature Publishing Group}
}

@article{mo2013pattern,
  title={Pattern discovery and cancer gene identification in integrated cancer genomic data},
  author={Mo, Qianxing and Wang, Sijian and Seshan, Venkatraman E and Olshen, Adam B and Schultz, Nikolaus and Sander, Chris and Powers, R Scott and Ladanyi, Marc and Shen, Ronglai},
  journal={Proceedings of the National Academy of Sciences},
  volume={110},
  number={11},
  pages={4245--4250},
  year={2013},
  publisher={National Acad Sciences}
}

@article{pierre2020clustering,
  title={Clustering and variable selection evaluation of 13 unsupervised methods for multi-omics data integration},
  author={Pierre-Jean, Morgane and Deleuze, Jean-Fran{\c{c}}ois and Le Floch, Edith and Mauger, Florence},
  journal={Briefings in bioinformatics},
  volume={21},
  number={6},
  pages={2011--2030},
  year={2020},
  publisher={Oxford University Press}
}

@article{tibshirani1996regression,
  title={Regression selection and shrinkage via the lasso},
  author={Tibshirani, Robert},
  journal={Journal of the Royal Statistical Society Series B},
  volume={58},
  number={1},
  pages={267--288},
  year={1996}
}

@article{yuan2006model,
  title={Model selection and estimation in regression with grouped variables},
  author={Yuan, Ming and Lin, Yi},
  journal={Journal of the Royal Statistical Society: Series B (Statistical Methodology)},
  volume={68},
  number={1},
  pages={49--67},
  year={2006},
  publisher={Wiley Online Library}
}

@article{peng2020latent,
  title={A latent unknown clustering integrating multi-omics data (LUCID) with phenotypic traits},
  author={Peng, Cheng and Wang, Jun and Asante, Isaac and Louie, Stan and Jin, Ran and Chatzi, Lida and Casey, Graham and Thomas, Duncan C and Conti, David V},
  journal={Bioinformatics},
  volume={36},
  number={3},
  pages={842--850},
  year={2020},
  publisher={Oxford University Press}
}

@Manual{yu2022dlstats,
  title = {dlstats: Download Stats of R Packages},
  author = {Guangchuang Yu},
  year = {2022},
  note = {R package version 0.1.5},
  url = {https://CRAN.R-project.org/package=dlstats},
}

@article{jin2020perfluoroalkyl,
  title={Perfluoroalkyl substances and severity of nonalcoholic fatty liver in children: an untargeted metabolomics approach},
  author={Jin, Ran and McConnell, Rob and Catherine, Cioffi and Xu, Shujing and Walker, Douglas I and Stratakis, Nikos and Jones, Dean P and Miller, Gary W and Peng, Cheng and Conti, David V and others},
  journal={Environment international},
  volume={134},
  pages={105220},
  year={2020},
  publisher={Elsevier}
}

@article{stratakis2020prenatal,
  title={Prenatal exposure to perfluoroalkyl substances associated with increased susceptibility to liver injury in children},
  author={Stratakis, Nikos and V. Conti, David and Jin, Ran and Margetaki, Katerina and Valvi, Damaskini and Siskos, Alexandros P and Maitre, L{\'e}a and Garcia, Erika and Varo, Nerea and Zhao, Yinqi and others},
  journal={Hepatology},
  volume={72},
  number={5},
  pages={1758--1770},
  year={2020},
  publisher={Wiley Online Library}
}

@article{matta2022associations,
  title={Associations between persistent organic pollutants and endometriosis: A multiblock approach integrating metabolic and cytokine profiling},
  author={Matta, Komodo and Lefebvre, Tiphaine and Vigneau, Evelyne and Cariou, V{\'e}ronique and Marchand, Philippe and Guitton, Yann and Royer, Anne-Lise and Ploteau, St{\'e}phane and Le Bizec, Bruno and Antignac, Jean-Philippe and others},
  journal={Environment International},
  volume={158},
  pages={106926},
  year={2022},
  publisher={Elsevier}
}

@article{maitre2022state,
  title={State-of-the-Art Methods for Exposure-Health Studies: results from the Exposome Data Challenge Event},
  author={Maitre, L{\'e}a and Guimbaud, Jean-Baptiste and Warembourg, Charline and G{\"u}il-Oumrait, Nuria and Consortium, The Exposome Data Challenge Participant and Petrone, Paula Marcela and Chadeau-Hyam, Marc and Vrijheid, Martine and Gonzalez, Juan R and Basaga{\~n}a, Xavier},
  journal={arXiv preprint arXiv:2202.01680},
  year={2022}
}

@article{banfield1993model,
  title={Model-based Gaussian and non-Gaussian clustering},
  author={Banfield, Jeffrey D and Raftery, Adrian E},
  journal={Biometrics},
  pages={803--821},
  year={1993},
  publisher={JSTOR}
}

@article{celeux1995gaussian,
  title={Gaussian parsimonious clustering models},
  author={Celeux, Gilles and Govaert, G{\'e}rard},
  journal={Pattern recognition},
  volume={28},
  number={5},
  pages={781--793},
  year={1995},
  publisher={Elsevier}
}

@article{scrucca2016mclust,
  title={mclust 5: clustering, classification and density estimation using Gaussian finite mixture models},
  author={Scrucca, Luca and Fop, Michael and Murphy, T Brendan and Raftery, Adrian E},
  journal={The R journal},
  volume={8},
  number={1},
  pages={289},
  year={2016},
  publisher={NIH Public Access}
}

@article{schmidt2008sankey,
  title={The Sankey diagram in energy and material flow management: part II: methodology and current applications},
  author={Schmidt, Mario},
  journal={Journal of industrial ecology},
  volume={12},
  number={2},
  pages={173--185},
  year={2008},
  publisher={Wiley Online Library}
}

@article{fan2013tuning,
  title={Tuning parameter selection in high dimensional penalized likelihood},
  author={Fan, Yingying and Tang, Cheng Yong},
  journal={Journal of the Royal Statistical Society: Series B (Statistical Methodology)},
  volume={75},
  number={3},
  pages={531--552},
  year={2013},
  publisher={Wiley Online Library}
}

@article{fop2018variable,
  title={Variable selection methods for model-based clustering},
  author={Fop, Michael and Murphy, Thomas Brendan},
  journal={Statistics Surveys},
  volume={12},
  pages={18--65},
  year={2018},
  publisher={Amer. Statist. Assoc., the Bernoulli Soc., the Inst. Math. Statist., and the~…}
}

@article{zhou2009penalized,
  title={Penalized model-based clustering with unconstrained covariance matrices},
  author={Zhou, Hui and Pan, Wei and Shen, Xiaotong},
  journal={Electronic journal of statistics},
  volume={3},
  pages={1473},
  year={2009},
  publisher={NIH Public Access}
}

@article{pan2007penalized,
  title={Penalized model-based clustering with application to variable selection},
  author={Pan, Wei and Shen, Xiaotong},
  journal={Journal of Machine Learning Research},
  volume={8},
  number={May},
  pages={1145--1164},
  year={2007}
}

@book{davison1997bootstrap,
  title={Bootstrap methods and their application},
  author={Davison, Anthony Christopher and Hinkley, David Victor},
  number={1},
  year={1997},
  publisher={Cambridge university press}
}

@Manual{canty2021boot,
  title = {boot: Bootstrap Functions (Originally by Angelo Canty for S)},
  author = {Angelo Canty and Brian Ripley},
  year = {2021},
  note = {R package version 1.3-28},
  url = {https://CRAN.R-project.org/package=boot},
}

@article{zhang2021gaussian,
  title={Gaussian mixture model clustering with incomplete data},
  author={Zhang, Yi and Li, Miaomiao and Wang, Siwei and Dai, Sisi and Luo, Lei and Zhu, En and Xu, Huiying and Zhu, Xinzhong and Yao, Chaoyun and Zhou, Haoran},
  journal={ACM Transactions on Multimedia Computing, Communications, and Applications (TOMM)},
  volume={17},
  number={1s},
  pages={1--14},
  year={2021},
  publisher={ACM New York, NY}
}

@article{voillet2016handling,
  title={Handling missing rows in multi-omics data integration: multiple imputation in multiple factor analysis framework},
  author={Voillet, Valentin and Besse, Philippe and Liaubet, Laurence and San Cristobal, Magali and Gonz{\'a}lez, Ignacio},
  journal={BMC bioinformatics},
  volume={17},
  number={1},
  pages={1--16},
  year={2016},
  publisher={BioMed Central}
}

@article{CADIOU2021106509,
title = {Performance of approaches relying on multidimensional intermediary data to decipher causal relationships between the exposome and health: A simulation study under various causal structures},
journal = {Environment International},
volume = {153},
pages = {106509},
year = {2021},
issn = {0160-4120},
doi = {https://doi.org/10.1016/j.envint.2021.106509},
url = {https://www.sciencedirect.com/science/article/pii/S0160412021001343},
author = {Solène Cadiou and Xavier Basagaña and Juan R. Gonzalez and Johanna Lepeule and Martine Vrijheid and Valérie Siroux and Rémy Slama},
keywords = {Exposome, Variable selection, Multilayer, Omics, Specificity, Sensitivity, Reverse causality}
}

@article{lock2013joint,
  title={Joint and individual variation explained (JIVE) for integrated analysis of multiple data types},
  author={Lock, Eric F and Hoadley, Katherine A and Marron, James Stephen and Nobel, Andrew B},
  journal={The annals of applied statistics},
  volume={7},
  number={1},
  pages={523},
  year={2013},
  publisher={NIH Public Access}
}


@article{zhang2016estimating,
  title={Estimating and testing high-dimensional mediation effects in epigenetic studies},
  author={Zhang, Haixiang and Zheng, Yinan and Zhang, Zhou and Gao, Tao and Joyce, Brian and Yoon, Grace and Zhang, Wei and Schwartz, Joel and Just, Allan and Colicino, Elena and others},
  journal={Bioinformatics},
  volume={32},
  number={20},
  pages={3150--3154},
  year={2016},
  publisher={Oxford University Press}
}

@article{song2020bayesian,
  title={Bayesian shrinkage estimation of high dimensional causal mediation effects in omics studies},
  author={Song, Yanyi and Zhou, Xiang and Zhang, Min and Zhao, Wei and Liu, Yongmei and Kardia, Sharon LR and Roux, Ana V Diez and Needham, Belinda L and Smith, Jennifer A and Mukherjee, Bhramar},
  journal={Biometrics},
  volume={76},
  number={3},
  pages={700--710},
  year={2020},
  publisher={Wiley Online Library}
}

@article{albert2016causal,
  title={Causal mediation analysis with a latent mediator},
  author={Albert, Jeffrey M and Geng, Cuiyu and Nelson, Suchitra},
  journal={Biometrical Journal},
  volume={58},
  number={3},
  pages={535--548},
  year={2016},
  publisher={Wiley Online Library}
}

@article{derkach2019high,
  title={High dimensional mediation analysis with latent variables},
  author={Derkach, Andriy and Pfeiffer, Ruth M and Chen, Ting-Huei and Sampson, Joshua N},
  journal={Biometrics},
  volume={75},
  number={3},
  pages={745--756},
  year={2019},
  publisher={Wiley Online Library}
}

@article{kirk2012bayesian,
  title={Bayesian correlated clustering to integrate multiple datasets},
  author={Kirk, Paul and Griffin, Jim E and Savage, Richard S and Ghahramani, Zoubin and Wild, David L},
  journal={Bioinformatics},
  volume={28},
  number={24},
  pages={3290--3297},
  year={2012},
  publisher={Oxford University Press}
}

@article{lock2013bayesian,
  title={Bayesian consensus clustering},
  author={Lock, Eric F and Dunson, David B},
  journal={Bioinformatics},
  volume={29},
  number={20},
  pages={2610--2616},
  year={2013},
  publisher={Oxford University Press}
}

@article{hejblum2015time,
  title={Time-course gene set analysis for longitudinal gene expression data},
  author={Hejblum, Boris P and Skinner, Jason and Thi{\'e}baut, Rodolphe},
  journal={PLoS computational biology},
  volume={11},
  number={6},
  pages={e1004310},
  year={2015},
  publisher={Public Library of Science San Francisco, CA USA}
}

@article{curtis2012genomic,
  title={The genomic and transcriptomic architecture of 2,000 breast tumours reveals novel subgroups},
  author={Curtis, Christina and Shah, Sohrab P and Chin, Suet-Feung and Turashvili, Gulisa and Rueda, Oscar M and Dunning, Mark J and Speed, Doug and Lynch, Andy G and Samarajiwa, Shamith and Yuan, Yinyin and others},
  journal={Nature},
  volume={486},
  number={7403},
  pages={346--352},
  year={2012},
  publisher={Nature Publishing Group UK London}
}

@article{chan2008statistical,
  title={Statistical mixture modeling for cell subtype identification in flow cytometry},
  author={Chan, Cliburn and Feng, Feng and Ottinger, Janet and Foster, David and West, Mike and Kepler, Thomas B},
  journal={Cytometry Part A: The Journal of the International Society for Analytical Cytology},
  volume={73},
  number={8},
  pages={693--701},
  year={2008},
  publisher={Wiley Online Library}
}

@article{hejblum2019sequential,
  title={Sequential Dirichlet process mixtures of multivariate skew t-distributions for model-based clustering of flow cytometry data},
  author={Hejblum, Boris P and Alkhassim, Chariff and Gottardo, Raphael and Caron, Fran{\c{c}}ois and Thi{\'e}baut, Rodolphe},
  year={2019}
}

@inproceedings{prabhakaran2016dirichlet,
  title={Dirichlet process mixture model for correcting technical variation in single-cell gene expression data},
  author={Prabhakaran, Sandhya and Azizi, Elham and Carr, Ambrose and Pe’er, Dana},
  booktitle={International conference on machine learning},
  pages={1070--1079},
  year={2016},
  organization={PMLR}
}

@article{crook2018bayesian,
  title={A Bayesian mixture modelling approach for spatial proteomics},
  author={Crook, Oliver M and Mulvey, Claire M and Kirk, Paul DW and Lilley, Kathryn S and Gatto, Laurent},
  journal={PLoS computational biology},
  volume={14},
  number={11},
  pages={e1006516},
  year={2018},
  publisher={Public Library of Science San Francisco, CA USA}
}

@article{singh2019diablo,
  title={DIABLO: an integrative approach for identifying key molecular drivers from multi-omics assays},
  author={Singh, Amrit and Shannon, Casey P and Gautier, Beno{\^\i}t and Rohart, Florian and Vacher, Micha{\"e}l and Tebbutt, Scott J and L{\^e} Cao, Kim-Anh},
  journal={Bioinformatics},
  volume={35},
  number={17},
  pages={3055--3062},
  year={2019},
  publisher={Oxford University Press}
}

@manual{visdat,
  title = {visdat: Visualising Whole Data Frames Including Missing Values},
  author = {Nicholas Tierney},
  year = {2023},
  note = {R package version 0.5.3},
  url = {https://cran.r-project.org/package=visdat}
}

@manual{LUCIDus,
  title = {LUCIDus: LUCID with Multiple Omics Data},
  author = {Qiran Jia and Yinqi Zhao and David Conti and Jesse Goodrich},
  year = {2024},
  note = {R package version 3.0.2},
  url = {https://CRAN.R-project.org/package=LUCIDus},
  publisher = {Comprehensive R Archive Network (CRAN)},
  note = {R package version 3.0.2, Published: 2024-07-08},
  keywords = {MissingData, Omics}
}