@book{pkg:maps,
author = {R.~{Brownrigg and T.~P. Minka}},
title = {{maps: Draw Geographical Maps, }},
publisher = {R package version 2.1-6},
year = {2011},
url = {http://CRAN.R-project.org/package=maps}
}
@book{pkg:maptools,
author = {N.~J. {Lewin-Koh and R.~Bivand}},
title = {{maptools: Tools for reading and handling spatial objects, }},
publisher = {R package version 0.8-6},
year = {2011},
url = {http://CRAN.R-project.org/package=maptools}
}
@book{pkg:grImport,
author = {P.~{Murrell}},
title = {{Importing vector graphics: The grImport package for R}},
publisher = {Journal of Statistical Software 30 (4):},
pages = {1--37},
year = {2009},
url = {http://www.jstatsoft.org/v30/i04/}
}
@book{pkg:lattice:b,
author = {D.~{Sarkar}},
title = {{Lattice: Multivariate Data Visualization with R}},
publisher = {Springer New York},
year = {2008},
url = {http://lmdvr.r-forge.r-project.org},
isbn = {978-0-387-75968-5}
}
@book{gshhs,
author = {P.~{Wessel and W.~H.~F. Smith}},
title = {{A global self-consistent, hierarchical, high-resolution shoreline database}},
publisher = {Journal of Geophysical Research pages},
pages = {8741--8743},
year = {1996}
}

