@String{http = "http://CRAN.R-project.org/doc/Rnews/"}
@String{Rnews2001-1 = "http://CRAN.R-project.org/doc/Rnews/Rnews_2001-1.pdf"}
@String{Rnews2001-2 = "http://CRAN.R-project.org/doc/Rnews/Rnews_2001-2.pdf"}
@String{Rnews2001-3 = "http://CRAN.R-project.org/doc/Rnews/Rnews_2001-3.pdf"}
@String{Rnews2002-1 = "http://CRAN.R-project.org/doc/Rnews/Rnews_2002-1.pdf"}
@String{Rnews2002-2 = "http://CRAN.R-project.org/doc/Rnews/Rnews_2002-2.pdf"}
@String{Rnews2002-3 = "http://CRAN.R-project.org/doc/Rnews/Rnews_2002-3.pdf"}
@String{Rnews2003-1 = "http://CRAN.R-project.org/doc/Rnews/Rnews_2003-1.pdf"}
@String{Rnews2003-2 = "http://CRAN.R-project.org/doc/Rnews/Rnews_2003-2.pdf"}
@String{Rnews2003-3 = "http://CRAN.R-project.org/doc/Rnews/Rnews_2003-3.pdf"}
@String{Rnews2004-1 = "http://CRAN.R-project.org/doc/Rnews/Rnews_2004-1.pdf"}
@String{Rnews2004-2 = "http://CRAN.R-project.org/doc/Rnews/Rnews_2004-2.pdf"}
@String{Rnews2005-1 = "http://CRAN.R-project.org/doc/Rnews/Rnews_2005-1.pdf"}
@String{Rnews2005-2 = "http://CRAN.R-project.org/doc/Rnews/Rnews_2005-2.pdf"}
@String{Rnews2006-1 = "http://CRAN.R-project.org/doc/Rnews/Rnews_2006-1.pdf"}
@String{Rnews2006-2 = "http://CRAN.R-project.org/doc/Rnews/Rnews_2006-2.pdf"}
@String{Rnews2006-3 = "http://CRAN.R-project.org/doc/Rnews/Rnews_2006-3.pdf"}
@String{Rnews2006-4 = "http://CRAN.R-project.org/doc/Rnews/Rnews_2006-4.pdf"}
@String{Rnews2006-5 = "http://CRAN.R-project.org/doc/Rnews/Rnews_2006-5.pdf"}
@String{Rnews2007-1 = "http://CRAN.R-project.org/doc/Rnews/Rnews_2007-1.pdf"}
@String{Rnews2007-2 = "http://CRAN.R-project.org/doc/Rnews/Rnews_2007-2.pdf"}
@String{Rnews2007-3 = "http://CRAN.R-project.org/doc/Rnews/Rnews_2007-3.pdf"}
@String{Rnews2008-1 = "http://CRAN.R-project.org/doc/Rnews/Rnews_2008-1.pdf"}
@String{Rnews2008-2 = "http://CRAN.R-project.org/doc/Rnews/Rnews_2008-2.pdf"}

@Book{R:Chambers:2008,
  author = {John M. Chambers},
  title = {Software for Data Analysis: Programming with {R}},
  publisher = {Springer},
  year = 2008,
  address = {New York},
  note = {ISBN 978-0-387-75935-7},
}

@Article{RArticle,
  author = 	 {Ross Ihaka and Robert Gentleman},
  title = 	 {R: A language for data analysis and graphics},
  journal = 	 {Journal of Computational and Graphical Statistics},
  year = 	 1996,
  volume = 	 5,
  pages = 	 {299-314}}

@Article{Rnews:FoxEd2:2008,
  author       = {John Fox},
  title        = {Editorial},
  journal      = {R News},
  year         = 2008,
  volume       = 8,
  number       = 2,
  pages        = {1--2},
  month        = {October},
  url          = http,
  pdf          = Rnews2008-1
}

@Book{Shalit,
  author = 	 {Andrew Shalit},
  title = 	 {The Dylan Reference Manual},
  publisher = 	 {Addison-Wesley Developers Press, Reading, Mass.},
  year = 	 1996,
  note = {ISBN 0-201-44211-6}
}

@Book{Iverson:1962,
  author = 	 {Kenneth E. Iverson},
  title = 	 {A Programming Language},
  publisher = 	 {Wiley},
  year = 	 1962}


@book{R:Becker+Chambers+Wilks:1988,
  author = {Richard A. Becker and John M. Chambers and Allan
                  R. Wilks},
  title = {The New {S} Language},
  publisher = {Chapman \& Hall},
  year = 1988,
  address = {London},
}

@Article{Rnews:Tierney:2003,
  author       = {Luke Tierney},
  title	       = {Name Space Management for {R}},
  journal      = {R News},
  year	       = 2003,
  volume       = 3,
  number       = 1,
  pages	       = {2--6},
  month	       = {June},
  url	       = http,
  pdf	       = Rnews2003-1
}

@book{R:Chambers+Hastie:1992,
  author = {John M. Chambers and Trevor J. Hastie},
  title = {Statistical Models in {S}},
  publisher = {Chapman \& Hall},
  year = 1992,
  address = {London},
  note = {ISBN 9780412830402},
  publisherurl = {http://www.crcpress.com/shopping_cart/products/product_detail.asp?sku=C3040&parent_id=&pc=},
  abstract = {This is also called the ``\emph{White Book}''.
                  It described software for statistical modeling in S
                  and introduced the S3 version of classes and methods.},
  orderinfo = {crcpress.txt}
}

@book{R:Chambers:1998,
  author = {John M. Chambers},
  title = {Programming with Data},
  publisher = {Springer},
  year = 1998,
  address = {New York},
  note = {ISBN 0-387-98503-4},
  url = {http://cm.bell-labs.com/cm/ms/departments/sia/Sbook/},
  publisherurl = {http://www.springeronline.com/sgw/cda/frontpage/0,11855,4-40109-22-2008951-0,00.html},
  abstract = {This ``\emph{Green Book}'' describes version 4 of S, a
                  major revision of S designed by John Chambers to
                  improve its usefulness at every stage of the
                  programming process.},
  orderinfo = {springer.txt}
}

@Article{Rnews:Ripley:2005a,
  author       = {Brian D. Ripley},
  title	       = {Internationalization Features of {R} 2.1.0},
  journal      = {R News},
  year	       = 2005,
  volume       = 5,
  number       = 1,
  pages	       = {2--7},
  month	       = {May},
  url	       = http,
  pdf	       = Rnews2005-1
}

@Article{Rnews:Ripley:2005b,
  author       = {Brian D. Ripley},
  title	       = {Packages and their Management in {R} 2.1.0},
  journal      = {R News},
  year	       = 2005,
  volume       = 5,
  number       = 1,
  pages	       = {8--11},
  month	       = {May},
  url	       = http,
  pdf	       = Rnews2005-1
}
