@book{tidystyle,
	title = {The tidyverse style guide},
	url = {https://style.tidyverse.org/},
	abstract = {A book created with bookdown.},
	language = {en},
	year = {2023},
	urldate = {2023-10-04},
	author = {Wickham, Hadley},
	file = {Snapshot:/home/eze/Zotero/storage/KSF8K8NI/style.tidyverse.org.html:text/html},
}

@Manual{R,
  title = {R: A Language and Environment for Statistical Computing},
  author = {{R Core Team}},
  organization = {R Foundation for Statistical Computing},
  address = {Vienna, Austria},
  year = {2012},
  note = {{ISBN} 3-900051-07-0},
  url = {http://www.R-project.org/},
}

@article{ihaka:1996,
  Author = {Ihaka, Ross and Gentleman, Robert},
	Journal = {Journal of Computational and Graphical Statistics},
	Number = 3,
	Pages = {299--314},
	Title = {R: A Language for Data Analysis and Graphics},
	Volume = 5,
	Year = 1996}
	
@misc{venkatraman:2013,
	title = {When {All} {Science} {Becomes} {Data} {Science}},
	url = {https://www.sciencemag.org/careers/2013/05/when-all-science-becomes-data-science},
	language = {en},
	urldate = {2020-04-30},
	journal = {Science {\textbar} AAAS},
	author = {Venkatraman, Vijaysree},
	month = may,
	year = {2013},
	note = {Library Catalog: www.sciencemag.org}
}

@article{donoho:2017,
	title = {50 {Years} of {Data} {Science}},
	volume = {26},
	issn = {1061-8600},
	url = {https://amstat.tandfonline.com/doi/full/10.1080/10618600.2017.1384734},
	doi = {10.1080/10618600.2017.1384734},
	number = {4},
	urldate = {2020-04-30},
	journal = {Journal of Computational and Graphical Statistics},
	author = {Donoho, David},
	month = oct,
	year = {2017},
	note = {Publisher: Taylor \& Francis},
	pages = {745--766}
}

@book{beven:2012,
	address = {Chichester},
	edition = {2 edition},
	title = {Rainfall - {Runoff} {Modelling}},
	isbn = {978-0-470-86671-9},
	shorttitle = {Rainfall - {Runoff} {Modelling}},
	language = {English},
	publisher = {Wiley},
	author = {Beven, Keith J.},
	month = mar,
	year = {2012}
}

@Manual{r_lang:2020,
    title = {R: A Language and Environment for Statistical Computing},
    author = {{R Core Team}},
    organization = {R Foundation for Statistical Computing},
    address = {Vienna, Austria},
    year = {2020},
    url = {https://www.R-project.org/},
  }
  
  @Article{vitolo:2017,
    doi = {10.21105/joss.00056},
    year = {2017},
    month = {01},
    publisher = {The Open Journal},
    volume = {2},
    number = {9},
    author = {Vitolo, Claudia},
    title = {hddtools: Hydrological Data Discovery Tools},
    journal = {The Journal of Open Source Software},
  }


@Manual{no_more,
    author = {Bartosz Czernecki and Arkadiusz Głogowski and Jakub Nowosad},
    journal = {Sustainability},
    title = {Climate: An R Package to Access Free In-Situ Meteorological and Hydrological Datasets For Environmental Assessment},
    year = {2020},
    pages = {394},
    volume = {12},
    doi = {10.3390/su12010394},
    note = {R package version 0.9.1},
    url = {https://github.com/bczernecki/climate/},
  }
  
@article{climate:2020,
	title = {Climate: {An} {R} {Package} to {Access} {Free} {In}-{Situ} {Meteorological} and {Hydrological} {Datasets} {For} {Environmental} {Assessment}},
	volume = {12},
	copyright = {http://creativecommons.org/licenses/by/3.0/},
	issn = {2071-1050},
	url = {https://www.mdpi.com/2071-1050/12/1/394},
	doi = {10.3390/su12010394},
	language = {en},
	number = {1},
	urldate = {2022-11-01},
	journal = {Sustainability},
	author = {Czernecki, Bartosz and Głogowski, Arkadiusz and Nowosad, Jakub},
	month = jan,
	year = {2020}
}
  
  @Manual{ryberg:2017,
    title = {waterData: Retrieval, Analysis, and Anomaly Calculation of Daily Hydrologic
Time Series Data},
    author = {Karen R. Ryberg and Aldo V. Vecchia},
    year = {2017},
    note = {R package version 1.0.8},
    url = {https://CRAN.R-project.org/package=waterData},
  }
  
@Manual{zambrano:2020,
  title = {hydroTSM: Time Series Management, Analysis and Interpolation for Hydrological Modelling},
  author = {Zambrano-Bigiarini, Mauricio},
  year = {2020},
  note = {R package version 0.6-0 . doi: https://doi.org/10.5281/zenodo.83964},
    url = {https://github.com/hzambran/hydroTSM},
  }

@Manual{cicco:2018,
    author = {Laura A. {De Cicco} and David Lorenz and Robert M. Hirsch and William Watkins and Mike Johnson},
    title = {dataRetrieval: R packages for discovering and retrieving water data available from U.S. federal hydrologic web services},
    publisher = {U.S. Geological Survey},
    address = {Reston, VA},
    version = {2.7.7},
    institution = {U.S. Geological Survey},
    year = {2018},
    doi = {10.5066/P9X4L3GE},
    url = {https://code.usgs.gov/water/dataRetrieval},
  }

@Manual{hyfo:2020,
    title = {hyfo: Hydrology and Climate Forecasting},
    author = {Yuanchao Xu},
    year = {2020},
    note = {R package version 1.4.3},
    url = {https://CRAN.R-project.org/package=hyfo},
  }
  
  @Manual{shook:2016,
    title = {{Reanalysis}: Creates Cold Regions Hydrological Modelling (CRHM) platform observations files from reanalysis data.},
    author = {Kevin Shook},
    year = {2016},
    url = {https://github.com/CentreForHydrology/Reanalysis},
  }
  
  @Manual{shook:2015,
    title = {{MSCr}: a package for reading data from the Meteorological Service of Canada (MSC) webserver and producing obs files for the Cold Regions Hydrological Modelling (CRHM) platform.},
    author = {Kevin Shook},
    year = {2015},
    url = {www.usask.ca/hydrology/RPkgs.php/},
  }
  
  @book{chambers:2017,
	title = {Extending {R}},
	isbn = {978-1-4987-7572-4},
	language = {en},
	publisher = {CRC Press},
	author = {Chambers, John M.},
	month = dec,
	year = {2017}	
}

@article{slater:2019,
	title = {Using {R} in hydrology: a review of recent developments and future directions},
	issn = {1027-5606},
	shorttitle = {Using {R} in hydrology},
	url = {https://www.hydrol-earth-syst-sci-discuss.net/hess-2019-50/},
	doi = {https://doi.org/10.5194/hess-2019-50},
	language = {English},
	urldate = {2019-05-06},
	journal = {Hydrology and Earth System Sciences Discussions},
	author = {Slater, Louise J. and Thirel, Guillaume and Harrigan, Shaun and Delaigue, Olivier and Hurley, Alexander and Khouakhi, Abdou and Prodoscimi, Ilaria and Vitolo, Claudia and Smith, Katie},
	month = feb,
	year = {2019},
	pages = {1--33}	
}

@Manual{toum:2021,
    title = {{HBV.IANIGLA}: Modular Hydrological Model},
    author = {Ezequiel Toum},
    year = {2021},
    note = {0.2.0},
    url = {https://CRAN.R-project.org/package=HBV.IANIGLA},
  }
  
  @article{ceola:2015,
	title = {Virtual laboratories: new opportunities for collaborative water science},
	volume = {19},
	issn = {1027-5606},
	shorttitle = {Virtual laboratories},
	url = {https://www.hydrol-earth-syst-sci.net/19/2101/2015/hess-19-2101-2015.html},
	doi = {https://doi.org/10.5194/hess-19-2101-2015},
	language = {English},
	number = {4},
	urldate = {2019-06-18},
	journal = {Hydrology and Earth System Sciences},
	author = {Ceola, S. and Arheimer, B. and Baratti, E. and Blöschl, G. and Capell, R. and Castellarin, A. and Freer, J. and Han, D. and Hrachowitz, M. and Hundecha, Y. and Hutton, C. and Lindström, G. and Montanari, A. and Nijzink, R. and Parajka, J. and Toth, E. and Viglione, A. and Wagener, T.},
	month = apr,
	year = {2015},
	pages = {2101--2117}	
}

@article{hutton:2016,
	title = {Most computational hydrology is not reproducible, so is it really science?},
	volume = {52},
	copyright = {© 2016. American Geophysical Union. All Rights Reserved.},
	issn = {1944-7973},
	url = {https://agupubs.onlinelibrary.wiley.com/doi/abs/10.1002/2016WR019285},
	doi = {10.1002/2016WR019285},
	language = {en},
	number = {10},
	urldate = {2019-06-18},
	journal = {Water Resources Research},
	author = {Hutton, Christopher and Wagener, Thorsten and Freer, Jim and Han, Dawei and Duffy, Chris and Arheimer, Berit},
	year = {2016},
	keywords = {hydrology, code, reproducibility, software, verification, workflows},
	pages = {7548--7555}
	}
	
	@techreport{goodinson:1998,
	title = {{WMO}  {Solid} {Precipitation} {Measurement} {Intercomparison}},
	language = {English},
	number = {67},
	institution = {WMO},
	author = {Goodinson and Louie},
	year = {1998},
	note = {0348},
	pages = {318}
}

@Book{ggplot2_pkg,
    author = {Hadley Wickham},
    title = {ggplot2: Elegant Graphics for Data Analysis},
    publisher = {Springer-Verlag New York},
    year = {2016},
    isbn = {978-3-319-24277-4},
    url = {https://ggplot2.tidyverse.org}
  }

@Book{plotly_pkg,
    author = {Carson Sievert},
    title = {Interactive Web-Based Data Visualization with R, plotly, and shiny},
    publisher = {Chapman and Hall/CRC},
    year = {2020},
    isbn = {9781138331457},
    url = {https://plotly-r.com}
  }
  
@Manual{xtable:2019,
  title = {xtable: Export Tables to LaTeX or HTML},
  author = {David B. Dahl and David Scott and Charles Roosen and Arni Magnusson and Jonathan Swinton},
  year = {2019},
  note = {R package version 1.8-4},
  url = {https://CRAN.R-project.org/package=xtable},
  }
  
@Manual{dplyr:2021,
    title = {dplyr: A Grammar of Data Manipulation},
    author = {Hadley Wickham and Romain François and Lionel Henry and Kirill Müller},
    year = {2021},
    note = {R package version 1.0.5},
    url = {https://CRAN.R-project.org/package=dplyr},
  }
  
@Article{tidyhydat:2017,
    title = {tidyhydat: Extract and Tidy Canadian Hydrometric Data},
    author = {Sam Albers},
    doi = {10.21105/joss.00511},
    url = {http://dx.doi.org/10.21105/joss.00511},
    year = {2017},
    publisher = {The Open Journal},
    volume = {2},
    number = {20},
    journal = {The Journal of Open Source Software},
  }
  
@Article{weathercan:2018,
    title = {{weathercan}: {D}ownload and format weather data from Environment and Climate Change Canada},
    author = {Stefanie E LaZerte and Sam Albers},
    journal = {The Journal of Open Source Software},
    volume = {3},
    number = {22},
    pages = {571},
    year = {2018},
    url = {https://joss.theoj.org/papers/10.21105/joss.00571},
  }
  
@Manual{leaflet:2021,
    title = {leaflet: Create Interactive Web Maps with the JavaScript 'Leaflet'
Library},
    author = {Joe Cheng and Bhaskar Karambelkar and Yihui Xie},
    year = {2021},
    note = {R package version 2.0.4.1},
    url = {https://CRAN.R-project.org/package=leaflet},
  }
  
@Manual{raster:2017,
  title = {raster: Geographic Data Analysis and Modeling},
  author = {Robert J. Hijmans},
  year = {2017},
  note = {R package version 2.6-7},
  url = {https://CRAN.R-project.org/package=raster}
}

 @Manual{netcdf:2019,
    title = {ncdf4: Interface to Unidata netCDF (Version 4 or Earlier) Format Data
Files},
    author = {David Pierce},
    year = {2019},
    note = {R package version 1.17},
    url = {https://CRAN.R-project.org/package=ncdf4},
  }
  
  @article{saga:2015,
	title = {System for {Automated} {Geoscientific} {Analyses} ({SAGA}) v. 2.1.4},
	volume = {8},
	issn = {1991-959X},
	url = {https://www.geosci-model-dev.net/8/1991/2015/gmd-8-1991-2015.html},
	doi = {https://doi.org/10.5194/gmd-8-1991-2015},
	language = {English},
	number = {7},
	urldate = {2020-01-30},
	journal = {Geoscientific Model Development},
	author = {Conrad, O. and Bechtel, B. and Bock, M. and Dietrich, H. and Fischer, E. and Gerlitz, L. and Wehberg, J. and Wichmann, V. and Böhner, J.},
	month = jul,
	year = {2015}
}

@Manual{htoolbox:2021,
    title = {hydrotoolbox: Hydrological Tools for Handling Hydro-Meteorological Data Records},
    author = {Ezequiel Toum},
    year = {2022},
    note = {1.1.0},
    url = {https://CRAN.R-project.org/package=hydrotoolbox},
  }
  
  @article{toum-rj:2021,
  author = {Ezequiel Toum and Mariano H. Masiokas and Ricardo Villalba
          and Pierre Pitte and Lucas Ruiz},
  title = {{The HBV.IANIGLA Hydrological Model}},
  year = {2021},
  journal = {{The R Journal}},
  doi = {10.32614/RJ-2021-059},
  url = {https://doi.org/10.32614/RJ-2021-059},
  pages = {378--395},
  volume = {13},
  number = {1}
}


@article{addor:2020,
	title = {Large-sample hydrology: recent progress, guidelines for new datasets and grand challenges},
	volume = {65},
	issn = {0262-6667},
	shorttitle = {Large-sample hydrology},
	url = {https://doi.org/10.1080/02626667.2019.1683182},
	doi = {10.1080/02626667.2019.1683182},
	urldate = {2021-08-23},
	journal = {Hydrological Sciences Journal},
	author = {Addor, Nans and Do, Hong X. and Alvarez-Garreton, Camila and Coxon, Gemma and Fowler, Keirnan and Mendoza, Pablo A.},
	month = apr,
	year = {2020},
	pages = {712--725}
}

@Article{sf:2018,
    author = {Edzer Pebesma},
    title = {{Simple Features for R: Standardized Support for Spatial Vector Data}},
    year = {2018},
    journal = {{The R Journal}},
    doi = {10.32614/RJ-2018-009},
    url = {https://doi.org/10.32614/RJ-2018-009},
    pages = {439--446},
    volume = {10},
    number = {1},
  }
  
  @article{camila:2018,
	title = {The {CAMELS}-{CL} dataset: catchment attributes and meteorology for large sample studies – {Chile} dataset},
	volume = {22},
	issn = {1027-5606},
	shorttitle = {The {CAMELS}-{CL} dataset},
	url = {https://www.hydrol-earth-syst-sci.net/22/5817/2018/},
	doi = {https://doi.org/10.5194/hess-22-5817-2018},
	language = {English},
	number = {11},
	urldate = {2019-10-29},
	journal = {Hydrology and Earth System Sciences},
	author = {Alvarez-Garreton, Camila and Mendoza, Pablo A. and Boisier, Juan Pablo and Addor, Nans and Galleguillos, Mauricio and Zambrano-Bigiarini, Mauricio and Lara, Antonio and Puelma, Cristóbal and Cortes, Gonzalo and Garreaud, Rene and McPhee, James and Ayala, Alvaro},
	month = nov,
	year = {2018},
	note = {0371},
	pages = {5817--5846}
}

@article{addor:2017,
	title = {The {CAMELS} data set: catchment attributes and meteorology for large-sample studies},
	volume = {21},
	issn = {1027-5606},
	shorttitle = {The {CAMELS} data set},
	url = {https://hess.copernicus.org/articles/21/5293/2017/},
	doi = {10.5194/hess-21-5293-2017},
	language = {English},
	number = {10},
	urldate = {2021-08-26},
	journal = {Hydrology and Earth System Sciences},
	author = {Addor, Nans and Newman, Andrew J. and Mizukami, Naoki and Clark, Martyn P.},
	month = oct,
	year = {2017},
	note = {Publisher: Copernicus GmbH},
	pages = {5293--5313}
}


@Manual{readr_pkg,
    title = {readr: Read Rectangular Text Data},
    author = {Hadley Wickham and Jim Hester and Jennifer Bryan},
    year = {2022},
    note = {R package version 2.1.2},
    url = {https://CRAN.R-project.org/package=readr},
  }
  
@book{hadley_r_data,
	address = {Sebastopol, CA},
	edition = {Edición: 1},
	title = {R for {Data} {Science}: {Import}, {Tidy}, {Transform}, {Visualize}, and {Model} {Data}},
	isbn = {978-1-4919-1039-9},
	shorttitle = {R for {Data} {Science}},
	language = {English},
	publisher = {O'Reilly Media},
	author = {Wickham, Hadley and Grolemund, Garrett},
	year = {2017}
}

