        
@Article{Keizer2011,
  author          = {Keizer, Ron J and van Benten, Michel and Beijnen, Jos H and Schellens, Jan H M and Huitema, Alwin D R},
  title           = {Piraña and PCluster: a modeling environment and cluster infrastructure for NONMEM.},
  journal         = {Computer methods and programs in biomedicine},
  year            = {2011},
  volume          = {101},
  number          = {1},
  pages           = {72--79},
 url = {https://doi.org/10.1016/j.cmpb.2010.04.018},
}

@Article{Lindbom2005,
  author          = {Lindbom, Lars and Pihlgren, Pontus and Jonsson, E Niclas and Jonsson, Niclas},
  title           = {PsN-Toolkit--a collection of computer intensive statistical methods for non-linear mixed effect modeling using NONMEM.},
  journal         = {Computer methods and programs in biomedicine},
  year            = {2005},
  volume          = {79},
  number          = {3},
  pages           = {241--257},
  url = {https://doi.org/10.1016/j.cmpb.2005.04.005},
}

@Article{Jonsson1999,
  author          = {Jonsson, E N and Karlsson, M O},
  title           = {Xpose--an {S-PLUS} based population pharmacokinetic/pharmacodynamic model building aid for NONMEM.},
  journal         = {Computer methods and programs in biomedicine},
  year            = {1999},
  volume          = {58},
  number          = {1},
  pages           = {51--64},
}

@Article{Wang2016,
  author          = {Wang, W and Hallow, K M and James, D A},
  title           = {{A Tutorial on RxODE: Simulating Differential Equation Pharmacometric Models in R.}},
  journal         = {CPT: pharmacometrics \& systems pharmacology},
  year            = {2016},
  volume          = {5},
  number          = {1},
  pages           = {3--10},
  url = {https://doi.org/110.1002/psp4.12052},
}

@Book{Dasu2003,
  title     = {Exploratory Data Mining and Data Cleaning.},
  publisher = {Wiley-IEEE},
  year      = {2003},
  author    = {Dasu, Tamraparni and Johnson, Theodore},
}

@Article{Grasela2007,
  author          = {Grasela, Thaddeus H and Fiedler-Kelly, Jill and Cirincione, Brenda and Hitchcock, Darcy and Reitz, Kathleen and Sardella, Susanne and Smith, Barry},
  title           = {Informatics: the fuel for pharmacometric analysis.},
  journal         = {The AAPS journal},
  year            = {2007},
  volume          = {9},
  number          = {1},
  pages           = {E84--E91},
  url = {https://doi.org/10.1208/aapsj0901008},
}

@Article{Chen2017,
  author       = {Chen, Shi-Yi and Liu, Qin and Feng, Zhe},
  title        = {Common data manipulations with R in biological researches.},
  journal      = {Journal of thoracic disease},
  year         = {2017},
  volume       = {9},
  number       = {7},
  pages        = {2209--2213},
   url = {https://doi.org/10.21037/jtd.2017.06.48},
}

@Misc{Mouksassi2019,
  author       = {Mouksassi, S.},
  title        = {{Ggplot and summary statistics quick exploration of data. The ggquickeda package.}},
  howpublished = {\url{https://github.com/smouksassi/ggquickeda}},
  year         = {2019},
  note         = {Accessed: 2019-07-08},
}

@Misc{Mouksassi2016,
  author       = {Mouksassi, S},
  title        = {{Rshiny app as interface to ggplot2. The ggplotwithyourdata package.}},
  howpublished = {\url{https://github.com/smouksassi/ggplotwithyourdata}},
  year         = {2016},
  note         = {Accessed 2019-07-08},
}

@Misc{Keizer2018,
  author       = {Keizer, Ron J},
  title        = {{R library to create visual predictive checks. The vpc package.}},
  howpublished = {\url{https://github.com/ronkeizer/vpc}},
  year         = {2018},
  note         = {Accessed 2019-07-08},
}

@Misc{Baron2019,
  author       = {Baron, K T},
  title        = {{The mrgsolve package.}},
  howpublished = {\url{https://mrgsolve.github.io}},
  year         = {2019},
  note         = {Accessed 2019-07-08},
}

@Misc{Keizer2015,
  author       = {Keizer, Ron J},
  title        = {{R library for simulation of PKPD models defined as ODE systems. The PKPDsim package.}},
  howpublished = {\url{https://github.com/ronkeizer/PKPDsim}},
  year         = {2015},
  note         = {Accessed 2019-07-08},
}

@Misc{,
  author       = {Lavielle, M},
  title        = {mlxR package.},
  howpublished = {\url{https://github.com/MarcLavielle/mlxR}},
  note         = {Accessed: 2019-07-08},
}

@Article{Wickham2014,
  author    = {Wickham, Hadley and others},
  title     = {Tidy data},
  journal   = {Journal of Statistical Software},
  year      = {2014},
  volume    = {59},
  number    = {10},
  pages     = {1--23},
  publisher = {Foundation for Open Access Statistics},
}

@Misc{Beal2009,
  author = {Beal, S and Sheiner, L.B and Boeckmann, A and Bauer, R.J},
  title  = {NONMEM User’s guide. (1989-2009)},
  year   = {2009},
  note   = {Icon Development Solutions, Ellicott City, MD, USA},
}

@Book{Owen2014,
  title     = {Introduction to population pharmacokinetic and pharmacodynamic analysis with nonlinear mixed effects models.},
  publisher = {Wiley},
  year      = {2014},
  author    = {Owen, JS and Fiedler-Kelly, J},
}

@Book{Wickham2016,
  title     = {R for Data Science: Import, Tidy, Transform, Visualize, and Model Data.},
  publisher = {O’Really Media},
  year      = {2016},
  author    = {Wickham, Hadley and Grolemund, Garrett},
}

@Misc{Wickham2017,
  author       = {Wickham, H},
  title        = {{The tidyverse package.}},
  howpublished = {\url{https://www.tidyverse.org/}},
  month        = nov,
  year         = {2017},
  note         = {Accessed 2019-07-08},
}

@Book{Xie2018,
  title     = {R Markdown: The Definitive Guide},
  publisher = {Chapman \& Hall/CRC},
  year      = {2018},
  author    = {Xie, Yihui and Allaire, J J and Grolemund, Garrett},
}

@Misc{RStudio,
  author       = {{RStudio team}},
  title        = {{Rmarkdown: dynamic documents for R. The rmardown package}},
  howpublished = {\url{https://rmarkdown.rstudio.com/}},
  note         = {Accessed 2019-10-28},
}

@Misc{Lixoft,
  author       = {{Lixoft}},
  title        = {{MONOLIX 2019 version documentation}},
  howpublished = {\url{http://monolix.lixoft.com/}},
  note         = {Accessed 2019-10-28},
}

@Article{Fidler2019,
  author          = {Fidler, Matthew and Wilkins, Justin J and Hooijmaijers, Richard and Post, Teun M and Schoemaker, Rik and Trame, Mirjam N and Xiong, Yuan and Wang, Wenping},
  title           = {Nonlinear Mixed-Effects Model Development and Simulation Using nlmixr and Related R Open-Source Packages.},
  journal         = {CPT: pharmacometrics \& systems pharmacology},
  year            = {2019},
  volume          = {8},
  pages           = {621--633},
 url = {https://doi.org/10.1002/psp4.12445},
}

@Misc{DISC,
  author       = {{{Clinical Data Interchange Standards Consortium documentation}}},
  howpublished = {\url{https://www.cdisc.org/standards/foundational/sdtm}},
  note         = {Accessed 2019-11-29},
}

@Misc{Comets2011,
  author       = {Comets, E and Lavenu, A and Lavielle, M},
  title        = {{saemix: Stochastic Approximation Expectation Maximization (SAEM) algorithm}},
  howpublished = {\url{https://rdrr.io/cran/saemix/man/saemix.html}},
  year         = {2011},
  note         = {Accessed 2019-11-29},
}
