@article{AnDo02,
  author = {C. Andrieu and A. Doucet},
  title = {Particle filtering for partially observed Gaussian state space models},
  journal = { Journal of the Royal Statistical Society: Series B (Methodological)},
  year = {2002},
  pages = {827--836},
 volume = {64},
   month = oct,
  url = { https://doi.org/10.1111/1467-9868.00363}
}

@article{Ak20,
  author = {T. Aktekin and N. Polson and R. Soyer},
  title = {A family of multivariate non‐gaussian time series models},
  journal = { Journal of Time Series Analysis},
  volume = {41},
 number={5},
  year = {2020},
  pages = {385--409},
   month = may,
  url = {https://doi.org/10.1111/jtsa.12529}
}

@article{Ak18,
  author = {T. Aktekin and N. Polson and R. Soyer},
  title = {Sequential Bayesian analysis of multivariate count data},
  journal = { Bayesian Analysis},
  year = {2018},
  pages = {385--409},
 volume = {13},
 number={2},
  month = jun,
  url = {https://doi.org/10.1214/17-BA1054}
}

@article{Re20,
  author = {A. T. Rego and T. R. dos Santos},
  title = {Non-Gaussian stochastic volatility model with jumps via Gibbs sampler},
  journal = { Statistics and Its Interface},
  year = {2020},
  pages = {209--219},
 volume = {13},
  month = jul,
  url = {https://dx.doi.org/10.4310/SII.2020.v13.n2.a6}
}

@article{Ak13,
  author = {T. Aktekin and R. Soyer and F. Xu },
  title = { Assessment of mortgage default risk via Bayesian state space models},
  journal = { The Annals of Applied Statistics},
  year = {2013},
  pages = {1450-1473},
 volume = {7},
 number={3},
  month = apr,
  url = {https://www.jstor.org/stable/23566480}
}

@book{Br96,
  author = {P. J. Brockwell and R. A. Davis},
  title = {Introduction to Time Series and Forecasting},
  address = {New York},
  publisher = {Springer text in Statistics},
  year = {1996},
  url = {  https://doi.org/10.1007/978-1-4757-2526-1   }

}


@article{Cajolopo10,
  author = {C.M. Carvalho and M.S. Johannes and H.F. Lopes and N.G. Polson },
  title = {Particle learning and smoothing},
  journal = { Statistical Science},
  year = {2010},
  pages = {88--106},
 volume = {25},
  month = feb,
  url = { https://doi.org/10.1214/10-STS325}
}

@article{Ch09,
  author = {Y. Chang and C. Liu},
  title = {A generalized JM model with applications to imperfect debugging in software reliability},
  journal = { Applied Mathematical Modelling},
  year = {2009},
  pages = {3578--3588},
 volume = {33},
  month = sep,
  url = {https://doi.org/10.1016/j.apm.2008.11.018}
}

@article{Da09,
  author = {R.A. Davis and R. Wu},
  title = {A negative binomial model for time series of counts},
  journal = { Biometrika},
  year = {2009},
  pages = {735--749},
 volume = {96},
 number={3},
  month = sep,
  url = {https://doi.org/10.1093/biomet/asp029}
}

@article{DeLu06,
  author = {C. Dethlefsen and S. Lundbye-Christensen},
  title = {Formulating state space models in R with focus on longitudinal regression models},
  journal = { Journal of Statistical Software},
  year = {2006},
  pages = {1--15},
 volume = {16},
  month = apr,
  url = {https://doi.org/10.18637/jss.v016.i01}
}

@article{ Do99,
  author = { J. Doornik },
  title = { Ox: An Object-Oriented Matrix Language },
  journal = { The Economic Journal },
  year = {1997},
  pages = {256-259},
 volume = {107},
 number={440},
month = jan,
  url = { https://doi.org/10.1093/ej/107.440.256  }

}


@book{DuKo01,
  author = {J. Durbin and S. J. Koopman },
  title = {Time Series Analysis by State Space Methods},
  address = {Oxford},
  publisher = {Oxford University Press},
  year = {2012},
month = dec,
  url = {https://doi.org/10.1093/acprof:oso/9780199641178.001.0001  }
}


@article{He16,
  author = {J. Helske  },
  title = {KFAS: Exponential Family State Space Models in R},
  journal = {arXiv},
  year = {2016},
  pages = {},
 volume = {arXiv:1612.01907}
}

@article{KiPr91,
  author = {J.S. Kim and R. Proschan},
  title = {Piecewise exponential estimator of survivor function},
  journal = {IEEE Transactions on Reliability},
  year = {1991},
  pages = {134--139},
 volume = {40},
  month = jun,
  url = {https://doi.org/10.1109/24.87112}
}
@article{Ko99,
  author = {S.J. Koopman and N. Shephard and J.A. Doornik},
  title = {Statistical algorithms for models in state space using SsfPack 2.2},
  journal = {The Econometrics Journal},
  year = {1999},
  pages = {107-160},
 volume = {2},
 number={1},
  month = jun,
  url = {https://doi.org/10.1111/1368-423X.00023}
}

@article{Pe10,
  author = {G. Petris},
  title = {An R package for dynamic linear models},
  journal = { Journal of Statistical Software},
  year = {2010},
  pages = {1-16},
 volume = {36},
 number={12},
  month = oct,
  url = {https://doi.org/10.18637/jss.v036.i12}
}

@article{Pi16,
  author = { F.M. de Pinho and G.C. Franco and R.S. Silva },
  title = {Modeling volatility using state space models with heavy tailed distributions},
  journal = { Mathematics and Computers in Simulation},
  year = {2016},
  pages = {108-127},
 volume = {139},
  month = jan,
  url = {https://doi.org/10.1016/j.matcom.2015.08.005}
}

@article{Ri02,
  author = {B. D. Ripley},
  title = {Time Series in R 1.5.0},
  journal = { The Newsletter of the R Project },
  year = {2002},
  pages = {2-7},
 volume = {2},
 number={2}

}


@article{Sa17,
  author = {T.R. Santos and D. Gamerman and G.C. Franco},
  title = {Reliability analysis via non-Gaussian state-space models},
  journal = {IEEE Transactions on Reliability},
  year = {2017},
  pages = {309-318},
 volume = {66},
  month = mar,
  url = {https://doi.org/10.1109/TR.2017.2670142}
}

@manual{Sa18,
  title        = {NGGSEML Manual: Non-Gaussian state space with exact marginal likelihood},
  author       = {T.R. Santos and D. Gamerman and G.C. Franco},
  organization = {R-CRAN},
  address      = {Vienna, Austria},
  year         = {2020},
  url          = {https://cran.r-project.org/web/packages/NGSSEML/index.html}
}

@article{Sh70,
  author = {D.F. Shanno },
  title = {Conditioning of quasi-Newton methods for function minimization},
  journal = {Mathematics of Computation},
  year = {1970},
  pages = {647-656},
 volume = {24},
  month = jul,
  url = {https://doi.org/10.1090/S0025-5718-1970-0274029-X}
}

@article{Sm86,
  author = {R.L. Smith and J.E. Miller },
  title = {A non-Gaussian state space model and application to prediction of records},
  journal = { Journal of the Royal Statistical Society: Series B (Methodological)},
  year = {1986},
  pages = {79--88},
 volume = {48},
 number={1},
  month = sep,
  url = { https://doi.org/10.1111/j.2517-6161.1986.tb01392.x}
}

@article{Ki16,
  author = {A.A. King and D. Nguyen and E. L. Ionides},
  title = {Statistical Inference for Partially Observed Markov Processes via the R Package pomp},
  journal = {Journal of Statistical Software},
   volume = {69},
 number={12},
  year = {2016},
  pages = {1–43},
   month = mar,
  url = {https://doi.org/10.18637/jss.v069.i12}
}

@manual{Sz14,
  title        = {Ldlmodeler: Generalized  Dynamic  Linear  Modeler},
  author       = {C. Szymanski},
  organization = {R-CRAN},
  address      = {Vienna, Austria},
  year         = {2014},
  url          = {http://CRAN.R-project.org/package=dlmodeler}
}

@manual{HeVi21,
  title        = {bssm: Bayesian Inference of Non-Linear and Non-Gaussian State Space Models},
  author       = {J. Helske and M. Vihola},
  organization = {R-CRAN},
  address      = {Vienna, Austria},
  year         = {2021},
  url          = {https://cran.r-project.org/web/packages/bssm/index.html}
}


@manual{Ho20,
  title        = {MARSS: Multivariate Autoregressive State-Space Modeling},
  author       = {E. Holmes and E. Ward and M. Scheuerell and K. Wills},
  organization = {R-CRAN},
  address      = {Vienna, Austria},
  year         = {2020},
  url          = {https://cran.r-project.org/web/packages/MARSS/index.html}
}

@manual{Ki21,
  title        = {TSSS: Time Series Analysis with State Space Model},
  author       = {The Institute of Statistical Mathematics, based on the program by G. Kitagawa},
  organization = {R-CRAN},
  address      = {Vienna, Austria},
  year         = {2021},
  url          = {https://cran.r-project.org/web/packages/TSSS/index.html}
}

@manual{He21,
  title        = {KFAS: Kalman Filter and Smoother for Exponential Family State Space Models},
  author       = {J. Helske},
  organization = {R-CRAN},
  address      = {Vienna, Austria},
  year         = {2021},
  url          = {https://cran.r-project.org/web/packages/KFAS/index.html}
}

@manual{Ch21,
  title        = {dynamichazard: Dynamic Hazard Models using State Space Models},
  author       = {B. Christoffersen and A. Miller and A. Williams and B. developers and R-core},
  organization = {R-CRAN},
  address      = {Vienna, Austria},
  year         = {2021},
  url          = {https://cran.r-project.org/web/packages/dynamichazard/index.html }
}

@manual{Ze19,
  title        = {SSsimple: State Space Models},
  author       = {D. Zes},
  organization = {R-CRAN},
  address      = {Vienna, Austria},
  year         = {2019},
  url          = {https://cran.r-project.org/web/packages/SSsimple/index.html }
}

@manual{Ho13,
  title        = {MARSS: Multivariate autoregressive state-space modeling},
  author       = {E. Holmes and E. Ward and M. Scheuerell and K. Wills},
  organization = {R-CRAN},
  address      = {Vienna, Austria},
  year         = {2013},
  url          = {https://cran.r-project.org/web/packages/MARSS/index.html }
}

@manual{Ki20,
  title        = {pomp: Statistical Inference for Partially Observed Markov Processes},
  author       = {A. A. King and E. L. Ionides and C. Bret\'{o} and S. P. Ellner and M. J. Ferrari and B. E. Kendall and M. Lavine and D. Nguyen and D. C. Reuman and H. Wearing and S. N. Wood and S. Funk and S. G. Johnson and E. B. O'Dea},
  organization = {R-CRAN},
  address      = {Vienna, Austria},
  year         = {2020},
  url          = {https://cran.r-project.org/web/packages/pomp/index.html }
}


@article{WeHa85,
  author = {M. West and P.J. Harrison and H.S. Migon },
  title = {Dynamic generalized linear models and Bayesian forecasting
(with discussion)},
  journal = {Journal of the American Statistical Association},
  year = {1985},
  pages = {80},
 volume = {73--97},
  month = mar,
  url = {https://doi.org/10.1080/01621459.1985.10477131}
}

@article{Ze88,
  author = {S.L. Zeger },
  title = {A regression model for time series of counts},
  journal = {Biometrika},
  year = {1988},
  pages = { 621--629},
 volume = {75},
  month = dec,
  url = {https://doi.org/10.2307/2336303}
}


@article{Rue09,
  author = {H. Rue and S. Martino and N. Chopin},
  title = { Approximate Bayesian inference for latent Gaussian
models by using integrated nested Laplace approximations},
  journal = {Journal of the Royal Statistical
Society: Series B(Statistical Methodology)},
volume = {71},
 number={2},
  year = {2009},
  pages = {319-–392},
   month = apr,
  url = { https://doi.org/10.1111/j.1467-9868.2008.00700.x}
}

@article{bib:trianta2008,
  author = {K. Triantafyllopoulos},
  title = {Multivariate stochastic volatility with bayesian dynamic linear models},
  journal = { Journal of Statistical Planning and Inference},
  year = {2008},
  pages = {1021-1037},
 volume = {138},
 number={4},
  month = apr,
  url = {https://doi.org/10.1016/j.jspi.2007.03.057}
}


@article{bib:santos2018,
  author = {T. R. Santos},
  title = {A Bayesian GED-Gamma stochastic volatility model for return
data: a marginal likelihood approach},
  journal = {  arXiv},
  year = {2018},
  pages = {},
 volume = {preprint arXiv:1809.01489}
}

@book{bib:taylor86,
  author = {Taylor, S. J.},
  title = {Modelling Financial Time Series},
  address = {Chichester},
  publisher = {Wiley},
  year = {1986},
   month = dec,
  url = {https://doi.org/10.1142/6578}
}


@article{Ga13,
  author = {D. Gamerman and T. R. Santos and G. C. Franco},
  title = {A non-Gaussian family of state-space models with exact marginal likelihood},
  journal = {Journal of Time Series Analysis},
  year = {2013},
  pages = {625-645},
 volume = {34},
  month = oct,
  url = { https://doi.org/10.1111/jtsa.12039}
}

@book{bib:taylor86,
  author = {S. J. Taylor},
  title = {Modelling Financial Time Series},
  address = {Chichester},
  publisher = {Wiley},
  year = {1986},
   month = dec,
  url = {https://doi.org/10.1142/6578}
}

@Manual{R14,
  title = {R: {A} Language and Environment for Statistical Computing},
  author = {R Core Team},
  organization = {R Foundation for Statistical Computing},
  address = {Vienna, Austria},
  year = {2021},
  url = {https://www.R-project.org/},
}

@book{bib:taylor86,
  author = {S. J. Taylor},
  title = {Modelling Financial Time Series},
  address = {Chichester},
  publisher = {Wiley},
  year = {1986},
   month = dec,
  url = {https://doi.org/10.1142/6578}
}

@book{WeHa97,
  author = {M. West and J. Harrison},
  title = {Bayesian Forecasting and Dynamic Models},
  address = {New York},
  publisher = {Springer},
  year = {1997},
month = may,
  url = {  https://doi.org/10.1007/b98971  }
}
