@misc{Infoshare,
  author = "{Statistics New Zealand}",
  title = {Infoshare},
  year = {2013},
  url = {http://www.stats.govt.nz/infoshare/}
}

@misc{GovUK,
  author = "{Department for Education (UK)}",
  title = "{NEET statistics quarterly brief: April to June}",
  year = {2013},
  url = {https://www.gov.uk/government/publications/neet-statistics-quarterly-brief-april-to-june-2013}
}

@misc{NZQA,
  author = "{NZQA}",
  title = "{Secondary School Statistics}",
  year = {2012},
  url = {http://www.nzqa.govt.nz/}
}

@misc{Openrefine,
  author = "{OpenRefine}",
  title = "{OpenRefine}",
  year = {2013},
  url = {http://openrefine.org/}
}

@Article{speedR,
  title = {{speedR}:  An {R} Package for Interactive Data Import, Filtering and Ready-to-Use Code Generation},
  author = {Ilhami Visne and Ahmet Yildiz and Erkan Dilaveroglu and Klemens Vierlinger and Christa N{\"o}hammer and Friedrich Leisch and Albert Kriegner},
  journal = {Journal of Statistical Software},
  year = {2012},
  volume = {51},
  number = {2},
  pages = {1--12},
  url = {http://www.jstatsoft.org/v51/i02/},
}

@Article{reshape2,
  title = {Reshaping Data with the {reshape} Package},
  author = {Hadley Wickham},
  journal = {Journal of Statistical Software},
  year = {2007},
  volume = {21},
  number = {12},
  pages = {1--20},
  url = {http://www.jstatsoft.org/v21/i12/},
}

@Article{plyr,
    title = {The Split-Apply-Combine Strategy for Data Analysis},
    author = {Hadley Wickham},
    journal = {Journal of Statistical Software},
    year = {2011},
    volume = {40},
    number = {1},
    pages = {1--29},
    url = {http://www.jstatsoft.org/v40/i01/},
}

@Article{tidy-data,
  author =	{Hadley  Wickham},
  title =	{Tidy Data},
  journal =	{Journal of Statistical Software},
  volume =	"59",
  number =	"10",
  day =  	"12",
  month =	"9",
  year = 	"2014",
  ISSN = 	"1548-7660",
  bibdate =	"2014-05-09",
  URL =  	"http://www.jstatsoft.org/v59/i10"
}
@book{OpenRefine,
author = {{{OpenRefine}}},
title = {{OpenRefine, }},
year = {2013},
url = {http://openrefine.org/}
}


