@article{Dunn,
   author = {Dunn, D. T. and Simonds, R. J. and Bulterys, M. and Kalish, L. A. and Moye, J. and de Maria, A. and Kind, C. and Rudin, C. and Denamur, E. and Krivine, A. and Loveday, C. and Newell, M. L.},
   title = {Interventions to prevent vertical transmission of {HIV}-1: effect on viral detection rate in early infant samples},
   journal = {{AIDS}},
   volume = {14},
   number = {10},
   pages = {1421-1428},
    year = {2000}
}

@article{Fink,
   author = {Finkelstein, D. M.},
   title = {A Proportional Hazards Model for Interval-Censored Failure Time Data},
   journal = {Biometrics},
   volume = {42},
   number = {4},
   pages = {845-854},
   year = {1986}
}

@article{Goet,
   author = {Goetghebeur, E. and Ryan, L.},
   title = {Semiparametric regression analysis of interval-censored data},
   journal = {Biometrics},
   volume = {56},
   number = {4},
   pages = {1139-1144},
   year = {2000}
}

@article{Gome,
   author = {Gomez, G. and Calle, M. L. and Oller, R. and Langohr, K.},
   title = {Tutorial on methods for interval-censored data and their implementation in {R}},
   journal = {Statistical Modelling},
   volume = {9},
   number = {4},
   pages = {259-297},
   year = {2009}
}

@article{Lero,
   author = {Leroy, R. and Bogaerts, K. and Lesaffre, E. and Declerck, D.},
   title = {The emergence of permanent teeth in Flemish children},
   journal = {Community Dentistry and Oral Epidemiology},
   volume = {31},
   number = {1},
   pages = {30-39},
   year = {2003}
}

@article{Lind,
   author = {Lindsey, J. C. and Ryan, L. M.},
   title = {Tutorial in biostatistics - Methods for interval-censored data},
   journal = {Statistics in Medicine},
   volume = {17},
   number = {2},
   pages = {219-238},
   year = {1998}
}

@article{Turn,
   author = {Turnbull, B. W.},
   title = {Empirical Distribution Function with Arbitrarily Grouped, Censored and Truncated Data},
   journal = {Journal of the Royal Statistical Society Series B-Methodological},
   volume = {38},
   number = {3},
   pages = {290-295},
   year = {1976}
}

@article{sign,
author={Vanobbergen, J. and Martens, L. and Lesaffre, E. and Declerck, D.},
title={The {S}ignal-{T}andmobiel project a longitudinal intervention health promotion study in Flanders (Belgium): baseline and first year results},
journal={Eur J Paediatr Dent},
volume={2},
pages={87-96},
year={2000}
}

  @Manual{surv,
    title = {A Package for Survival Analysis in {S}},
    author = {Terry Therneau},
    year = {2012},
    note = {R package version 2.36-14},
  }
  
  @book{collett,
  title={Modelling Survival Data in Medical Research, Second Edition},
  author={Collett, D.},
  isbn={9781584883258},
  lccn={03040945},
  series={Texts in statistical science},
  year={2003},
  publisher={Taylor \& Francis}
}

  @Manual{R,
    title = {R: A Language and Environment for Statistical Computing},
    author = {{R Core Team}},
    organization = {R Foundation for Statistical Computing},
    address = {Vienna, Austria},
    year = {2012},
    note = {{ISBN} 3-900051-07-0},
    url = {http://www.R-project.org/},
  }

  @book{cox,
  title={Theoretical Statistics},
  author={Cox, D. R. and D. V. Hinkley},
  year={1979},
  publisher={Chapman and Hall}
}

  @Manual{straweib,
    title = {straweib: Stratified Weibull Regression Model},
    author = {Xiangdong Gu and Raji Balasubramanian},
    year = {2013},
    note = {R package version 1.0},
    url = {http://CRAN.R-project.org/package=straweib},
  }

@Article{interval,
   title = {Exact and Asymptotic Weighted Logrank Tests for Interval Censored Data: The {interval} {R} Package},
   author = {Michael P. Fay and Pamela A. Shaw},
   journal = {Journal of Statistical Software},
   year = {2010},
   volume = {36},
   number = {2},
   pages = {1--34},
   url = {http://www.jstatsoft.org/v36/i02/},
 }

@book{meeker1998statistical,
 title={Statistical Methods for Reliability Data},
 author={Meeker, W.Q. and Escobar, L.A.},
 isbn={9780471673279},
 series={Wiley Series in Probability and Statistics},
 year={1998},
 publisher={Wiley}
}@book{collett,
author = {D.~{Collett}},
title = {{Modelling Survival Data in Medical Research, Second Edition}},
publisher = {Texts in statistical science Taylor & Francis},
year = {2003},
isbn = {9781584883258}
}
@book{cox,
author = {D.~R. {Cox and D.~V. Hinkley}},
title = {{Theoretical Statistics}},
publisher = {Chapman and Hall},
year = {1979}
}
@book{straweib,
author = {X.~{Gu and R.~Balasubramanian}},
title = {{straweib: Stratified Weibull Regression Model, }},
publisher = {R package version 1.0},
year = {2013},
url = {http://CRAN.R-project.org/package=straweib}
}
@book{surv,
author = {T.~{Therneau}},
title = {{A Package for Survival Analysis in S, }},
publisher = {R package version 2.36-14},
year = {2012}
}

