


@article{farlow1981gmdh,
  title={The {GMDH} Algorithm of {I}vakhnenko},
  author={Farlow, Stanley J},
  journal={The American Statistician},
  volume={35},
  number={4},
  pages={210--215},
  year={1981},
  publisher={Taylor \& Francis}
}


@article{mueller1998gmdh,
  title={{GMDH} algorithms for complex systems modelling},
  author={Mueller, J. A and Ivachnenko, AG and Lemke, F},
  journal={Mathematical and Computer Modelling of Dynamical Systems},
  volume={4},
  number={4},
  pages={275--316},
  year={1998},
  publisher={Taylor \& Francis}
}



@article{ivakhnenko1968group,
  title={The group method of data handling--a rival of the method of stochastic approximation},
  author={Ivakhnenko, AG},
  journal={Soviet Automatic Control},
  volume={13},
  number={3},
  pages={43--55},
  year={1966}
}

@article{ivakhnenko1970heuristic,
  title={Heuristic self-organization in problems of engineering cybernetics},
  author={Ivakhnenko, AG},
  journal={Automatica},
  volume={6},
  number={2},
  pages={207--219},
  year={1970},
  publisher={Elsevier}
}


@inproceedings{kondo1998gmdh,
  title={{GMDH} neural network algorithm using the heuristic self-organization method and its application to the pattern identification problem},
  author={Kondo, Tadashi},
  booktitle={SICE'98. Proceedings of the 37th SICE Annual Conference. International Session Papers},
  pages={1143--1148},
  year={1998},
  organization={IEEE}
}

@article{kondo2006revised,
  title={Revised gmdh-type neural network algorithm with a feedback loop identifying sigmoid function neural network},
  author={Kondo, Tadashi and Ueno, Junji},
  journal={International Journal of Innovative Computing, Information and Control},
  volume={2},
  number={5},
  pages={985--996},
  year={2006},
  publisher={Citeseer}
}


@article{kondo2006medical,
  title={Medical image recognition of the brain by revised {GMDH}-type neural network algorithm with a feedback loop},
  author={Kondo, Tadashi and Ueno, Junji},
  journal={International Journal of Innovative Computing, Information and Control},
  volume={2},
  number={5},
  pages={1039--1052},
  year={2006}
}


@article{kondo2007logistic,
  title={Logistic {GMDH}-Type Neural Network and its Application to Identification of {X}-Ray Film Characteristic Curve.},
  author={Kondo, Tadashi and Ueno, Junji},
  journal={JACIII},
  volume={11},
  number={3},
  pages={312--318},
  year={2007}
}

@inproceedings{kondo2012feedback,
  title={Feedback {GMDH}-type Neural Network and Its Application to Medical Image Analysis of Liver Cancer},
  author={Kondo, Tadashi and Ueno, Junji},
  booktitle={42th ISCIE international symposium on stochastic systems theory and its applications},
  pages={81--82},
  year={2012}
}

@article{srinivasan2008energy,
  title={Energy demand prediction using {GMDH} networks},
  author={Srinivasan, Dipti},
  journal={Neurocomputing},
  volume={72},
  number={1},
  pages={625--629},
  year={2008},
  publisher={Elsevier}
}

@incollection{xu2012application,
  title={Application of {GMDH} to short-term load forecasting},
  author={Xu, Hongya and Dong, Yao and Wu, Jie and Zhao, Weigang},
  booktitle={Advances in Intelligent Systems},
  pages={27--32},
  year={2012},
  publisher={Springer-Verlag}
}


@book{wei2006time,
  title={Time series analysis: univariate and multivariate methods},
  author={Wei, William Wu Shyong},
  year={2006},
  publisher={Addison-Wesley publ}
}

@article{hyndman2008automatic,
  title={Automatic Time Series Forecasting: The forecast Package for {R}},
  author={Hyndman, RJ and Khandakar, Y},
  journal={Journal of Statistical Software},
  volume={27},
  number={3},
  pages={1--22},
  year={2008}
}

  @Article{dunsmuirglarma,
    title = {The {glarma} Package for Observation-Driven Time Series
      Regression of Counts},
    author = {William T. M. Dunsmuir and David J. Scott},
    journal = {Journal of Statistical Software},
    year = {2015},
    volume = {67},
    number = {7},
    pages = {1--36},
    doi = {10.18637/jss.v067.i07},
  }


@article{fraley2011probabilistic,
  title={Probabilistic weather forecasting in {R}},
  author={Fraley, Chris and Raftery, Adrian E and Gneiting, Tilmann and Sloughter, JM and Berrocal, Veronica J},
  journal={The R Journal},
  volume={3},
  number={1},
  pages={55--63},
  year={2011}
}


@Article{shang2013ftsa,
    title = {ftsa: An {R} Package for Analyzing Functional Time
      Series},
    author = {Han Lin Shang},
    journal = {The {R} Journal},
    volume = {5},
    number = {1},
    pages = {64--72},
    year = {2013},
    url = {http://journal.r-project.org/archive/2013-1/shang.pdf},
  }

 @Article{holmes2012marss,
    title = {{MARSS}: Multivariate autoregressive state-space models for
      analyzing time-series data},
    author = {Elizabeth E. Holmes and Eric J. Ward and Kellie Wills},
    year = {2012},
    journal = {The R Journal},
    volume = {4},
    number = {1},
    pages = {30},
  }

@book{dunsmuirglarma,
author = {W.~T.~M. {Dunsmuir and D.~J. Scott}},
title = {{The glarma package for observation-driven time series regression of counts}},
publisher = {Journal of Statistical Software 67 (7):  doi10.18637/jss.v067.i07},
pages = {1--36},
year = {2015}
}
@book{holmes2012marss,
author = {E.~E. {Holmes, E.~J. Ward, and K.~Wills}},
title = {{MARSS: Multivariate autoregressive state-space models for analyzing time-series data}},
publisher = {The R Journal 4 (1): 30},
year = {2012}
}


