@article{menardi2016review,
  title={A review on modal clustering},
  author={Menardi, Giovanna},
  journal={International Statistical Review},
  volume={84},
  number={3},
  pages={413--433},
  year={2016},
  publisher={Wiley Online Library}
}

@article{li2007nonparametric,
  title={A Nonparametric Statistical Approach to Clustering via Mode Identification.},
  author={Li, Jia and Ray, Surajit and Lindsay, Bruce G},
  journal={Journal of Machine Learning Research},
  volume={8},
  number={8},
  year={2007}
}

@article{cheng2014parallel,
  title={Parallel and hierarchical mode association clustering with an {R} package modalclust},
  author={Cheng, Yansong and Ray, Surajit},
  journal={Open Journal of Statistics},
  volume={4},
  number={10},
  pages={826--836},
  year={2014},
  publisher={Scientific Research Publishing Inc.}
}

@article{einbeck46lpcm,
  title={LPCM: Local Principal Curve Methods},
  author={Einbeck, Jochen and Evers, Ludger},
  url={https://CRAN. R-project. org/package= LPCM},
note={{R} package version 0.46-3},
  year={2019}
}

@inproceedings{chang2010mean,
  title={Mean shift-based clustering for directional data},
  author={Chang-Chien, Shou-Jen and Yang, Miin-Shen and Hung, Wen-Liang},
  booktitle={Third International Workshop on Advanced Computational Intelligence},
  pages={367--372},
  year={2010},
  organization={IEEE}
}

@inproceedings{yang2014mean,
  title={On mean shift clustering for directional data on a hypersphere},
  author={Yang, Miin-Shen and Chang-Chien, Shou-Jen and Kuo, Hsun-Chih},
  booktitle={International Conference on Artificial Intelligence and Soft Computing},
  pages={809--818},
  year={2014},
  organization={Springer}
}

@book{klemela2009smoothing,
  title={Smoothing of multivariate data: density estimation and visualization},
  author={Klemel{\"a}, Jussi Sakari},
  year={2009},
  publisher={John Wiley \& Sons}
}
@article{klemela2008mode,
  title={Mode trees for multivariate data},
  author={Klemel{\"a}, Jussi},
  journal={Journal of Computational and Graphical Statistics},
  volume={17},
  number={4},
  pages={860--869},
  year={2008},
  publisher={Taylor \& Francis}
}
@article{klemela2005algorithms,
  title={Algorithms for manipulation of level sets of nonparametric density estimates},
  author={Klemel{\"a}, Jussi},
  journal={Computational Statistics},
  volume={20},
  number={2},
  pages={349--368},
  year={2005},
  publisher={Springer}
}
 @article{klemela2006visualization,
  title={Visualization of multivariate density estimates with shape trees},
  author={Klemel{\"a}, Jussi},
  journal={Journal of Computational and Graphical Statistics},
  volume={15},
  number={2},
  pages={372--397},
  year={2006},
  publisher={Taylor \& Francis}
}

@article{holmstrom2017estimation,
  title={Estimation of level set trees using adaptive partitions},
  author={Holmstr{\"o}m, Lasse and Karttunen, Ky{\"o}sti and Klemel{\"a}, Jussi},
  journal={Computational Statistics},
  volume={32},
  number={3},
  pages={1139--1163},
  year={2017},
  publisher={Springer}
}

@article{casa2020modal,
  title={Modal clustering asymptotics with applications to bandwidth selection},
  author={Casa, Alessandro and Chac{\'o}n, Jos{\'e} E and Menardi, Giovanna},
  journal={Electronic Journal of Statistics},
  volume={14},
  number={1},
  pages={835--856},
  year={2020},
  publisher={Institute of Mathematical Statistics and Bernoulli Society}
}

@article{azzalini2007clustering,
  title={Clustering via nonparametric density estimation},
  author={Azzalini, Adelchi and Torelli, Nicola},
  journal={Statistics and Computing},
  volume={17},
  number={1},
  pages={71--80},
  year={2007},
  publisher={Springer}
}

@article{lundcircstats,
  title={CircStats},
note={{R} package version 0.2-6},
  author={Lund, U and Agostinelli, C},
year={2012},
url={https://CRAN.R-project.org/package=CircStats}
}

@article{klepackage,
  title={denpro},
  author={Klemel{\"a}, Jussi},
 note = {{R} package version 0.9.2},
url={https://CRAN.R-project.org/package=denpro},
  year={2015}
}

@article{tsagris2017package,
  title={Directional},
  author={Tsagris, Michail and Athineou, Giorgos and Sajib, Anamul},
url={ https://CRAN.R-project.org/package=Directional},
 note = {{R} package version 5.6},
  year={2017}
}


@article{hornik2014movmf,
  title={movMF: an {R} package for fitting mixtures of von Mises-Fisher distributions},
  author={Hornik, Kurt and Gr{\"u}n, Bettina},
  journal={Journal of Statistical Software},
  volume={58},
  number={10},
  pages={1--31},
  year={2014},
  publisher={American Statistical Association}
}
@article{barragan2013isocir,
  title={isocir: An {R} package for constrained inference using isotonic regression for circular data, with an application to cell biology},
  author={Barrag{\'a}n, Sandra and Fern{\'a}ndez, Miguel A and Rueda, Cristina and Peddada, Shyamal Das},
  journal={Journal of Statistical Software},
  volume={54},
  number={4},
  year={2013},
  publisher={NIH Public Access}
}

 @article{dd,
    title = {{DirStats}: Nonparametric Methods for Directional Data},
    author = {Eduardo Garc\'ia-Portugu\'es},
    year = {2021},
    note = {{R} package version 0.1.7},
    url = {https://CRAN.R-project.org/package=DirStats},
  }

@book{jammalamadaka2001topics,
  title={Topics in circular statistics},
  author={Jammalamadaka, S Rao and Sengupta, Ambar},
  volume={5},
  year={2001},
  publisher={world scientific}
}

@article{fernandez2013circnntsr,
  title={CircNNTSR: An {R} package for the statistical analysis of circular data using nonnegative trigonometric sums (NNTS) models},
  author={Fern{\'a}ndez-Dur{\'a}n, JJ and Gregorio-Dom{\'\i}nguez, MM},
url={https://CRAN.R-project.org/package=CircNNTSR},
  note={{R} package version 2.2-1},
  year={2013}
}

@article{agostinelli2013r,
  title={R package ‘circular’: Circular Statistics},
  author={Agostinelli, Claudio and Lund, Ulric},
  year={2013},
note={{R} package version 0.4-7},
  url={ https://r-forge. r-project. org/projects/circular}
}

@article{azzalini2007clustering,
  title={Clustering via nonparametric density estimation},
  author={Azzalini, Adelchi and Torelli, Nicola},
  journal={Statistics and Computing},
  volume={17},
  number={1},
  pages={71--80},
  year={2007},
  publisher={Springer}
}


@article{azzalini2014package,
  title={Package pdfCluster: Cluster analysis via nonparametric density estimation},
  author={Azzalini, A and Menardi, GR and Rosolin, T},
  journal={J. Stat. Softw},
  volume={11},
  pages={1--26},
  year={2014}
}



@article{azzalini2013clustering,
  title={Clustering via nonparametric density estimation: The R package pdfCluster},
  author={Azzalini, Adelchi and Menardi, Giovanna},
  journal={arXiv preprint arXiv:1301.6559},
  year={2013}
}
@incollection{bai1989kernel,
  title={Kernel estimators of density function of directional data},
  author={Bai, ZD and Rao, C Radhakrishna and Zhao, LC},
  booktitle={Multivariate Statistics and Probability},
  pages={24--39},
  year={1989},
  publisher={Elsevier}
}


@article{baillo2003total,
  title={Total error in a plug-in estimator of level sets},
  author={Ba{\'\i}llo, Amparo},
  journal={Statistics \& probability letters},
  volume={65},
  number={4},
  pages={411--417},
  year={2003},
  publisher={Elsevier}
}


@article{baillo2006parametric,
  title={Parametric versus nonparametric tolerance regions in detection problems},
  author={Ba{\'\i}llo, Amparo and Cuevas, Antonio},
  journal={Computational Statistics},
  volume={21},
  number={3},
  pages={523--536},
  year={2006},
  publisher={Springer}
}

@article{box1973bayesian,
  title={Bayesian Inference in Statistical Analysis, Reading},
  author={Box, GEP and Tiao, GC},
  journal={Mass.: Addison-Wesley},
  year={1973}
}

@article{cadre2009clustering,
  title={Clustering by estimation of density level sets at a fixed probability},
  author={Cadre, Beno{\^\i}t and Pelletier, Bruno and Pudlo, Pierre},
  year={2009}
}

@article{chen2017density,
  title={Density level sets: Asymptotics, inference, and visualization},
  author={Chen, Yen-Chi and Genovese, Christopher R and Wasserman, Larry},
  journal={Journal of the American Statistical Association},
  volume={112},
  number={520},
  pages={1684--1696},
  year={2017},
  publisher={Taylor \& Francis}
}

 

@article{cholaquidis2020level,
  title={Level set and density estimation on manifolds},
  author={Cholaquidis, Alejandro and Fraiman, Ricardo and Moreno, Leonardo},
  journal={Journal of Multivariate Analysis},
  volume={189},
  pages={104925},
  year={2022},
  publisher={Elsevier}
}



 


@book{cox1979theoretical,
  title={Theoretical statistics},
  author={Cox, David Roxbee and Hinkley, David Victor},
  year={1979},
  publisher={CRC Press}
}


@article{cuevas2006plug,
  title={Plug-in estimation of general level sets},
  author={Cuevas, Antonio and Gonz{\'a}lez-Manteiga, Wenceslao and Rodr{\'\i}guez-Casal, Alberto},
  journal={Australian \& New Zealand Journal of Statistics},
  volume={48},
  number={1},
  pages={7--19},
  year={2006},
  publisher={Wiley Online Library}
}


@article{di2011kernel,
  title={Kernel density estimation on the torus},
  author={Di Marzio, Marco and Panzera, Agnese and Taylor, Charles C},
  journal={Journal of Statistical Planning and Inference},
  volume={141},
  number={6},
  pages={2156--2173},
  year={2011},
  publisher={Elsevier}
}

@article{doss2018bandwidth,
  title={Bandwidth selection for kernel density estimators of multivariate level sets and highest density regions},
  author={Doss, Charles R and Weng, Guangwei},
  journal={Electronic Journal of Statistics},
  volume={12},
  number={2},
  pages={4313--4376},
  year={2018},
  publisher={The Institute of Mathematical Statistics and the Bernoulli Society}
}

@article{duong2007ks,
  title={ks: Kernel density estimation and kernel discriminant analysis for multivariate data in {R}},
  author={Duong, Tarn},
  journal={Journal of Statistical Software},
  volume={21},
  number={7},
  pages={1--16},
  year={2007},
  publisher={Citeseer}
}
 
@article{garcia2013exact,
  title={Exact risk improvement of bandwidth selectors for kernel density estimation with directional data},
  author={Garc{\'\i}a--Portugu{\'e}s, Eduardo},
  journal={Electronic Journal of Statistics},
  volume={7},
  pages={1655--1685},
  year={2013},
  publisher={The Institute of Mathematical Statistics and the Bernoulli Society}
}

@article{hall1987kernel,
  title={Kernel density estimation with spherical data},
  author={Hall, Peter and Watson, GS and Cabrera, Javier},
  journal={Biometrika},
  volume={74},
  number={4},
  pages={751--762},
  year={1987},
  publisher={Oxford University Press}
}


@book{hartigan1975clustering,
  title={Clustering algorithms},
  author={Hartigan, John A},
  year={1975},
  publisher={John Wiley \& Sons, Inc.}
}

@article{HDiR,
  title={{HDiR}},
  author={Saavedra-Nieves, Paula and Crujeiras, Rosa Mar{\'\i}a},
  url={https://CRAN.R-project.org/package=HDiR},
 note = {{R} package version 1.1.2},
  year={2021}
}



@article{hyndman1996computing,
  title={Computing and graphing highest density regions},
  author={Hyndman, Rob J},
  journal={The American Statistician},
  volume={50},
  number={2},
  pages={120--126},
  year={1996},
  publisher={Taylor \& Francis Group}
}

@article{hyndman2018package,
  title={hdrcde},
 note = {{R} package version 3.4},
  author={Hyndman, Rob J and Einbeck, Jochen and Wand, Matthew},
url={ https://CRAN.R-project.org/package=hdrcde},
  year={2018}
}

@article{klemela2000estimation,
  title={Estimation of densities and derivatives of densities with directional data},
  author={Klemel{\"a}, Jussi},
  journal={Journal of Multivariate Analysis},
  volume={73},
  number={1},
  pages={18--40},
  year={2000},
  publisher={Elsevier}
}

@article{mammen2013confidence,
  title={Confidence regions for level sets},
  author={Mammen, Enno and Polonik, Wolfgang},
  journal={Journal of Multivariate Analysis},
  volume={122},
  pages={202--214},
  year={2013},
  publisher={Elsevier}
}




@article{marchetti2003use,
  title={Use of multiple regression models in the study of sandhopper orientation under natural conditions},
  author={Marchetti, Giovanni M and Scapini, Felicita},
  journal={Estuarine, Coastal and Shelf Science},
  volume={58},
  pages={207--215},
  year={2003},
  publisher={Elsevier}
}


@article{mason2009asymptotic,
  title={Asymptotic normality of plug-in level set estimates},
  author={Mason, David M and Polonik, Wolfgang},
  journal={The Annals of Applied Probability},
  volume={19},
  number={3},
  pages={1108--1142},
  year={2009},
  publisher={Institute of Mathematical Statistics}
}

@article{menardi2014advancement,
  title={An advancement in clustering via nonparametric density estimation},
  author={Menardi, Giovanna and Azzalini, Adelchi},
  journal={Statistics and Computing},
  volume={24},
  number={5},
  pages={753--767},
  year={2014},
  publisher={Springer}
}

@article{oliveira2012plug,
  title={A plug-in rule for bandwidth selection in circular density estimation},
  author={Oliveira, Mar{\'\i}a and Crujeiras, Rosa M and Rodr{\'\i}guez-Casal, Alberto},
  journal={Computational Statistics \& Data Analysis},
  volume={56},
  number={12},
  pages={3898--3908},
  year={2012},
  publisher={Elsevier}
}

@article{oli2014,
   author = {María Oliveira and Rosa M. Crujeiras and Alberto Rodríguez-Casal},
   title = {NPCirc: An R Package for Nonparametric Circular Methods},
   journal = {Journal of Statistical Software, Articles},
   volume = {61},
   number = {9},
   year = {2014},
   pages = {1--26}
}
 

@Manual{rdevelopment2021language,
  title={A language and environment for statistical computing. R Foundation for Statistical Computing, Vienna, Austria},
  author={{R Core Team}},
  url={ http://www. R-project. org},
  year={2021}
}
@article{pelletier2005kernel,
  title={Kernel density estimation on Riemannian manifolds},
  author={Pelletier, Bruno},
  journal={Statistics \& probability letters},
  volume={73},
  number={3},
  pages={297--304},
  year={2005},
  publisher={Elsevier}
}
@article{rigollet2009optimal,
  title={Optimal rates for plug-in estimators of density level sets},
  author={Rigollet, Philippe and Vert, R{\'e}gis and others},
  journal={Bernoulli},
  volume={15},
  number={4},
  pages={1154--1178},
  year={2009},
  publisher={Bernoulli Society for Mathematical Statistics and Probability}
}
 

@article{saavedra2020nonparametric,
  title={Nonparametric estimation of directional highest density regions},
  author={Saavedra-Nieves, Paula and Crujeiras, Rosa M},
  journal={Advances in Data Analysis and Classification},
  pages={1--36},
  year={2021},
  publisher={Springer}
}


@article{samworth2010asymptotics,
  title={Asymptotics and optimal bandwidth selection for highest density region estimation},
  author={Samworth, RJ and Wand, MP},
  journal={The Annals of Statistics},
  volume={38},
  number={3},
  pages={1767--1792},
  year={2010},
  publisher={Institute of Mathematical Statistics}
}

@article{scapini2002multiple,
  title={Multiple regression analysis of the sources of variation in orientation of two sympatric sandhoppers, Talitrus saltator and Talorchestia brito, from an exposed Mediterranean beach},
  author={Scapini, Felicita and Aloia, Andrea and Bouslama, Mohamed F and Chelazzi, Lorenzo and Colombini, Isabella and ElGtari, Mohamed and Fallaci, Mario and Marchetti, Giovanni M},
  journal={Behavioral Ecology and Sociobiology},
  volume={51},
  number={5},
  pages={403--414},
  year={2002},
  publisher={Springer}
}

@article{sm,
  title={Package ‘sm’},
  author={Bowman, Adrian and Azzalini, Adelchi},
note={{R} package version 2.2-5.6},
  url={ https://CRAN.R-project.org/package=sm},
  year={2018}
}

@article{taylor2008automatic,
  title={Automatic bandwidth selection for circular density estimation},
  author={Taylor, Charles C},
  journal={Computational Statistics \& Data Analysis},
  volume={52},
  number={7},
  pages={3493--3500},
  year={2008},
  publisher={Elsevier}
}

@article{tsybakov1997nonparametric,
  title={On nonparametric estimation of density level sets},
  author={Tsybakov, Alexandre B},
  journal={The Annals of Statistics},
  volume={25},
  number={3},
  pages={948--969},
  year={1997},
  publisher={Institute of Mathematical Statistics}
}

@book{strang73,
  title={An analysis of the finite element method},
  author={Strang, Gilbert and Fix, George J},
  year={1973},
  publisher={Prentice-hall}
}