%% This BibTeX bibliography file was created using BibDesk.
%% https://bibdesk.sourceforge.io/

%% Created for Catherine Hurley at 2022-12-01 18:00:51 +0000 


%% Saved with string encoding Unicode (UTF-8) 



@article{menardi2016review,
	author = {Menardi, Giovanna},
	journal = {International Statistical Review},
	number = {3},
	pages = {413--433},
	publisher = {Wiley Online Library},
	title = {A review on modal clustering},
	volume = {84},
	year = {2016}}

@article{li2007nonparametric,
	author = {Li, Jia and Ray, Surajit and Lindsay, Bruce G},
	journal = {Journal of Machine Learning Research},
	number = {8},
	title = {A Nonparametric Statistical Approach to Clustering via Mode Identification.},
	volume = {8},
	year = {2007}}

@article{cheng2014parallel,
	author = {Cheng, Yansong and Ray, Surajit},
	journal = {Open Journal of Statistics},
	number = {10},
	pages = {826--836},
	publisher = {Scientific Research Publishing Inc.},
	title = {Parallel and hierarchical mode association clustering with an {R} package modalclust},
	volume = {4},
	year = {2014}}

@article{einbeck46lpcm,
	author = {Einbeck, Jochen and Evers, Ludger},
	note = {{R} package version 0.46-3},
	title = {LPCM: Local Principal Curve Methods},
	url = {https://CRAN. R-project. org/package= LPCM},
	year = {2019},
	bdsk-url-1 = {https://CRAN.%20R-project.%20org/package=%20LPCM}}

@inproceedings{chang2010mean,
	author = {Chang-Chien, Shou-Jen and Yang, Miin-Shen and Hung, Wen-Liang},
	booktitle = {Third International Workshop on Advanced Computational Intelligence},
	organization = {IEEE},
	pages = {367--372},
	title = {Mean shift-based clustering for directional data},
	year = {2010}}

@inproceedings{yang2014mean,
	author = {Yang, Miin-Shen and Chang-Chien, Shou-Jen and Kuo, Hsun-Chih},
	booktitle = {International Conference on Artificial Intelligence and Soft Computing},
	organization = {Springer},
	pages = {809--818},
	title = {On mean shift clustering for directional data on a hypersphere},
	year = {2014}}

@book{klemela2009smoothing,
	author = {Klemel{\"a}, Jussi Sakari},
	publisher = {John Wiley \& Sons},
	title = {Smoothing of multivariate data: density estimation and visualization},
	year = {2009}}

@article{klemela2008mode,
	author = {Klemel{\"a}, Jussi},
	journal = {Journal of Computational and Graphical Statistics},
	number = {4},
	pages = {860--869},
	publisher = {Taylor \& Francis},
	title = {Mode trees for multivariate data},
	volume = {17},
	year = {2008}}

@article{klemela2005algorithms,
	author = {Klemel{\"a}, Jussi},
	journal = {Computational Statistics},
	number = {2},
	pages = {349--368},
	publisher = {Springer},
	title = {Algorithms for manipulation of level sets of nonparametric density estimates},
	volume = {20},
	year = {2005}}

@article{klemela2006visualization,
	author = {Klemel{\"a}, Jussi},
	journal = {Journal of Computational and Graphical Statistics},
	number = {2},
	pages = {372--397},
	publisher = {Taylor \& Francis},
	title = {Visualization of multivariate density estimates with shape trees},
	volume = {15},
	year = {2006}}

@article{holmstrom2017estimation,
	author = {Holmstr{\"o}m, Lasse and Karttunen, Ky{\"o}sti and Klemel{\"a}, Jussi},
	journal = {Computational Statistics},
	number = {3},
	pages = {1139--1163},
	publisher = {Springer},
	title = {Estimation of level set trees using adaptive partitions},
	volume = {32},
	year = {2017}}

@article{casa2020modal,
	author = {Casa, Alessandro and Chac{\'o}n, Jos{\'e} E and Menardi, Giovanna},
	journal = {Electronic Journal of Statistics},
	number = {1},
	pages = {835--856},
	publisher = {Institute of Mathematical Statistics and Bernoulli Society},
	title = {Modal clustering asymptotics with applications to bandwidth selection},
	volume = {14},
	year = {2020}}

@article{azzalini2007clustering,
	author = {Azzalini, Adelchi and Torelli, Nicola},
	journal = {Statistics and Computing},
	number = {1},
	pages = {71--80},
	publisher = {Springer},
	title = {Clustering via nonparametric density estimation},
	volume = {17},
	year = {2007}}

@article{lundcircstats,
	author = {Lund, U and Agostinelli, C},
	note = {{R} package version 0.2-6},
	title = {CircStats},
	url = {https://CRAN.R-project.org/package=CircStats},
	year = {2012},
	bdsk-url-1 = {https://CRAN.R-project.org/package=CircStats}}

@article{klepackage,
	author = {Klemel{\"a}, Jussi},
	note = {{R} package version 0.9.2},
	title = {denpro},
	url = {https://CRAN.R-project.org/package=denpro},
	year = {2015},
	bdsk-url-1 = {https://CRAN.R-project.org/package=denpro}}

@article{tsagris2017package,
	author = {Tsagris, Michail and Athineou, Giorgos and Sajib, Anamul},
	note = {{R} package version 5.6},
	title = {Directional},
	url = {https://CRAN.R-project.org/package=Directional},
	year = {2017},
	bdsk-url-1 = {https://CRAN.R-project.org/package=Directional}}

@article{hornik2014movmf,
	author = {Hornik, Kurt and Gr{\"u}n, Bettina},
	journal = {Journal of Statistical Software},
	number = {10},
	pages = {1--31},
	publisher = {American Statistical Association},
	title = {movMF: an {R} package for fitting mixtures of von Mises-Fisher distributions},
	volume = {58},
	year = {2014}}

@article{barragan2013isocir,
	author = {Barrag{\'a}n, Sandra and Fern{\'a}ndez, Miguel A and Rueda, Cristina and Peddada, Shyamal Das},
	journal = {Journal of Statistical Software},
	number = {4},
	publisher = {NIH Public Access},
	title = {isocir: An {R} package for constrained inference using isotonic regression for circular data, with an application to cell biology},
	volume = {54},
	year = {2013}}

@article{dd,
	author = {Eduardo Garc\'ia-Portugu\'es},
	note = {{R} package version 0.1.7},
	title = {{DirStats}: Nonparametric Methods for Directional Data},
	url = {https://CRAN.R-project.org/package=DirStats},
	year = {2021},
	bdsk-url-1 = {https://CRAN.R-project.org/package=DirStats}}

@book{jammalamadaka2001topics,
	author = {Jammalamadaka, S Rao and Sengupta, Ambar},
	publisher = {world scientific},
	title = {Topics in circular statistics},
	volume = {5},
	year = {2001}}

@article{fernandez2013circnntsr,
	author = {Fern{\'a}ndez-Dur{\'a}n, JJ and Gregorio-Dom{\'\i}nguez, MM},
	note = {{R} package version 2.2-1},
	title = {CircNNTSR: An {R} package for the statistical analysis of circular data using nonnegative trigonometric sums (NNTS) models},
	url = {https://CRAN.R-project.org/package=CircNNTSR},
	year = {2013},
	bdsk-url-1 = {https://CRAN.R-project.org/package=CircNNTSR}}

@article{agostinelli2013r,
	author = {Agostinelli, Claudio and Lund, Ulric},
	note = {{R} package version 0.4-7},
	title = {R package `circular': Circular Statistics},
	url = {https://r-forge. r-project. org/projects/circular},
	year = {2013},
	bdsk-url-1 = {https://r-forge.%20r-project.%20org/projects/circular}}

@article{azzalini2014package,
	author = {Azzalini, A and Menardi, GR and Rosolin, T},
	journal = {J. Stat. Softw},
	pages = {1--26},
	title = {Package pdfCluster: Cluster analysis via nonparametric density estimation},
	volume = {11},
	year = {2014}}

@article{azzalini2013clustering,
	author = {Azzalini, Adelchi and Menardi, Giovanna},
	journal = {arXiv preprint arXiv:1301.6559},
	title = {Clustering via nonparametric density estimation: The R package pdfCluster},
	year = {2013}}

@incollection{bai1989kernel,
	author = {Bai, ZD and Rao, C Radhakrishna and Zhao, LC},
	booktitle = {Multivariate Statistics and Probability},
	pages = {24--39},
	publisher = {Elsevier},
	title = {Kernel estimators of density function of directional data},
	year = {1989}}

@article{baillo2003total,
	author = {Ba{\'\i}llo, Amparo},
	journal = {Statistics \& probability letters},
	number = {4},
	pages = {411--417},
	publisher = {Elsevier},
	title = {Total error in a plug-in estimator of level sets},
	volume = {65},
	year = {2003}}

@article{baillo2006parametric,
	author = {Ba{\'\i}llo, Amparo and Cuevas, Antonio},
	journal = {Computational Statistics},
	number = {3},
	pages = {523--536},
	publisher = {Springer},
	title = {Parametric versus nonparametric tolerance regions in detection problems},
	volume = {21},
	year = {2006}}

@article{box1973bayesian,
	author = {Box, GEP and Tiao, GC},
	journal = {Mass.: Addison-Wesley},
	title = {Bayesian Inference in Statistical Analysis, Reading},
	year = {1973}}

@article{cadre2009clustering,
	author = {Cadre, Beno{\^\i}t and Pelletier, Bruno and Pudlo, Pierre},
	title = {Clustering by estimation of density level sets at a fixed probability},
	year = {2009}}

@article{chen2017density,
	author = {Chen, Yen-Chi and Genovese, Christopher R and Wasserman, Larry},
	journal = {Journal of the American Statistical Association},
	number = {520},
	pages = {1684--1696},
	publisher = {Taylor \& Francis},
	title = {Density level sets: Asymptotics, inference, and visualization},
	volume = {112},
	year = {2017}}

@article{cholaquidis2020level,
	author = {Cholaquidis, Alejandro and Fraiman, Ricardo and Moreno, Leonardo},
	journal = {Journal of Multivariate Analysis},
	pages = {104925},
	publisher = {Elsevier},
	title = {Level set and density estimation on manifolds},
	volume = {189},
	year = {2022}}

@book{cox1979theoretical,
	author = {Cox, David Roxbee and Hinkley, David Victor},
	publisher = {CRC Press},
	title = {Theoretical statistics},
	year = {1979}}

@article{cuevas2006plug,
	author = {Cuevas, Antonio and Gonz{\'a}lez-Manteiga, Wenceslao and Rodr{\'\i}guez-Casal, Alberto},
	journal = {Australian \& New Zealand Journal of Statistics},
	number = {1},
	pages = {7--19},
	publisher = {Wiley Online Library},
	title = {Plug-in estimation of general level sets},
	volume = {48},
	year = {2006}}

@article{di2011kernel,
	author = {Di Marzio, Marco and Panzera, Agnese and Taylor, Charles C},
	journal = {Journal of Statistical Planning and Inference},
	number = {6},
	pages = {2156--2173},
	publisher = {Elsevier},
	title = {Kernel density estimation on the torus},
	volume = {141},
	year = {2011}}

@article{doss2018bandwidth,
	author = {Doss, Charles R and Weng, Guangwei},
	journal = {Electronic Journal of Statistics},
	number = {2},
	pages = {4313--4376},
	publisher = {The Institute of Mathematical Statistics and the Bernoulli Society},
	title = {Bandwidth selection for kernel density estimators of multivariate level sets and highest density regions},
	volume = {12},
	year = {2018}}

@article{duong2007ks,
	author = {Duong, Tarn},
	journal = {Journal of Statistical Software},
	number = {7},
	pages = {1--16},
	publisher = {Citeseer},
	title = {ks: Kernel density estimation and kernel discriminant analysis for multivariate data in {R}},
	volume = {21},
	year = {2007}}

@article{garcia2013exact,
	author = {Garc{\'\i}a--Portugu{\'e}s, Eduardo},
	journal = {Electronic Journal of Statistics},
	pages = {1655--1685},
	publisher = {The Institute of Mathematical Statistics and the Bernoulli Society},
	title = {Exact risk improvement of bandwidth selectors for kernel density estimation with directional data},
	volume = {7},
	year = {2013}}

@article{hall1987kernel,
	author = {Hall, Peter and Watson, GS and Cabrera, Javier},
	journal = {Biometrika},
	number = {4},
	pages = {751--762},
	publisher = {Oxford University Press},
	title = {Kernel density estimation with spherical data},
	volume = {74},
	year = {1987}}

@book{hartigan1975clustering,
	author = {Hartigan, John A},
	publisher = {John Wiley \& Sons, Inc.},
	title = {Clustering algorithms},
	year = {1975}}

@article{HDiR,
	author = {Saavedra-Nieves, Paula and Crujeiras, Rosa Mar{\'\i}a},
	note = {{R} package version 1.1.2},
	title = {{HDiR}},
	url = {https://CRAN.R-project.org/package=HDiR},
	year = {2021},
	bdsk-url-1 = {https://CRAN.R-project.org/package=HDiR}}

@article{hyndman1996computing,
	author = {Hyndman, Rob J},
	journal = {The American Statistician},
	number = {2},
	pages = {120--126},
	publisher = {Taylor \& Francis Group},
	title = {Computing and graphing highest density regions},
	volume = {50},
	year = {1996}}

@article{hyndman2018package,
	author = {Hyndman, Rob J and Einbeck, Jochen and Wand, Matthew},
	note = {{R} package version 3.4},
	title = {hdrcde},
	url = {https://CRAN.R-project.org/package=hdrcde},
	year = {2018},
	bdsk-url-1 = {https://CRAN.R-project.org/package=hdrcde}}

@article{klemela2000estimation,
	author = {Klemel{\"a}, Jussi},
	journal = {Journal of Multivariate Analysis},
	number = {1},
	pages = {18--40},
	publisher = {Elsevier},
	title = {Estimation of densities and derivatives of densities with directional data},
	volume = {73},
	year = {2000}}

@article{mammen2013confidence,
	author = {Mammen, Enno and Polonik, Wolfgang},
	journal = {Journal of Multivariate Analysis},
	pages = {202--214},
	publisher = {Elsevier},
	title = {Confidence regions for level sets},
	volume = {122},
	year = {2013}}

@article{marchetti2003use,
	author = {Marchetti, Giovanni M and Scapini, Felicita},
	journal = {Estuarine, Coastal and Shelf Science},
	pages = {207--215},
	publisher = {Elsevier},
	title = {Use of multiple regression models in the study of sandhopper orientation under natural conditions},
	volume = {58},
	year = {2003}}

@article{mason2009asymptotic,
	author = {Mason, David M and Polonik, Wolfgang},
	journal = {The Annals of Applied Probability},
	number = {3},
	pages = {1108--1142},
	publisher = {Institute of Mathematical Statistics},
	title = {Asymptotic normality of plug-in level set estimates},
	volume = {19},
	year = {2009}}

@article{menardi2014advancement,
	author = {Menardi, Giovanna and Azzalini, Adelchi},
	journal = {Statistics and Computing},
	number = {5},
	pages = {753--767},
	publisher = {Springer},
	title = {An advancement in clustering via nonparametric density estimation},
	volume = {24},
	year = {2014}}

@article{oliveira2012plug,
	author = {Oliveira, Mar{\'\i}a and Crujeiras, Rosa M and Rodr{\'\i}guez-Casal, Alberto},
	journal = {Computational Statistics \& Data Analysis},
	number = {12},
	pages = {3898--3908},
	publisher = {Elsevier},
	title = {A plug-in rule for bandwidth selection in circular density estimation},
	volume = {56},
	year = {2012}}

@article{oli2014,
	author = {Mar{\'\i}a Oliveira and Rosa M. Crujeiras and Alberto Rodr{\'\i}guez-Casal},
	journal = {Journal of Statistical Software, Articles},
	number = {9},
	pages = {1--26},
	title = {NPCirc: An R Package for Nonparametric Circular Methods},
	volume = {61},
	year = {2014}}

@manual{rdevelopment2021language,
	author = {{R Core Team}},
	title = {A language and environment for statistical computing. R Foundation for Statistical Computing, Vienna, Austria},
	url = {http://www. R-project. org},
	year = {2021},
	bdsk-url-1 = {http://www.%20R-project.%20org}}

@article{pelletier2005kernel,
	author = {Pelletier, Bruno},
	journal = {Statistics \& probability letters},
	number = {3},
	pages = {297--304},
	publisher = {Elsevier},
	title = {Kernel density estimation on Riemannian manifolds},
	volume = {73},
	year = {2005}}

@article{rigollet2009optimal,
	author = {Rigollet, Philippe and Vert, R{\'e}gis and others},
	journal = {Bernoulli},
	number = {4},
	pages = {1154--1178},
	publisher = {Bernoulli Society for Mathematical Statistics and Probability},
	title = {Optimal rates for plug-in estimators of density level sets},
	volume = {15},
	year = {2009}}

@article{saavedra2020nonparametric,
	author = {Saavedra-Nieves, Paula and Crujeiras, Rosa M},
	journal = {Advances in Data Analysis and Classification},
	pages = {1--36},
	publisher = {Springer},
	title = {Nonparametric estimation of directional highest density regions},
	year = {2021}}

@article{samworth2010asymptotics,
	author = {Samworth, RJ and Wand, MP},
	journal = {The Annals of Statistics},
	number = {3},
	pages = {1767--1792},
	publisher = {Institute of Mathematical Statistics},
	title = {Asymptotics and optimal bandwidth selection for highest density region estimation},
	volume = {38},
	year = {2010}}

@article{scapini2002multiple,
	author = {Scapini, Felicita and Aloia, Andrea and Bouslama, Mohamed F and Chelazzi, Lorenzo and Colombini, Isabella and ElGtari, Mohamed and Fallaci, Mario and Marchetti, Giovanni M},
	journal = {Behavioral Ecology and Sociobiology},
	number = {5},
	pages = {403--414},
	publisher = {Springer},
	title = {Multiple regression analysis of the sources of variation in orientation of two sympatric sandhoppers, Talitrus saltator and Talorchestia brito, from an exposed Mediterranean beach},
	volume = {51},
	year = {2002}}

@article{sm,
	author = {Bowman, Adrian and Azzalini, Adelchi},
	note = {{R} package version 2.2-5.6},
	title = {Package `sm'},
	url = {https://CRAN.R-project.org/package=sm},
	year = {2018},
	bdsk-url-1 = {https://CRAN.R-project.org/package=sm}}

@article{taylor2008automatic,
	author = {Taylor, Charles C},
	journal = {Computational Statistics \& Data Analysis},
	number = {7},
	pages = {3493--3500},
	publisher = {Elsevier},
	title = {Automatic bandwidth selection for circular density estimation},
	volume = {52},
	year = {2008}}

@article{tsybakov1997nonparametric,
	author = {Tsybakov, Alexandre B},
	journal = {The Annals of Statistics},
	number = {3},
	pages = {948--969},
	publisher = {Institute of Mathematical Statistics},
	title = {On nonparametric estimation of density level sets},
	volume = {25},
	year = {1997}}

@book{strang73,
	author = {Strang, Gilbert and Fix, George J},
	publisher = {Prentice-hall},
	title = {An analysis of the finite element method},
	year = {1973}}
