@book{Becker88,
author = {R.~A. {Becker, J.~M. Chambers, and A.~R. Wilks}},
title = {{The New S Language}},
publisher = {Wadsworth Pacific Grove California},
year = {1988}
}

@book{Lamport86,
author = {L.~{Lamport}},
title = {{LaTeX: A Document Preparation System}},
publisher = {Addison-Wesley Reading Massachusetts},
year = {1986}
}

@book{RdLeisch2002,
author = {F.~{Leisch}},
title = {{Sweave: Dynamic generation of statistical reports using literate data analysis}},
publisher = {In W.~H"ardle and B.~R"onz editors Compstat  ---Proceedings in Computational Statistics pages  Physica Verlag,Heidelberg   ~leisch/Sweave},
pages = {575--580},
year = {2002},
url = {http://www.stat.uni-muenchen.de/},
isbn = {3-7908-1517-9}
}

@book{Microsoft07,
author = {{{Microsoft Support}}},
title = {{Ms05-026: A vulnerability in html help could allow remote code execution, }},
publisher = {Retrieved from  onNovember 5},
year = {2009},
url = {http://support.microsoft.com/kb/896358}
}

@book{Murdoch2009,
author = {D.~{Murdoch}},
title = {{Parsing Rd files}},
year = {2009},
url = {http://developer.r-project.org/parseRd.pdf}
}

@book{RExts2009,
author = {{R {Development Core Team}}},
title = {{Writing R Extensions, }},
publisher = {Manual included with R version 2.10.0},
year = {2009}
}

@book{Wall00,
author = {L.~{Wall, T.~Christiansen, and J.~Orwant}},
title = {{Programming Perl}},
publisher = {O'Reilly Media third edition},
year = {2000}
}

