@article{santafe2015,
  author =	 {Santaf\'e, Guzm\'an and Inza, I{\~n}aki and Lozano,
                  Jose A.},
  title =	 {Dealing with the evaluation of supervised
                  classification algorithms},
  journal =	 {Artificial Intelligence Review},
  volume =	 44,
  number =	 4,
  year =	 2015,
  pages =	 {467--508}
}

@article{blum2015,
  author =	 {Blum, Christian and Calvo, Borja and Blesa, Mar\'ia
                  J.},
  title =	 {{FrogCOL} and {FrogMIS}: New decentralized
                  algorithms for finding large independent sets in
                  graphs},
  journal =	 {Swarm Intelligence},
  volume =	 9,
  year =	 2015,
  pages =	 {205--227}
}

@InProceedings{rodriguez-fdez2015,
  author =	 {Rodr\'{i}guez-Fdez, Ismael and Canosa, Adri\'{a}n
                  and Mucientes, Manuel and Bugar\'{i}n, Alberto},
  title =	 {{STAC}: A web platform for the comparison of
                  algorithms using statistical tests},
  booktitle =	 {Proceedings of the 2015 IEEE International
                  Conference on Fuzzy Systems (FUZZ-IEEE)},
  year =	 2015
}

@conference{parejo2012,
  author =	 {Parejo, Jose A. and Garc{\'\i}a, Jorge and
                  Ruiz-Cort{\'e}s, Antonio and Riquelme, Jose C.},
  title =	 {{STATService}: Herramienta de an{\'a}lisis
                  estad{\'\i}stico como soporte para la
                  investigaci{\'o}n con Metaheur{\'\i}sticas},
  booktitle =	 {Actas del VIII Congreso Expa{\~n}ol sobre
                  Metaheur{\'\i}sticas, Algoritmos Evolutivos y
                  Bio-inspirados},
  year =	 {2012}
}

@article{garcia2010,
  author =	 {Garc\'{i}a, Salvador and Fern\'{a}ndez, Alberto and
                  Luengo, Juli\'{a}n and Herrera, Francisco},
  title =	 {Advanced Nonparametric Tests for Multiple
                  Comparisons in the Design of Experiments in
                  Computational Intelligence and Data Mining:
                  Experimental Analysis of Power},
  journal =	 {Information Sciences},
  volume =	 180,
  number =	 10,
  year =	 2010,
  pages =	 {2044--2064}
}

@book{wickham2009,
  author =	 {Wickham, Hadley},
  title =	 {ggplot2: elegant graphics for data analysis},
  publisher =	 {Springer New York},
  year =	 2009,
  isbn =	 {978-0-387-98140-6},
}

@article{demsar2006,
  author =	 {Dem\v{s}ar, Janez},
  title =	 {Statistical Comparisons of Classifiers over Multiple
                  Data Sets},
  journal =	 {Journal of Machine Learning Research},
  volume =	 7,
  year =	 2006,
  pages =	 {1--30},
  numpages =	 30,
}

@article{garcia2008,
  author =	 {Salvador Garc√≠a and Francisco Herrera},
  title =	 {An extension on `{S}tatistical comparisons of
                  classifiers over multiple data sets' for all
                  pairwise comparisons},
  journal =	 {Journal of Machine Learning Research},
  volume =	 9,
  year =	 2008,
  pages =	 {2677--2694}
}

@incollection{bergmann1988,
  year =	 1988,
  booktitle =	 {Multiple Hypotheses Testing},
  volume =	 70,
  author =	 {Bergmann, B. and Hommel, G.},
  title =	 {Improvements of General Multiple Test Procedures for
                  Redundant Systems of Hypotheses},
  publisher =	 {Springer Berlin Heidelberg},
  pages =	 {100--115}
}

@article{shaffer1986,
  author =	 {Shaffer, Juliette P.},
  title =	 {Modified Sequential Rejective Multiple Test
                  Procedures},
  journal =	 {Journal of the American Statitstical Association},
  volume =	 81,
  number =	 295,
  year =	 1986,
  pages =	 {826--831}
}

@article{iman1980,
  author =	 {Iman, Ronald L. and Davenport, James M.},
  title =	 {Approximations of the Critical Region of the
                  Friedman Statistic},
  journal =	 {Communications in Statistics -- Theory and Methods},
  volume =	 9,
  number =	 6,
  year =	 1980,
  pages =	 {571--595}
}

@article{holm1979,
  author =	 {Holm, Sture},
  title =	 {A Simple Sequentially Rejective Multiple Test
                  Procedure},
  journal =	 {Scandinavian Journal of Statistics},
  volume =	 6,
  year =	 1979,
  pages =	 {65--70}
}

@article{friedman1937,
  author =	 {Friedman, Milton},
  title =	 {The Use of Ranks to Avoid the Assumption of
                  Normality Implicit in the Analysis of Variance},
  journal =	 {Journal of the American Statistical Association},
  volume =	 32,
  number =	 200,
  year =	 1937,
  pages =	 {675--701}
}

@article{friedman1940,
  author =	 {Friedman, Milton},
  title =	 {A Comparison of Alternative Tests of Significance
                  for the Problem of $m$ Rankings},
  journal =	 {Annals of Mathematical Statistics},
  volume =	 11,
  year =	 1940,
  pages =	 {36--92}
}

@article{keel2008,
  author =	 {Alcal\'a-Fdez, J. and S\'anchez, L. and Garc\'ia,
                  S. and del Jesus, M. J. and Ventura, S. and Garrell,
                  J. M. and Otero, J. and Romero, C. and Bacardit,
                  J. and Rivas, V. M. and Fern\'andez, J. C. and
                  Herrera, F.},
  title =	 {{KEEL}: A Software Tool to Assess Evolutionary
                  Algorithms for Data Mining Problems},
  journal =	 {Soft Computing},
  volume =	 13,
  number =	 3,
  year =	 2008,
  pages =	 {307--318}
}

