@ARTICLE{brinson:gary,
   AUTHOR= {Brinson, Gary and Hood, Ranholph and Beebower, Gilbert},
   TITLE= {Determinants of Portfolio Performance},
   JOURNAL= {Financial Analysts Journal},
   VOLUME= {42},
   NUMBER= {4},
   PAGES= {39--44},
   MONTH= {Jul.--Aug.},
   YEAR= {1986},
URL= {http://www.jstor.org/stable/4478947}
}
@ARTICLE{brinson:gary2,
   AUTHOR= {Brinson, Gary and Singer, Brian and Beebower, Gilbert},
   TITLE= {Determinants of Portfolio Performance {II}: An Update},
   JOURNAL= {Financial Analysts Journal},
   VOLUME= {47},
   NUMBER= {3},
   PAGES= {40--48},
   MONTH= {May--Jun.},
   YEAR= {1991},
URL= {http://www.jstor.org/stable/4479432}
}

@ARTICLE{kane:david,
   AUTHOR= {Enos, Jeff and Kane, David},
   TITLE= {Analysing Equity Portfolios in {R}},
   JOURNAL= {R News},
   VOLUME= {6},
   NUMBER= {2},
   PAGES= {13--19},
   MONTH= {MAY},
   YEAR= {2006},
   URL= {http://CRAN.R-project.org/doc/Rnews}
}

@ARTICLE{jpmreg,
   AUTHOR= {Grinold, Richard},
   TITLE= {Attribution. {M}odeling asset characteristics as portfolios},
   JOURNAL= {The Journal of Portfolio Management},
PAGES= {19},	
     MONTH= {Winter},
   YEAR= {2006}
}

@ARTICLE{gem2,
   AUTHOR= {Menchero, Jose and Morozov, Andrei and Shepard, Peter},
   TITLE= "{The Barra Global Equity Model (GEM2)}",
   JOURNAL= {MSCI Barra Research Notes},
     MONTH= {Sept.},
   YEAR= {2008}
}
@ARTICLE{lord,
   AUTHOR= {Lord, Timothy},
   TITLE= {The Attribution of Portfolio and Index Returns in Fixed Income},
   JOURNAL= {Journal of Performance Measurement},
   VOLUME= {Fall},
   PAGES= {45--57},
   YEAR= {1997}
}

@ARTICLE{localrisk,
   AUTHOR= {Singer, Brian and Karnosky, Denis},
   TITLE= {The General Framework for Global Investment Management and Performance Attribution},
   JOURNAL= {The Journal of Portfolio Management},
   VOLUME= {Winter},
   PAGES= {84--92},
   YEAR= {1995}
}

@ARTICLE{morningstar,
   AUTHOR= {{Morningstar Inc}},
   TITLE= {Equity Performance Attribution Methodology},
   JOURNAL= {Morningstar Methodology Paper},
MONTH = {March.},
   YEAR= {2009},
url = {http://corporate.morningstar.com/us/documents/MethodologyDocuments/MethodologyPapers/EquityPerformanceAttributionMeth.pdf}
}

@ARTICLE{linking,
   AUTHOR= {Menchero, Jose},
   TITLE= {An Optimized Approach to Linking Attribution Effects over Time},
   JOURNAL= {Journal of Performance Measurement},
   VOLUME= {5},
   NUMBER= {1},
   PAGES= {36--42},
   YEAR= {2000}
}
@Manual{performance:analytics,
    title = {PerformanceAnalytics: Econometric tools for performance and risk analysis},
    author = {Peter Carl and Brian G. Peterson},
    year = {2013},
    note = {R package version 1.1.0},
    url = {http://CRAN.R-project.org/package=PerformanceAnalytics},
  }
@MISC{rmetrics,
title = {Rmetrics},
author={{Rmetrics Association}},
year = {2013},
url = {https://www.rmetrics.org/}
}
