@book{Rsp,
author = {H.~{Bengtsson}},
title = {{R.rsp: R server pages}},
publisher = {R package version 0.7.0},
year = {2011},
url = {http://CRAN.R-project.org/package=R.rsp}
}
@book{googleVis,
author = {M.~{Gesmann and D.~de~Castillo}},
title = {{googleVis: Using the Google Visualisation API with R}},
publisher = {R package version googleVisVersion},
url = {http://code.google.com/p/google-motion-charts-with-r/2011}
}
@book{brew2010,
author = {{Jeffrey Horner}},
title = {{brew: Templating framework for report generation}},
publisher = {R package version 1.0-6},
year = {2011},
url = {http://CRAN.R-project.org/package=brew}
}
@book{Rapache2011,
author = {{Jeffrey Horner}},
title = {{RApache: Web application development with R and Apache}},
year = {2011},
url = {http://www.rapache.net/}
}
@book{Sweave2002,
author = {F.~{Leisch}},
title = {{Sweave: Dynamic generation of statistical reports using literate data analysis}},
publisher = {In W.~H"ardle and B.~R"onz editors Compstat ---Proceedings in Computational Statistics pages  PhysicaVerlag,Heidelberg},
pages = {575--580},
year = {2002},
isbn = {3-7908-1517-9}
}
@book{Saaibi2010,
author = {S.~P. {Saaibi}},
title = {{R/RMETRICS Generator Tool for Google Motion Charts}},
publisher = {4th R/Rmetrics User and Developer Workshop Meielisalp Lake Thune Switzerland June 27 - July 1},
year = {2010},
url = {https://www.rmetrics.org/}
}
@book{RJSONIO,
author = {D. {Temple Lang}},
title = {{RJSONIO: Serialize R objects to JSON, JavaScript Object Notation}},
publisher = {R package version 0.96-0},
year = {2011},
url = {http://CRAN.R-project.org/package=RJSONIO}
}

