%\listfiles
%\begin{filecontents*}{\inan-wang.bib}

@article{breheny2011coordinate,
  title={Coordinate descent algorithms for nonconvex penalized regression, with applications to biological feature selection},
  author={Breheny, Patrick and Huang, Jian},
  journal={The Annals of Applied statistics},
  volume={5},
  number={1},
  pages={232},
  year={2011},
  url = {https://doi.org/10.1214/10-AOAS388}
 }

@Manual{Carey2012,
  title = {gee: Generalized Estimation Equation Solver},
  author = {Carey, Vincent J. },
  year = {2015},
  note = {R package version 4.13-19},
  url = {https://CRAN.R-project.org/package=gee},
}

@article{cho2013model,
  title={Model selection for correlated data with diverging number of parameters},
  author={Cho, Hyunkeun and Qu, Annie},
  journal={Statistica Sinica},
  volume={23},
  pages={901--927},
  year={2013},
 url = {https://doi.org/10.5705/ss.2011.058}
}

@article{fan2001variable,
  title={Variable selection via nonconcave penalized likelihood and its oracle properties},
  author={Fan, Jianqing and Li, Runze},
  journal={Journal of the American Statistical Association},
  volume={96},
  number={456},
  pages={1348--1360},
  year={2001},
 url = {https://doi.org/10.1198/016214501753382273}
}

@article{friedman2010regularization,
  title={Regularization paths for generalized linear models via coordinate descent},
  author={Friedman, Jerome and Hastie, Trevor and Tibshirani, Rob},
  journal={Journal of Statistical Software},
  volume={33},
  number={1},
  pages={1},
  year={2010},
 url = {https://doi.org/10.18637/jss.v033.i01}
}

@Misc{geepackage,
author = {Hojsgaard, Soren and Halekoh, Ulrich and Yan, Jun},
title = {geepack: \uppercase{G}eneralized \uppercase{E}stimating \uppercase{E}quation. \uppercase{P}ackage
 \uppercase{R} package version 1.2-0.1},
year = {2016},
url = {https://cran.r-project.org/web/packages/geepack/}
}

@Article{Goeman,
    title = {L1 penalized estimation in the \uppercase{C}ox proportional hazards
      model},
    author = {Goeman, J.J.},
    journal = {Biometrical Journal},
    volume={52},
    number={1},
    pages = {70-84},
    year = {2010},
 url = {https://doi.org/10.1002/bimj.200900028}
  }

@article{halekoh2006r,
  title={The \uppercase{R} package geepack for generalized estimating equations},
  author={Halekoh, Ulrich and H{\o}jsgaard, S{\o}ren and Yan, Jun},
  journal={Journal of Statistical Software},
  volume={15},
  number={2},
  pages={1--11},
  year={2006},
 url = {https://doi.org/10.18637/jss.v015.i02}
}

@book{hardin2003generalized,
  title={Generalized Estimating Equations},
  author={Hardin, James W and Hilbe, Joseph M},
  year={2003},
  publisher={Wiley Online Library}
}

@article{horton1999review,
  title={Review of software to fit generalized estimating equation regression models},
  author={Horton, Nicholas J and Lipsitz, Stuart R},
  journal={The American Statistician},
  volume={53},
  number={2},
  pages={160--169},
  year={1999},
 url = {https://doi.org/10.1080/00031305.1999.10474451}
}

@article{hou2015regularization,
  title={Regularization method for predicting an ordinal response using longitudinal high-dimensional genomic data},
  author={Hou, Jiayi and Archer, Kellie J},
  journal={Statistical Applications in Genetics and Molecular Biology},
  volume={14},
  number={1},
  pages={93--111},
  year={2015},
 url = {https://doi.org/10.1515/sagmb-2014-0004}
}

@article{johnson2008penalized,
  title={Penalized estimating functions and variable selection in semiparametric regression models},
  author={Johnson, Brent A and Lin, DY and Zeng, Donglin},
  journal={Journal of the American Statistical Association},
  volume={103},
  number={482},
  pages={672--680},
  year={2008},
 url = {https://doi.org/10.1198/016214508000000184}
 }

@Manual{InanWang2016,
  title = {PGEE: Penalized Generalized Estimating Equations in High-Dimension},
  author = {Gul Inan and Jianhui Zhou and Lan Wang},
  year = {2017},
  note = {R package version 1.5},
  url = {https://CRAN.R-project.org/package=PGEE},
}

@article{lee2002transcriptional,
  title={Transcriptional regulatory networks in Saccharomyces cerevisiae},
  author={Lee, Tong Ihn and Rinaldi, Nicola J and Robert, Fran{\c{c}}ois and Odom, Duncan T and Bar-Joseph, Ziv and Gerber, Georg K and Hannett, Nancy M and Harbison, Christopher T and Thompson, Craig M and Simon, Itamar and others},
  journal={Science},
  volume={298},
  number={5594},
  pages={799--804},
  year={2002},
 url = {https://doi.org/10.1126/science.1075090}
 
}

@article{liang1986longitudinal,
  title={Longitudinal data analysis using generalized linear models},
  author={Liang, Kung-Yee and Zeger, Scott L},
  journal={Biometrika},
  volume={73},
  number={1},
  pages={13--22},
  year={1986},
 url = {https://doi.org/10.2307/2336267}
}

@article{lian2014generalized,
  title={Generalized additive partial linear models for clustered data with diverging number of covariates using \uppercase{GEE}},
  author={Lian, Heng and Liang, Hua and Wang, Lan},
  journal={Statistica Sinica},
  volume={24},
  pages={173--196},
  year={2014}
}

@Manual{2016-109-MASS,
  title = {MASS: Support Functions and Datasets for Venables and Ripley's MASS},
  author = {Brian Ripley},
  year = {2015},
  note = {R package version 7.3-45},
  url = {https://CRAN.R-project.org/package=MASS},
}

@Manual{mvtnorm,
  title = {mvtnorm: Multivariate Normal and t Distributions},
  author = {Alan Genz and Frank Bretz and Tetsuhisa Miwa and Xuefei Mi and Torsten Hothorn},
  year = {2015},
  note = {R package version 1.0-3},
  url = {https://CRAN.R-project.org/package=mvtnorm},
}


@Article{Patrick2011,
    author = {Patrick Breheny and Jian Huang},
    title = {Coordinate descent algorithms for nonconvex penalized
      regression, with applications to biological feature selection},
    journal = {Annals of Applied Statistics},
    year = {2011},
    volume = {5},
    pages = {232--253},
    number = {1},
 url = {https://doi.org/10.1214/10-AOAS388}
  }

@Manual{rqpen2016,
    title = {rq\uppercase{P}en: Penalized Quantile Regression},
    author = {Sherwood, Ben and Maidman, Adam},
    year = {2016},
    note = {R package version 1-4},
   url = {https://cran.r-project.org/web/packages/rqPen}
  }

@article{spellman1998comprehensive,
  title={Comprehensive identification of cell cycle--regulated genes of the yeast Saccharomyces cerevisiae by microarray hybridization},
  author={Spellman, Paul T and Sherlock, Gavin and Zhang, Michael Q and Iyer, Vishwanath R and Anders, Kirk and Eisen, Michael B and Brown, Patrick O and Botstein, David and Futcher, Bruce},
  journal={Molecular Biology of  Cell},
  volume={9},
  number={12},
  pages={3273--3297},
  year={1998},
  publisher={Am Soc Cell Biol},
 url = {https://doi.org/10.1091/mbc.9.12.3273}
}

@article{tibshirani1996regression,
  title={Regression shrinkage and selection via the lasso},
  author={Tibshirani, Robert},
  journal={Journal of the Royal Statistical Society. Series B (Methodological)},
  pages={267--288},
  year={1996},
 url = {https://doi.org/10.1111/j.1467-9868.2011.00771.x}
}

@article{wang2007group,
  title={Group \uppercase{SCAD} regression analysis for microarray time course gene expression data},
  author={Wang, Lifeng and Chen, Guang and Li, Hongzhe},
  journal={Bioinformatics},
  volume={23},
  number={12},
  pages={1486--1494},
  year={2007},
 url = {https://doi.org/10.1093/bioinformatics/btm125}
  
}

@article{wang2011gee,
  title={\uppercase{GEE} analysis of clustered binary data with diverging number of covariates},
  author={Wang, Lan},
  journal={The Annals of Statistics},
  volume={39},
  number={1},
  pages={389--417},
  year={2011},
 url = {https://doi.org/10.1214/10-AOS846}
 }

@article{wang2012penalized,
  title={Penalized Generalized Estimating Equations for High-Dimensional Longitudinal Data Analysis},
  author={Wang, Lan and Zhou, Jianhui and Qu, Annie},
  journal={Biometrics},
  volume={68},
  number={2},
  pages={353--360},
  year={2012}, 
  url = {https://doi.org/10.1111/j.1541-0420.2011.01678.x}
 }

@article{wang2014estimation,
  title={Estimation and model selection in generalized additive partial linear models for correlated data with diverging number of covariates},
  author={Wang, Li and Xue, Lan and Qu, Annie and Liang, Hua},
  journal={The Annals of Statistics},
  volume={42},
  number={2},
  pages={592--624},
  year={2014},
  url = {https://doi.org/10.1214/13-AOS1194}
 }

@article{zeger1986longitudinal,
  title={Longitudinal data analysis for discrete and continuous outcomes},
  author={Zeger, Scott L and Liang, Kung-Yee},
  journal={Biometrics},
  pages={121--130},
  volume = {4},
  number={1},
  year={1986}
}

%\end{filecontents*}
