%%%% -*- Mode: BibTeX -*-

@Misc{CGDS_R_package,
  author =	 {Anders Jacobsen},
  title =	 {{R-Based} {API} for {Accessing} the {MSKCC} {Cancer}
                  {Genomics} {Data} {Server}},
  howpublished =
                  {\url{https://cran.r-project.org/web/packages/cgdsr/}},
  year =	 2011
}

@article{CRC_PIPELINE,
  title =	 {Algorithmic {Methods} to {Infer} the {Evolutionary}
                  {Trajectories} in {Cancer} {Progression}},
  author =	 {Caravagna, Giulio and Graudenzi, Alex and
                  Ramazzotti, Daniele and Sanz-Pamplona, Rebeca and De
                  Sano, Luca and Mauri, Giancarlo and Moreno, Victor
                  and Antoniotti, Marco and Mishra, Bud},
  journal =	 {Submitted. Available on \url{bioRxiv.org},
                  \url{http://dx.doi.org/10.1101/027359}.},
  year =	 2015
}

@article{NatGenRP,
  title =	 {Recurrent {SETBP1} mutations in atypical chronic
                  myeloid leukemia},
  author =	 {Piazza, Rocco and Valletta, Simona and Winkelmann,
                  Nils and Redaelli, Sara and Spinelli, Roberta and
                  Pirola, Alessandra and Antolini, Laura and Mologni,
                  Luca and Donadoni, Carla and Papaemmanuil, Elli and
                  others},
  journal =	 {Nature Genetics},
  volume =	 45,
  number =	 1,
  pages =	 {18--24},
  year =	 2013,
  publisher =	 {Nature Publishing Group}
}

@article{babur2014systematic,
  title =	 {Systematic identification of cancer driving
                  signaling pathways based on mutual exclusivity of
                  genomic alterations},
  author =	 {Babur, {\"O}zg{\"u}n and G{\"o}nen, Mithat and
                  Aksoy, B{\"u}lent Arman and Schultz, Nikolaus and
                  Ciriello, Giovanni and Sander, Chris and Demir,
                  Emek},
  journal =	 {bioRxiv},
  pages =	 009878,
  year =	 2014,
  publisher =	 {Cold Spring Harbor Labs Journals}
}

@article{beroukhim2007assessing,
  title =	 {Assessing the significance of chromosomal
                  aberrations in cancer: methodology and application
                  to glioma},
  author =	 {Beroukhim, Rameen and Getz, Gad and Nghiemphu, Leia
                  and Barretina, Jordi and Hsueh, Teli and Linhart,
                  David and Vivanco, Igor and Lee, Jeffrey C and
                  Huang, Julie H and Alexander, Sethu and others},
  journal =	 {Proceedings of the National Academy of Sciences},
  volume =	 104,
  number =	 50,
  pages =	 {20007--20012},
  year =	 2007,
  publisher =	 {National Acad Sciences}
}

@article{cerami2012cbio,
  title =	 {The {cBio} {Cancer} {Genomics} {Portal}: {An} {Open} {Platform}
                  for {Exploring} {Multidimensional} {Cancer} {Genomics} {Data}},
  author =	 {Cerami, Ethan and Gao, Jianjiong and Dogrusoz, Ugur
                  and Gross, Benjamin E and Sumer, Selcuk Onur and
                  Aksoy, B{\"u}lent Arman and Jacobsen, Anders and
                  Byrne, Caitlin J and Heuer, Michael L and Larsson,
                  Erik and others},
  journal =	 {Cancer discovery},
  volume =	 2,
  number =	 5,
  pages =	 {401--404},
  year =	 2012,
  publisher =	 {AACR}
}

@article{edmonds1967optimum,
  title =	 {Optimum {Branchings}},
  author =	 {Edmonds, Jack},
  journal =	 {Journal of Research of the National Bureau of
                  Standards B},
  volume =	 {71B},
  number =	 4,
  pages =	 {233--240},
  year =	 1967
}

@article{hofree2013network,
  title =	 {Network-based stratification of tumor mutations},
  author =	 {Hofree, Matan and Shen, John P and Carter, Hannah
                  and Gross, Andrew and Ideker, Trey},
  journal =	 {Nature methods},
  volume =	 10,
  number =	 11,
  pages =	 {1108--1115},
  year =	 2013,
  publisher =	 {Nature Publishing Group}
}

@book{koller2009probabilistic,
  title =	 {Probabilistic {Graphical} {Models}: {Principles} and
                  {Techniques}},
  author =	 {Koller, Daphne and Friedman, Nir},
  year =	 2009,
  publisher =	 {MIT press}
}

@article{loohuis2014inferring,
  title =	 {Inferring {Tree} {Causal} {Models} of {Cancer} {Progression}
                  with {Probability} {Raising}},
  author =	 {Olde Loohuis, Loes and Caravagna, Giulio and
                  Graudenzi, Alex and Ramazzotti, Daniele and Mauri,
                  Giancarlo and Antoniotti, Marco and Mishra, Bud},
  journal =	 {PLoS One},
  volume =	 9,
  number =	 12,
  year =	 2014,
  publisher =	 {Public Library of Science}
}

@article{ramazzotti2015capri,
  title =	 {{CAPRI}: {Efficient} {Inference} of {Cancer} {Progression}
                  {Models} from {Cross-sectional} {Data}},
  author =	 {Ramazzotti, Daniele and Caravagna, Giulio and
                  Olde-Loohuis, Loes and Graudenzi, Alex and
                  Korsunsky, Ilya and Mauri, Giancarlo and Antoniotti,
                  Marco and Mishra, Bud},
  journal =	 {Bioinformatics},
  pages =	 {btv296},
  year =	 2015,
  publisher =	 {Oxford University Press}
}

@misc{tcga_consortium,
  title =	 {The {Cancer} {Genome} {Atlas}},
  author =	 {NCI and the NHGRI},
  howpublished = {\url{http://cancergenome.nih.gov/}},
  year =	 2005
}

@article{wu1986jackknife,
  title =	 {Jackknife, bootstrap and other resampling methods in
                  regression analysis},
  author =	 {Wu, Chien-Fu Jeff},
  journal =	 {The Annals of Statistics},
  volume =	 14,
  number =	 4,
  pages =	 {1261--1295},
  year =	 1986
}










