@Misc{ibge,
  title = {Instituto Brasileiro De Geografia e Estat√≠stica},
  author = {{IBGE}},
  year = {2015},
  url = {www.ibge.gov.br},
}

@Article{boxpierce,
  author = {G. E. P. Box and D. A. Pierce},
  title = {Distribution of Residual Autocorrelations in Autoregressive-Integrated Moving Average Time Series Models},
  journal = {Journal of the American Statistical Association},
  volume = {65},
  number = {332},
  pages = {1509-1526},
  year = {1970},
}

@Article{arch,
  title = {Autoregressive Conditional Heteroscedasticity with Estimates of the Variance of {U}nited {K}ingdom Inflation},
  author = {R. Engle},
  year = {1982},
  journal = {Econometrica},
  volume = {50},
  number = {4},
  pages = {987-1007},
}

@Book{montgomery,
  title = {Introduction to Time Series Analysis and Forecasting},
  address = {Arizona},
  publisher = {John Wiley \& Sons},
  author = {D. C. Montgomery and C. L. Jennings and M. Kulahci},
  year = {2015},
}

@Book{boxjenkins,
  title = {Time Series Analysis Forecasting and Control},
  address = {San Francisco},
  publisher = {Holden Day},
  author = {G. E. P. Box and G. M. Jenkins},
  year = {1970},
}

@Article{hp,
  title = {Postwar {U.S.} Business Cycles: An Empirical Investigation},
  author = {R. J. Hodrick and E. C. Prescott},
  journal = {Journal of Money, Credit, and Banking},
  year = {1997},
}

@Article{ljungbox,
  title = {On a Measure of a Lack of Fit in Time Series Models},
  journal = {Biometrika},
  volume = {65},
  author = {G. M. Ljung and G. E. P. Box},
  year = {1978},
}

@Manual{R,
  title = {R: A Language and Environment for Statistical Computing},
  author = {{R Core Team}},
  organization = {R Foundation for Statistical Computing},
  address = {Vienna, Austria},
  year = {2017},
  url = {https://www.R-project.org/},
}

@Article{dickey,
  title = {Distribution of the Estimators for Autoregressive Time Series With a Unit Root},
  journal = {Journal of the American Statistical Association},
  author = {D. A. Dickey and W. A. Fuller},
  year = {1979},
  volume = {74},
}

@Book{hamilton94,
  title = {Time Series Analysis},
  publisher = {Princeton University Press},
  author = {J. D. Hamilton},
  year = {1994},
}

@Article{aic73,
  title = {Information Theory and an Extension of the Maximum Likelihood Principle},
  journal = {2nd International Symposium on Information Theory},
  author = {H. Akaike},
  year = {1973},
}

@Article{bic78,
  title = {Estimating the Dimension of a Model},
  journal = {The Annals of Statistics},
  volume = {6},
  author = {G. Schwarz},
  year = {1978},
}

@Article{ljung,
  title = {On a Measure of a Lack of Fit in Time Series Models},
  journal = {Biometrika},
  author = {G. M. Ljung and G. E. P. Box},
  year = {1978},
  volume = {65},
}

@Article{forecast1,
  title = {Automatic Time Series Forecasting: The Forecast Package for R},
  volume = {27},
  journal = {Journal of Statistical Software},
  author = {R. J. Hyndman and Y. Khandakar},
  url = {http://www.jstatsoft.org/v27/i03/},
  year = {2008},
}

@Manual{forecast,
  title = {Forecast: Forecasting Functions for Time Series and Linear Models},
  author = {Rob J. Hyndman},
  year = {2015},
  url = {http://cran.r-project.org/package=forecast},
}

@Manual{urca,
  title = {Urca: Unit Root and Cointegration Tests for Time Series Data},
  author = {B. Pfaff and E. Zivot and M. Stigler},
  year = {2016},
  url = {http://cran.r-project.org/package=urca},
}

@Manual{SSOAP,
  title = {SSOAP: Client-Side SOAP Access for S},
  author = {Duncan T. Lang},
  year = {2012},
  url = {https://cran.rstudio.com/src/contrib/Archive/SSOAP/},
}

@Manual{XMLSchema,
  title = {XMLSchema: R Facilities to Read XML Schema},
  author = {Duncan T. Lang},
  year = {2012},
  url = {https://cran.r-project.org/src/contrib/Archive/XMLSchema/},
}

@Manual{sqldf,
  title = {Sqldf: Perform SQL Selects on R Data Frames},
  author = {G. Grothendieck},
  year = {2015},
  url = {https://cran.r-project.org/web/packages/sqldf/index.html},
}

@Misc{rademaker,
  author = {Alexandre Rademaker},
  title = {R Package SSOAP},
  howpublished = {\url{http://arademaker.github.io/blog/2012/01/02/package-SSOAP.html}},
  year = {2012},
  note = {Accessed: 2016-07-27},
}

@Article{osborn,
  title = {Seasonality and the Order of Integration for Consumption},
  journal = {Oxford Bulletin of Economics and Statistics},
  author = {D. R. Osborn and A. P. L Chui and J. Smith and C. R. Birchenhall},
  year = {1988},
}

@Article{bartlett,
  title = {On the Theoretical Specification and Sampling Properties of Autocorrelated Time Series},
  journal = {Supplement to the Journal of the Royal Statistical Society},
  author = {M. S. Bartlett},
  year = {1946},
}

@Manual{dygraphs,
  title = {Dygraphs: Interface to 'Dygraphs' Interactive Time Series Charting Library},
  author = {D. Vanderkam and J. J. Allaire and J. Owen and D. Gromer and P. Shevtsov and B. Thieurmel},
  year = {2016},
  url = {https://cran.r-project.org/web/packages/dygraphs/index.html},
}

@Manual{seasonal,
  title = {Seasonal: R Interface to X-13-ARIMA-SEATS},
  author = {C. Sax},
  year = {2016},
  url = {https://cran.r-project.org/web/packages/seasonal/index.html},
}

@Article{perron,
  title = {Testing for a Unit Root in Time Series Regression},
  journal = {Biometrika},
  author = {P. C. Phillips and P. Perron},
  year = {1988},
}

@Article{breusch,
  title = {Testing for Autocorrelation in Dynamic Linear Models},
  journal = {Australian Economic Papers},
  author = {T. S. Breusch},
  year = {1978},
}

@Article{godfrey,
  title = {Testing Against General Autoregressive and Moving Average Error Models When the Regressors Include Lagged Dependent Variables},
  journal = {Econometrica},
  author = {L. G. Godfrey},
  year = {1978},
}

@Article{kpss,
  title = {Testing the Null Hypothesis of Stationarity against the Alternative of a Unit Root},
  journal = {Journal of Econometrics},
  author = {D. Kwiatkowski and P. C. B. Phillips and P. Schmidt and Y. Shin},
  year = {1992},
}

@Article{phillips,
  title = {The Relationship between Unemployment and the Rate of Change of Money Wages in the United Kingdom 1861-1957},
  journal = {Economica},
  author = {A. W. Phillips},
  year = {1958},
}

@Article{chow,
  title = {Tests of Equality Between Sets of Coefficients in Two Linear Regressions},
  journal = {Econometrica},
  author = {G. C. Chow},
  year = {1960},
}

@Manual{TSA,
  title = {TSA: Time Series Analysis},
  author = {K. S. Chan and B. Ripley},
  year = {2012},
  url = {http://CRAN.R-project.org/package=TSA},
}

@Manual{ggplot2,
  title = {Ggplot2: An Implementation of the Grammar of Graphics},
  author = {H. Wickham and W. Chang},
  year = {2015},
  url = {http://cran.r-project.org/package=ggplot2},
}

@Manual{plotly,
  title = {Plotly: Create Interactive Web Graphics via 'Plotly.js},
  author = {C. Sievert and Chris Parmer and T. Hocking and S. Chamberlain and K. Ram and M. Corvellec and P. Despouy},
  year = {2016},
  url = {http://cran.r-project.org/package=plotly},
}

@Manual{stats,
  title = {Stats: The \proglang{R} Stats Package},
  author = {{R Core Team}},
  year = {2015},
}

@Manual{FinTS,
  title = {FinTS: Companion to Tsay (2005) Analysis of Financial Time Series},
  author = {S. Graves},
  year = {2014},
  url = {http://cran.r-project.org/package=FinTS},
}

@Manual{stringi,
  title = {Stringi: Character String Processing Facilities},
  author = {M. Gagolewski and B. Tartanus},
  year = {2016},
  url = {http://cran.r-project.org/package=stringi},
}

@Manual{RMySQL,
  title = {RMySQL: Database Interface and MySQL Driver for R},
  author = {J. Ooms and D. James and S. DebRoy and H. Wickham and J. Horner},
  year = {2016},
  url = {http://cran.r-project.org/package=RMySQL},
}

@Manual{TTR,
  title = {TTR: Technical Trading Rules},
  author = {J. Ulrich},
  year = {2016},
  url = {http://cran.r-project.org/package=TTR},
}

@Manual{foreign,
  title = {Foreign: Technical Trading Rules},
  author = {R. Bivand and V. J. Carey and S. DebRoy and S. Eglen and R. Guha and N. Lewin-Koh and M. Myatt and B. Pfaff and B. Quistorff and F. Warmerdam and S. Weigand},
  year = {2016},
  url = {http://cran.r-project.org/package=foreign},
}

@Manual{lmtest,
  title = {Lmtest: Testing Linear Regression Models},
  author = {T. Hothorn and A. Zeileis and R. W. Farebrother and C. Cummins and G. Millo and D. Mitchell},
  year = {2016},
  url = {http://cran.r-project.org/package=lmtest},
}

@Manual{mFilter,
  title = {Mfilter: Miscellaneous Time Series Filters},
  author = {M. Balcilar},
  year = {2016},
  url = {http://cran.r-project.org/package=mfilter},
}

@Manual{normtest,
  title = {Normtest: Tests for Normality},
  author = {I. Gavrilov and R. Pusev},
  year = {2016},
  url = {http://cran.r-project.org/package=normtest},
}

@Manual{zoo,
  title = {Zoo: S3 Infrastructure for Regular and Irregular Time Series (Z's Ordered Observations)},
  author = {Achim Zeileis and Gabor Grothendieck and Jeffrey A. Ryan and Felix Andrews},
  year = {2016},
  url = {http://cran.r-project.org/package=zoo},
}

@Manual{rugarch,
  title = {Rugarch: Univariate GARCH Models},
  author = {A. Ghalanos},
  year = {2016},
  url = {http://cran.r-project.org/package=rugarch},
}

@Manual{xlsx,
  title = {Xlsx: Read, Write, Format Excel 2007 and Excel 97/2000/XP/2003 Files},
  author = {A. A. Dragulescu},
  year = {2016},
  url = {http://cran.r-project.org/package=xlsx},
}

@Misc{x13,
  title = {X13-ARIMA-SEATS Reference Manual Acessible HTML Output Version},
  author = {U. S. Census Bureau},
  url = {https://www.census.gov/ts/x13as/docX13AS.pdf},
  year = {2015},
}

@Manual{rmarkdown,
  title = {Rmarkdown: Dynamic Documents for R},
  author = {J. J. Allaire},
  year = {2017},
  url = {http://cran.r-project.org/package=rmarkdown},
}

@Article{specht,
  title = {A General Regression Neural Network},
  journal = {IEEE Transactions on Neural Networks},
  author = {D. F. Specht},
  year = {1991},
}

@Manual{httr,
  title = {Httr: Tools for Working with URLs and HTTP},
  author = {H. Wickham},
  year = {2017},
  url = {http://cran.r-project.org/package=httr},
}

@Manual{rvest,
  title = {Rvest: Easily Harvest (Scrape) Web Pages},
  author = {H. Wickham},
  year = {2016},
  url = {http://cran.r-project.org/package=rvest},
}

@Manual{grnn,
  title = {Grnn: General Regression Neural Network},
  author = {P. Chasset},
  year = {2013},
  url = {http://cran.r-project.org/package=grnn},
}

@Manual{BETS,
  title = {BETS: Brazilian Economic Time Series},
  author = {P. C. Ferreira and T. F. Speranza and J. C. Azevedo and F. O. Teixeira and D. Marcolino},
  year = {2017},
  url = {http://cran.r-project.org/package=BETS},
}

@Book{ferreira,
  title = {An√°lise De S√©ries Temporais Usando o R},
  address = {Rio de Janeiro, RJ},
  publisher = {FGV/IBRE},
  author = {P. C. Ferreira and D. Mattos and D. Almeida and I. {de Oliveira} and R. Pereira},
  year = {2016},
}

@Book{lehmann,
  title = {Nonparametrics: Statistical Methods Based on Ranks},
  journal = {IEEE Transactions on Neural Networks},
  address = {Upper Saddle River, NJ},
  publisher = {Prentice Hall},
  author = {E. L. Lehmann},
  year = {1998},
}
