@Article{Johnson80,
  author = {Fabian Hernandez and Richard A. Johnson},
  title = {The Large-Sample Behavior of Transformations to Normality},
  journal = {Journal of the American Statistical Association},
  year = {1980},
  volume = {75},
  number = {372},
  pages = {855--861},
  url = {http://www.jstor.org/stable/2287172},
}

@InProceedings{arules:Agrawal+Imielinski+Swami:1993,
  author = {Rakesh Agrawal and Tomasz Imielinski and Arun Swami},
  booktitle = {Proceedings of the 1993 ACM SIGMOD International Conference on Management of Data},
  pages = {207--216},
  publisher = {ACM Press},
  title = {Mining Association Rules between Sets of Items in Large Databases},
  year = {1993},
  url = {https://doi.org/10.1145/170035.170072},
}

@InProceedings{Liu98integratingclassification,
  author = {Bing Liu and Wynne Hsu and Yiming Ma},
  booktitle = {Proceedings of the Fourth International Conference on Knowledge Discovery and Data Mining},
  pages = {80--86},
  publisher = {AAAI Press},
  series = {KDD'98},
  title = {Integrating Classification and Association Rule Mining},
  year = {1998},
}

@InProceedings{Yin03cpar:classification,
  address = {San Franciso},
  author = {Xiaoxin Yin and Jiawei Han},
  booktitle = {Proceedings of the SIAM International Conference on Data Mining},
  pages = {369-376},
  publisher = {SIAM Press},
  title = {{CPAR}: Classification Based on Predictive Association Rules},
  year = {2003},
}

@Article{farchd2,
  author = {M. Elkano and M. Galar and J. A. Sanz and A. Fernández and E. Barrenechea and F. Herrera and H. Bustince},
  journal = {IEEE Transactions on Fuzzy Systems},
  number = {5},
  pages = {1562-1580},
  title = {Enhancing Multiclass Classification in FARC-HD Fuzzy Classifier: On the Synergy Between $n$-Dimensional Overlap Functions and Decomposition Strategies},
  volume = {23},
  year = {2015},
  url = {https://doi.org/10.1109/TFUZZ.2014.2370677},
  issn = {1063-6706},
}

@Article{alcala2011fuzzy,
  author = {Jesús Alcala-Fdez and Rafael Alcala and Francisco Herrera},
  journal = {IEEE Transactions on Fuzzy Systems},
  number = {5},
  pages = {857--872},
  publisher = {IEEE},
  title = {A Fuzzy Association Rule-Based Classification Model for High-Dimensional Problems with Genetic Rule Selection and Lateral Tuning},
  volume = {19},
  year = {2011},
  url = {https://doi.org/10.1109/TFUZZ.2011.2147794}
}

@Manual{Kuchar:2018,
  author = {Jaroslav Kuchar},
  note = {R package version 0.4.3},
  title = {{rCBA}: {CBA} Classifier for {R}},
  year = {2018},
  url = {https://CRAN.R-project.org/package=rCBA},
}

@Manual{Kriegr:2018,
  author = {Tomas Kliegr},
  note = {R package version 1.2},
  title = {Arc: Association Rule Classification},
  year = {2018},
  url = {https://CRAN.R-project.org/package=arc},
}

@Manual{arulesCBA,
  author = {Ian Johnson and Michael Hahsler},
  note = {R package version 1.1.5},
  title = {{arulesCBA}: Classification Based on Association Rules},
  year = {2019},
  url = {https://CRAN.R-project.org/package=arulesCBA},
}

@Article{arulesbetter,
  author = {Michael Hahsler and Bettina Grün and Kurt Hornik},
  journal = {Journal of Statistical Software},
  number = {15},
  pages = {1--25},
  title = {Arules - A Computational Environment for Mining Association Rules and Frequent Item Sets},
  volume = {14},
  year = {2005},
  issn = {1548-7660},
  url = {https://doi.org/10.18637/jss.v014.i15}
}

@Book{Tan:2005,
  address = {Boston, MA, USA},
  author = {Pang-Ning Tan and Michael Steinbach and Vipin Kumar},
  publisher = {Addison-Wesley Longman Publishing Co., Inc.},
  title = {Introduction to Data Mining, (First Edition)},
  year = {2006},
  isbn = {0321321367},
}

@Article{arules:Hipp+Guentzer+Nakhaeizadeh:2000,
  author = {Jochen Hipp and Ulrich Güntzer and Gholamreza Nakhaeizadeh},
  journal = {SIGKDD Explorations},
  number = {2},
  pages = {1--58},
  title = {Algorithms for Association Rule Mining -- {A} General Survey and Comparison},
  volume = {2},
  year = {2000},
  url = {https://doi.org/10.1145/360402.360421}
}

@InProceedings{arules:Brin+Motwani+Ullman+Tsur:1997,
  address = {Tucson, Arizona, USA},
  author = {Sergey Brin and Rajeev Motwani and Jeffrey D. Ullman and Shalom Tsur},
  booktitle = {SIGMOD 1997, Proceedings ACM SIGMOD International Conference on Management of Data},
  pages = {255--264},
  title = {Dynamic Itemset Counting and Implication Rules for Market Basket Data},
  year = {1997},
}

@Article{MDLP,
  author = {U. M. Fayyad and K. B. Irani},
  journal = {Artificial intelligence, 13},
  pages = {1022–1027},
  title = {Multi-Interval Discretization of Continuous-Valued Attributes for Classification Learning},
  year = {1993},
  url = {https://doi.org/10.1007/978-3-642-40897-7_11}
}

@InProceedings{arcReview,
  author = {K. Vanhoof and B. Depaire},
  booktitle = {2010 International Conference on Intelligent Systems and Knowledge Engineering (ISKE)},
  pages = {9-12},
  title = {Structure of Association Rule Classifiers: a Review},
  year = {2010},
  url ={https://doi.org/10.1109/ISKE.2010.5680784}
}

@InProceedings{agrawal94fast,
  address = {San Francisco, CA, USA},
  author = {Rakesh Agrawal and Ramakrishnan Srikant},
  booktitle = {Proceedings of the 20th International Conference on Very Large Data Bases},
  pages = {487--499},
  publisher = {Morgan Kaufmann Publishers Inc.},
  series = {VLDB '94},
  title = {Fast Algorithms for Mining Association Rules in Large Databases},
  year = {1994},
  isbn = {1-55860-153-8},
}

@InProceedings{CMAR,
  address = {Washington, DC, USA},
  author = {Wenmin Li and Jiawei Han and Jian Pei},
  booktitle = {Proceedings of the 2001 IEEE International Conference on Data Mining},
  pages = {369--376},
  publisher = {IEEE Computer Society},
  series = {ICDM '01},
  title = {{CMAR}: Accurate and Efficient Classification Based on Multiple Class-Association Rules},
  year = {2001},
  isbn = {0-7695-1119-8},
  url = {https://doi.org/10.1109/ICDM.2001.989541}
}

@Article{abdelhamid2012mac,
  author = {Neda Abdelhamid and Aladdin Ayesh and Fadi Thabtah and Samad Ahmadi and Wael Hadi},
  journal = {Journal of Information \& Knowledge Management},
  number = {02},
  pages = {1250011},
  publisher = {World Scientific},
  title = {MAC: A Multiclass Associative Classification Algorithm},
  volume = {11},
  year = {2012},
}

@InCollection{ripper,
  author = {William W Cohen},
  booktitle = {Machine Learning Proceedings 1995, Proceedings of the Twelfth International Conference on Machine Learning},
  pages = {115--123},
  publisher = {Elsevier},
  title = {Fast Effective Rule Induction},
  year = {1995},
  url = {https://doi.org/10.1016/B978-1-55860-377-6.50023-2}
}

@InProceedings{slipper,
  author = {William W Cohen and Yoram Singer},
  booktitle = {Publication:AAAI '99/IAAI '99: Proceedings of the sixteenth national conference on Artificial intelligence and the eleventh Innovative applications of artificial intelligence conference innovative applications of artificial intelligence},
  pages = {335--342},
  organization = {AAAI},
  title = {A Simple, Fast, and Effective Rule Learner},
  year = {1999},
}

@InProceedings{yang2017scalable,
  author = {Hongyu Yang and Cynthia Rudin and Margo Seltzer},
  booktitle = {Proceedings of the 34th International Conference on Machine Learning-Volume 70},
  organization = {JMLR. org},
  pages = {3921--3930},
  title = {Scalable {B}ayesian Rule Lists},
  year = {2017},
}

@Manual{Yang:2016,
  author = {Hongyu Yang and Morris Chen and Cynthia Rudin and Margo Seltzer},
  note = {R package version 1.2},
  title = {{sbrl}: Scalable {B}ayesian Rule Lists Model},
  year = {2019},
  url = {https://CRAN.R-project.org/package=sbrl},
}

@Article{Azmi:2019,
  author = {Mohamed Azmi and George C. Runger and Abdelaziz Berrado},
  journal = {Information Sciences},
  pages = {313--331},
  title = {Interpretable Regularized Class Association Rules Algorithm for Classification in a Categorical Data Space},
  volume = {483},
  year = {2019},
  url = {https://doi.org/0.1016/j.ins.2019.01.047},
  issn = {0020-0255},
}

@Article{kliegr2017quantitative,
  author = {Tomas Kliegr},
  journal = {arXiv preprint},
  url = {https://arxiv.org/abs/1711.10166},
  title = {{QCBA}: Postoptimization of Quantitative Attributes in Classifiers Based on Association Rules},
  year = {2017},
}

@Article{fisher1936,
  author = {R. A. Fisher},
  journal = {Annals of Eugenics},
  number = {7},
  pages = {179--188},
  title = {The Use of Multiple Measurements in Taxonomic Problems},
  volume = {7},
  year = {1936},
  url = {https://doi.org/10.1111/j.1469-1809.1936.tb02137.x}
}

@Article{hahsler2011arules,
  author = {Michael Hahsler and Sudheer Chelluboina and Kurt Hornik and Christian Buchta},
  journal = {Journal of Machine Learning Research},
  number = {Jun},
  pages = {2021--2025},
  title = {The Arules {R}-Package Ecosystem: Analyzing Interesting Patterns from Large Transaction Data Sets},
  volume = {12},
  year = {2011},
}

@Manual{Kim:2012,
  author = {HyunJi Kim},
  note = {R package version 1.0-1},
  title = {Discretization: Data Preprocessing, Discretization for Classification.},
  year = {2012},
  url = {https://CRAN.R-project.org/package=discretization},
}

@InProceedings{kliegr2019tuning,
  author = {Tomáš Kliegr and Jaroslav Kuchar},
  booktitle = {Proceedings of the 19th Conference Information Technologies - Applications and Theory {ITAT'19}},
  publisher = {CEUR-WS.org},
  title = {Tuning Hyperparameters of Classification Based on Associations ({CBA})},
  year = {2019},
}

@Manual{matrixPackage,
  author = {Douglas Bates and Martin Maechler},
  note = {R package version 1.2-8},
  title = {Matrix: Sparse and Dense Matrix Classes and Methods},
  year = {2017},
  url = {https://CRAN.R-project.org/package=Matrix},
}

@Article{Han:2004:MFP:954514.954525,
  address = {Hingham, MA, USA},
  author = {Jiawei Han and Jian Pei and Yiwen Yin and Runying Mao},
  journal = {Data Mining and Knowledge Discovery},
  number = {1},
  pages = {53--87},
  publisher = {Kluwer Academic Publishers},
  title = {Mining Frequent Patterns Without Candidate Generation: A Frequent-Pattern Tree Approach},
  volume = {8},
  year = {2004},
  issn = {1384-5810},
  url = {https://doi.org/10.1023/B:DAMI.0000005258.31418.83}
}

@InProceedings{DBLP:conf/ruleml/KliegrKSV14,
  author = {Tomáš Kliegr and Jaroslav Kuchař and Davide Sottara and Stanislav Vojíř},
  booktitle = {International Symposium on Rules and Rule Markup Languages for the Semantic Web (RuleML 2014): Rules on the Web. From Theory to Applications},
  editor = {Antonis Bikakis and Paul Fodor and Dumitru Roman},
  pages = {236--250},
  publisher = {Springer-Verlag},
  title = {Learning Business Rules with Association Rule Classifiers},
  year = {2014},
  isbn = {978-3-319-09870-8},
  url = {https://doi.org/10.1007/978-3-319-09870-8_18}
}

@InProceedings{Mickalski:1986,
  author = {R. S. Mickalski and I. Mozetic and Hong J. and H. Lavrack},
  booktitle = {Proceedings of the 5th National Conference on Artificial Intelligence},
  title = {The Multi Purpose Incremental Learning System {AQ15} and Its Testing Application to Three Medical Domains},
  year = {1986},
}
