@Manual{R,
  title		= {R: {A} Language and Environment for
		   Statistical Computing},
  author	= {R Development Core Team}},
  organization	= {R Foundation for Statistical Computing},
  address	= {Vienna, Austria},
  year		= {2012},
  note          = {{ISBN} 3-900051-07-0},
  url		= {http://www.R-project.org/}
}

@Manual{BibTeX,
  title		= {{\BibTeX}},
  author	= {Karl Berry and Oren Patashnik},
  year		= {2010},
  url		= {http://www.ctan.org/tex-archive/biblio/bibtex/base}
}

@Misc{Wikipedia:Personalname,
  author	= {Wikipedia},
  title		= {Personal Name -- {W}ikipedia{,} The Free Encyclopedia},
  year		= {2012},  
  howpublished	= {URL \url{http://en.wikipedia.org/wiki/Personal_name}, accessed 2012-04-02}
}

@Misc{LOC:MARC,
  author	= {{Library of Congress}},
  title		= {{MARC} Standards},
  year		= {2012},
  organization	= {Library of Congress, Network Development and MARC Standards Office},
  howpublished	= {URL \url{http://www.loc.gov/marc/}, accessed 2012-04-02}
}

@Misc{LOC:MODS,
  author	= {{Library of Congress}},
  title		= {{MODS}: Metadata Object Description Schema},
  year		= {2012},
  organization	= {Library of Congress, Network Development and MARC Standards Office},
  howpublished	= {URL \url{http://www.loc.gov/standards/mods/}, accessed 2012-04-02}
}

@Manual{CRAN:bibtex,
  title		= {bibtex: {\BibTeX} Parser},
  author	= {Romain Fran\c{c}ois},
  year		= {2011},
  note		= {R~package version~0.3-0},
  url		= {http://CRAN.R-project.org/package=bibtex},
}

@Manual{CRAN:boot,
  title		= {boot: Bootstrap {R} ({S-Plus}) Functions},
  author	= {Angelo Canty and Brian D. Ripley},
  year		= {2012},
  note		= {R~package version~1.3-4},
  url		= {http://CRAN.R-project.org/package=boot},
}

@Manual{CRAN:XML,
  title		= {XML: Tools for Parsing and Generating {XML} within
  		   {R} and {S-Plus}},
  author	= {Temple Lang, Duncan},
  year		= {2012},
  note		= {R~package version~3.9-4},
  url		= {http://CRAN.R-project.org/package=XML},
}

@Manual{Bibutils,
  author 	= {Chris Putnam},
  title 	= {{Bibutils}: Bibliography Conversion Utilities},
  year 		= {2010},
  organization	= {The Scripps Research Institute},
  url		= {http://sourceforge.net/p/bibutils/}
}

@Misc{CRANpolicy,
  author	= {{CRAN Team}},
  title		= {{CRAN} Repository Policy},
  year		= {2012},
  url		= {http://CRAN.R-project.org/web/packages/policies.html}
}



