@Manual{Ahmed:2016,
  title = {{PhViD}: {PharmacoVigilance Signal Detection}},
  author = {I. Ahmed and A. Poncet},
  year = {2016},
  note = {R package version 1.0.8},
  url = {https://CRAN.R-project.org/package=PhViD}
}

@Article{Ahmed:2009,
  author = {I. Ahmed and F. Haramburu and A. Fourrier-R\'{e}glat and F. Thiessard and C. Kreft-Jais and G. Miremont-Salam\'{e} and B. B\'{e}gaud and P. Tubert-Bitter},
  title = {Bayesian Pharmacovigilance Signal Detection Methods Revisited in a Multiple Comparison Setting},
  journal = {Statistics in Medicine},
  volume = {28},
  number = {13},
  issn = {1097-0258},
  url = {https://doi.org/10.1002/sim.3586},
  pages = {1774--1792},
  year = {2009}
}

@Article{Almenoff:2006,
  title = {Comparative Performance of Two Quantitative Safety Signalling Methods},
  author = {June S. Almenoff and Karol K. LaCroix and Nancy A. Yuen and David Fram and William DuMouchel},
  journal = {Drug Safety},
  year = {2006},
  month = {October},
  volume = {29},
  number = {10},
  pages = {875--887},
  issn = {1179-1942},
  url = {https://doi.org/10.2165/00002018-200629100-00005}
}

@Unpublished{Chirtel:2012,
  title = {Disproportionality Analyses for Detection of Food Adverse Events},
  author = {Stuart Chirtel},
  year = {2012},
  note = {ENAR 2012 Spring Meeting, Washington, D.C., USA},
  URL = {https://www.enar.org/meetings/meetings2012/Meeting_ABSTRACTS.pdf}
 }

@Manual{Dowle:2017,
  title = {{data.table}: Extension of `data.frame`},
  author = {Matt Dowle and Arun Srinivasan},
  year = {2017},
  note = {R package version 1.10.4},
  url = {https://CRAN.R-project.org/package=data.table}
}

@Techreport{Duggirala:2015,
  title = {Data Mining at {FDA}},
  author = {H.J. Duggirala and J.M. Tonning and E. Smith and R.A. Bright and J.D. Baker and R. Ball and C. Bell and K. Bouri and S. J. Bright-Ponte and T. Botsis and M. Boyer and K. Burkhart and G.S. Condrey and J.J. Chen and S. Chirtel and R.W. Filice and H. Francis and H. Jiang and J. Levine and D. Martin and T. Oladipo and R. O'Neill and L.A.M. Palmer and A. Paredes and G. Rochester and D. Sholtes and H.L. Wong and Z. Xu and A. Szarfman and T. Kass-Hout},
  institution = {{U.S. Food and Drug Administration}},
  url = {https://www.fda.gov/scienceresearch/dataminingatfda/ucm446239},
  month = {November},
  year = {2015}
}

@Article{Duggirala:2016,
  author = {H.J. Duggirala and J.M. Tonning and E. Smith and R.A. Bright and J.D. Baker and R. Ball and C. Bell and S. J. Bright-Ponte and T. Botsis and K. Bouri and M. Boyer and K. Burkhart and G.S. Condrey and J.J. Chen and S. Chirtel and R.W. Filice and H. Francis and H. Jiang and J. Levine and D. Martin and T. Oladipo and R. O'Neill and L.A.M. Palmer and A. Paredes and G. Rochester and D. Sholtes and A. Szarfman and H.L. Wong and Z. Xu and T. Kass-Hout},
  title = {Use of Data Mining at the {Food and Drug Administration}},
  journal = {Journal of the American Medical Informatics Association},
  volume = {23},
  number = {2},
  url = {https://doi.org/10.1093/jamia/ocv063},
  pages = {428--434},
  year = {2016}
}

@Article{DuMouchel:1999,
  author = {William DuMouchel},
  title = {Bayesian Data Mining in Large Frequency Tables, With an Application to the {FDA} Spontaneous Reporting System},
  journal = {The American Statistician},
  volume = {53},
  number = {3},
  pages = {177--190},
  month = {August},
  year = {1999},
  url = {https://doi.org/10.1080/00031305.1999.10474456}
}

@Inproceedings{DuMouchel:2001,
  author = {William DuMouchel and Daryl Pregibon},
  title = {Empirical Bayes Screening for Multi-item Associations},
  booktitle = {Proceedings of the Seventh ACM SIGKDD International Conference on Knowledge Discovery and Data Mining},
  series = {KDD '01},
  year = {2001},
  isbn = {1-58113-391-X},
  pages = {67--76},
  url = {https://doi.org/10.1145/502512.502526},
  publisher = {ACM},
  address = {New York, NY, USA}
}

@Article{Evans:2001,
  author = {S. J. W. Evans and P.C. Waller and S. Davis},
  title = {Use of Proportional Reporting Ratios ({PRRs}) for Signal Generation from Spontaneous Adverse Drug Reaction Reports},
  journal = {Pharmacoepidemiology and Drug Safety},
  volume = {10},
  number = {6},
  issn = {1099-1557},
  url = {https://doi.org/10.1002/pds.677},
  pages = {483--486},
  year = {2001}
}

@Manual{Ihrie:2017,
  title = {{openEBGM}: EBGM Scores for Mining Large Contingency Tables},
  author = {John Ihrie and Travis Canida},
  year = {2017},
  note = {R package version 0.3.0},
  url = {https://CRAN.R-project.org/package=openEBGM}
}

@Inproceedings{Madigan:2011,
  author = {David Madigan and Patrick Ryan and Shawn Simpson and Ivan Zorych},
  title = {Bayesian Methods in Pharmacovigilance},
  booktitle = {Bayesian Statistics 9},
  year = {2011},
  editor = {J.M. Bernardo and M.J. Bayarri and J.O. Berger and A.P. Dawid and D. Heckerman and A.F.M. Smith and M. West},
  isbn = {9780199694587},
  url = {https://doi.org/10.1093/acprof:oso/9780199694587.003.0014},
  publisher = {Oxford University Press}
}

@misc{Empirica:2017,
  title = {{Oracle Health Sciences Empirica Signal}},
  author = {{Oracle}},
  year = {2017},
  url = {https://www.oracle.com/us/products/applications/health-sciences/safety/empirica-signal/}
}

@misc{JMP:2017,
  title = {{JMP Clinical}: Clinical Data Analysis Software for Ensuring Trial Safety and Efficacy},
  author = {{SAS Institute Inc.}},
  url = {https://www.jmp.com/en_us/software/clinical-data-analysis-software.html},
  year = {2017}
}

@Article{Szarfman:2002,
  author = {Ana Szarfman and Stella G. Machado and Robert T. O'Neill},
  title = {Use of Screening Algorithms and Computer Systems to Efficiently Signal Higher-Than-Expected Combinations of Drugs and Events in the {US FDA's} Spontaneous Reports Database},
  journal = {Drug Safety},
  volume = {25},
  number = {6},
  url = {https://doi.org/10.2165/00002018-200225060-00001},
  issn = {1179-1942},
  pages = {381--392},
  year = {2002}
}

@misc{CAERS:2017,
  title = {{CFSAN Adverse Event Reporting System (CAERS)}},
  author = {{U.S. Food and Drug Administration}},
  year = {2017},
  url = {https://www.fda.gov/Food/ComplianceEnforcement/ucm494015.htm}
}

@Manual{Venturini:2015,
  title = {{mederrRank}: Bayesian Methods for Identifying the Most Harmful Medication Errors},
  author = {Sergio Venturini and Jessica Myers},
  year = {2015},
  note = {R package version 0.0.8},
  url = {https://CRAN.R-project.org/package=mederrRank}
}

@Article{Venturini:2017,
  title = {Random effects models for identifying the most harmful medication errors in a large, voluntary reporting database},
  author = {Venturini, Sergio and Franklin, Jessica M. and Morlock, Laura and Dominici, Francesca},
  journal = {The Annals of Applied Statistics},
  number = {2},
  pages = {504--526},
  volume = {11},
  year = {2017},
  publisher = {The Institute of Mathematical Statistics},
  url = {https://doi.org/10.1214/16-AOAS974}
}

@Book{Wickham:2009,
  author = {Hadley Wickham},
  title = {{ggplot2}: Elegant Graphics for Data Analysis},
  publisher = {Springer-Verlag New York},
  year = {2009},
  isbn = {978-0-387-98140-6},
  url = {http://ggplot2.org}
}

@Article{Wickham:2014,
  title = {Tidy Data},
  author = {Hadley  Wickham},
  journal = {Journal of Statistical Software, Articles},
  volume = {59},
  number = {10},
  year = {2014},
  issn = {1548-7660},
  pages = {1--23},
  url = {https://doi.org/10.18637/jss.v059.i10}
}

@Manual{Wickham:2017,
  title = {{tidyr}: Easily Tidy Data with 'spread()' and 'gather()' Functions},
  author = {Hadley Wickham},
  year = {2017},
  note = {R package version 0.6.3},
  url = {https://CRAN.R-project.org/package=tidyr}
}

@Manual{Wickham:2016-2017-104,
  title = {{ggplot2}: Create Elegant Data Visualisations Using the Grammar of Graphics},
  author = {Hadley Wickham and Winston Chang},
  year = {2016},
  note = {R package version 2.2.1},
  url = {https://CRAN.R-project.org/package=ggplot2},
}
