@Book{wickham2009ggplot2,
  author = {Hadley Wickham},
  publisher = {Springer-Verlag},
  title = {Ggplot2: Elegant Graphics for Data Analysis},
  year = {2009},
}

@Manual{team2013r,
  title = {R: A Language and Environment for Statistical Computing},
  author = {{R Core Team}},
  organization = {R Foundation for Statistical Computing},
  address = {Vienna, Austria},
  year = {2013},
  url = {http://www.R-project.org/},
}

@PhdThesis{waddell2016interactive,
  title = {Interactive Visualization and Exploration of High-Dimensional Data},
  author = {Adrian Waddell},
  year = {2016},
  school = {University of Waterloo},
}

@Article{toh1999sdpt3,
  title = {SDPT3 - a MATLAB Software Package for Semidefinite Programming, Version 1.3},
  author = {Kim-Chuan Toh and Michael J Todd and Reha H Tütüncü},
  journal = {Optimization methods and software},
  volume = {11},
  number = {1-4},
  pages = {545--581},
  year = {1999},
  publisher = {Taylor \& Francis},
}

@Article{tutuncu2003solving,
  title = {Solving Semidefinite-Quadratic-Linear Programs Using SDPT3},
  author = {Reha H Tütüncü and Kim-Chuan Toh and Michael J Todd},
  journal = {Mathematical programming},
  volume = {95},
  number = {2},
  pages = {189--217},
  year = {2003},
  publisher = {Springer-Verlag},
}

@Article{goemans1995improved,
  title = {Improved Approximation Algorithms for Maximum Cut and Satisfiability Problems Using Semidefinite Programming},
  author = {Michel X Goemans and David P Williamson},
  journal = {Journal of the ACM (JACM)},
  volume = {42},
  number = {6},
  pages = {1115--1145},
  year = {1995},
  publisher = {ACM},
}

@InCollection{karp1972reducibility,
  title = {Reducibility among Combinatorial Problems},
  author = {Richard M Karp},
  booktitle = {Complexity of Computer Computations},
  pages = {85--103},
  year = {1972},
  publisher = {Springer-Verlag},
}

@Article{papadimitriou1991optimization,
  title = {Optimization, Approximation, and Complexity Classes},
  author = {Christos H Papadimitriou and Mihalis Yannakakis},
  journal = {Journal of computer and system sciences},
  volume = {43},
  number = {3},
  pages = {425--440},
  year = {1991},
  publisher = {Elsevier},
}

@Article{vandenberghe1998determinant,
  title = {Determinant Maximization with Linear Matrix Inequality Constraints},
  author = {Lieven Vandenberghe and Stephen Boyd and Shao-Po Wu},
  journal = {SIAM journal on matrix analysis and applications},
  volume = {19},
  number = {2},
  pages = {499--533},
  year = {1998},
  publisher = {SIAM},
}

@Manual{bates2017package,
  title = {Matrix: Sparse and Dense Matrix Classes and Methods},
  author = {Douglas Bates and Martin Maechler},
  year = {2015},
  note = {R package version 1.2-2},
  url = {http://CRAN.R-project.org/package=Matrix},
}

@Manual{kerndwd,
  title = {Kerndwd: Distance Weighted Discrimination (DWD) and Kernel Methods},
  author = {Boxiang Wang and Hui Zou},
  year = {2017},
  note = {R package version 2.0.0},
  url = {http://CRAN.R-project.org/package=kerndwd},
}

@Article{higham2002computing,
  title = {Computing the Nearest Correlation Matrix-a Problem from Finance},
  author = {Nicholas J Higham},
  journal = {IMA Journal of Numerical Analysis},
  volume = {22},
  number = {3},
  pages = {329--343},
  year = {2002},
  publisher = {Oxford University Press},
}

@Article{csardi2006igraph,
  title = {The Igraph Software Package for Complex Network Research},
  author = {Gabor Csardi and Tamas Nepusz},
  journal = {InterJournal, Complex Systems},
  volume = {1695},
  number = {5},
  pages = {1--9},
  year = {2006},
}

@Manual{quantmod,
  title = {Quantmod: Quantitative Financial Modelling Framework},
  author = {Jeffrey A. Ryan and Joshua M. Ulrich},
  year = {2017},
  note = {R package version 0.4-9},
  url = {http://CRAN.R-project.org/package=quantmod},
}

@Article{lovasz1979shannon,
  title = {On the Shannon Capacity of a Graph},
  author = {László Lovász},
  journal = {IEEE Transactions on Information theory},
  volume = {25},
  number = {1},
  pages = {1--7},
  year = {1979},
  publisher = {IEEE},
}

@Article{smith1918standard,
  title = {On the Standard Deviations of Adjusted and Interpolated Values of an Observed Polynomial Function and Its Constants and the Guidance They Give Towards a Proper Choice of the Distribution of Observations},
  author = {Kirstine Smith},
  journal = {Biometrika},
  volume = {12},
  number = {1-2},
  pages = {1--85},
  year = {1918},
  publisher = {Biometrika Trust},
}

@InCollection{john2014extremum,
  title = {Extremum Problems with Inequalities as Subsidiary Conditions},
  author = {Fritz John},
  booktitle = {Traces and Emergence of Nonlinear Programming},
  pages = {197--215},
  year = {2014},
  publisher = {Springer-Verlag},
}

@Book{boyd1994linear,
  title = {Linear Matrix Inequalities in System and Control Theory},
  author = {Stephen Boyd and Laurent {El Ghaoui} and Eric Feron and Venkataramanan Balakrishnan},
  year = {1994},
  publisher = {SIAM},
}

@Article{chu1995educational,
  title = {The Educational Testing Problem Revisited},
  author = {Moody T Chu and Joel W Wright},
  journal = {IMA journal of numerical analysis},
  volume = {15},
  number = {1},
  pages = {141--160},
  year = {1995},
  publisher = {Oxford University Press},
}

@Article{marron2007distance,
  title = {Distance-Weighted Discrimination},
  author = {James Stephen Marron and Michael J Todd and Jeongyoun Ahn},
  journal = {Journal of the American Statistical Association},
  volume = {102},
  number = {480},
  pages = {1267--1271},
  year = {2007},
  publisher = {Taylor \& Francis},
}

@Article{fletcher1981nonlinear,
  title = {A Nonlinear Programming Problem in Statistics (Educational Testing)},
  author = {Roger Fletcher},
  journal = {SIAM Journal on Scientific and Statistical Computing},
  volume = {2},
  number = {3},
  pages = {257--267},
  year = {1981},
  publisher = {SIAM},
}

@Manual{cccp,
  title = {Cccp: Cone Constrained Convex Problems},
  author = {Bernhard Pfaff},
  year = {2015},
  note = {R package version 0.2-4},
  url = {http://CRAN.R-project.org/package=cccp},
}

@Manual{Rdsdp,
  title = {Rdsdp: R Interface to DSDP Semidefinite Programming Library},
  author = {Zhisu Zhu and Yinyu Ye},
  year = {2016},
  note = {R package version 1.0.4-2},
  url = {http://CRAN.R-project.org/package=Rdsdp},
}

@Manual{Rcsdp,
  title = {Rcsdp: R Interface to the CSDP Semidefinite Programming Library},
  author = {Hector Corrada Bravo},
  year = {2016},
  note = {R package version 0.1.55},
  url = {http://CRAN.R-project.org/package=Rcsdp},
}

@Article{friberg2012rmosek,
  title = {Rmosek: The R-to-MOSEK Optimization Interface},
  author = {HA Friberg},
  journal = {R package version},
  volume = {1},
  number = {3},
  year = {2012},
}

@Article{helmberg1996interior,
  title = {An Interior-Point Method for Semidefinite Programming},
  author = {Christoph Helmberg and Franz Rendl and Robert J Vanderbei and Henry Wolkowicz},
  journal = {SIAM Journal on Optimization},
  volume = {6},
  number = {2},
  pages = {342--361},
  year = {1996},
  publisher = {SIAM},
}

@Article{nesterov1997self,
  title = {Self-Scaled Barriers and Interior-Point Methods for Convex Programming},
  author = {Yu E Nesterov and Michael J Todd},
  journal = {Mathematics of Operations research},
  volume = {22},
  number = {1},
  pages = {1--42},
  year = {1997},
  publisher = {INFORMS},
}

@Misc{scs,
  author = {B. O'Donoghue and E. Chu and N. Parikh and S. Boyd},
  title = {{SCS}: Splitting Conic Solver, Version 2.0.2},
  howpublished = {\url{https://github.com/cvxgrp/scs}},
  year = {2017},
}

@Article{cvxr,
  author = {Anqi Fu and Balasubramanian Narasimhan and Stephen Boyd},
  title = {{CVXR: An R Package for Disciplined Convex Optimization}},
  journal = {arXiv},
  year = {2017},
  eprint = {1711.07582},
  url = {https://arxiv.org/abs/1711.07582v1},
}

@TechReport{roi,
  number = {133},
  author = {Stefan Theußl and Florian Schwendinger and Kurt Hornik},
  address = {Vienna},
  title = {ROI: The R Optimization Infrastructure Package},
  type = {Research Report Series / Department of Statistics
    and Mathematics},
  institution = {WU Vienna University of Economics and Business},
  year = {2017},
  url = {http://epub.wu.ac.at/5858/},
}

@Article{freund2004introduction,
  title = {Introduction to Semidefinite Programming (SDP)},
  author = {Robert M Freund},
  journal = {Massachusetts Institute of Technology},
  year = {2004},
}
