@Article{Mendel00,
  title = {Uncertainty, Fuzzy Logic, and Signal Processing},
  author = {J. M. Mendel},
  year = {2000},
  journal = {Signal Processing},
  volume = {80},
  number = {6},
  pages = {913-933},
  url = {https://doi.org/10.1016/s0165-1684(00)00011-6},
}

@Article{Gould08,
  title = {Forecasting Time Series with Multiple Seasonal Patterns},
  author = {P. G. Gould and A. B. Koehler and J. K. Ord and R. D. Snyder and R. J. Hyndman and F. Vahid-Araghi},
  year = {2008},
  journal = {European Journal of Operational Research},
  volume = {191},
  number = {1},
  pages = {207-222},
  url = {https://doi.org/10.1016/j.ejor.2007.08.024},
}

@Book{Box15,
  author = {G. E. P. Box and G. M. Jenkins and G. C. Reinsel and G. M. Ljung},
  title = {Time Series Analysis: Forecasting and Control},
  year = {2015},
  edition = {5th},
  publisher = {John Wiley \& Sons},
  address = {Hoboken, New Jersey},
  pages = {712},
  isbn = {978-1-118-67502-1},
}

@Book{Shumway11,
  author = {R. H. Shumway and D. S. Stoffer},
  title = {Time Series Analysis and Its Applications: With R Examples},
  year = {2011},
  edition = {3rd},
  publisher = {Springer-Verlag},
  address = {New York, New York},
  pages = {596},
}

@Article{Yozgatligil13,
  title = {Comparison of Missing Value Imputation Methods in Time Series: The Case of {T}urkish Meteorological Data},
  author = {C. Yozgatligil and S. Aslan and C. Iyigun and I. Batmaz},
  year = {2013},
  journal = {Theoretical and Applied Climatology},
  volume = {112},
  number = {1-2},
  pages = {143-167},
  url = {https://doi.org/10.1007/s00704-012-0723-x},
}

@Article{Gomez94,
  title = {Estimation, Prediction, and Interpolation for Nonstationary Series with the {K}alman Filter},
  author = {V. Gomez and A. Maravall},
  year = {1994},
  journal = {Journal of the American Statistical Association},
  volume = {89},
  number = {426},
  pages = {611-624},
  url = {https://doi.org/10.1080/01621459.1994.10476786},
}

@Article{Schafer02,
  title = {Missing Data: Our View of the State of the Art},
  author = {J. L. Schafer and J. W. Graham},
  year = {2002},
  journal = {Psychological Methods},
  volume = {7},
  number = {2},
  pages = {147-177},
  url = {https://doi.org/10.1037//1082-989x.7.2.147},
}

@Article{Honaker10,
  title = {What to Do about Missing Values in Time-Series Cross-Section Data},
  author = {J. Honaker and G. King},
  year = {2010},
  journal = {American Journal of Political Science},
  volume = {54},
  number = {2},
  pages = {561-581},
  url = {https://doi.org/10.1111/j.1540-5907.2010.00447.x},
}

@Article{Donder06,
  title = {Review: A Gentle Introduction to Imputation of Missing Values},
  author = {A. R. T. Donders and G. J. M. G. {van der Heijden} and T. Stijnen and K. G. M. Moons},
  year = {2006},
  journal = {Journal of Clinical Epidemiology},
  volume = {59},
  pages = {1087-1091},
  url = {https://doi.org/10.1016/j.jclinepi.2006.01.014},
}

@Book{Schafer97,
  author = {J. L. Schafer},
  title = {Analysis of Incomplete Multivariate Data},
  publisher = {Chapman and Hall, CRC},
  year = {1997},
  isbn = {978-0412040610},
  address = {Boca Raton, Florida},
  pages = {444},
}

@Article{Rubin76,
  title = {Inference and Missing Data},
  author = {D. B. Rubin},
  year = {1976},
  journal = {Biometrika},
  volume = {63},
  number = {3},
  pages = {581-592},
  url = {https://doi.org/10.1093/biomet/63.3.581},
}

@Article{moritz2015comparison,
  title = {Comparison of Different Methods for Univariate Time Series Imputation in R},
  author = {Steffen Moritz and Alexis Sardá and Thomas Bartz-Beielstein and Martin Zaefferer and Jörg Stork},
  journal = {arXiv preprint arXiv:1510.03924},
  year = {2015},
}

@Article{buuren2011mice,
  title = {Mice: Multivariate Imputation by Chained Equations in {R}},
  author = {Stef Buuren and Karin Groothuis-Oudshoorn},
  journal = {Journal of Statistical Software},
  volume = {45},
  number = {3},
  pages = {1--67},
  year = {2011},
  publisher = {American Statistical Association},
  url = {https://doi.org/10.18637/jss.v045.i03},
}

@Article{su2011multiple,
  title = {Multiple Imputation with Diagnostics (Mi) in {R}: Opening Windows into the Black Box},
  author = {Yu-Sung Su and Masanao Yajima and Andrew E Gelman and Jennifer Hill},
  journal = {Journal of Statistical Software},
  volume = {45},
  number = {2},
  pages = {1--31},
  year = {2011},
  publisher = {American Statistical Association},
  url = {https://doi.org/10.18637/jss.v045.i02},
}

@Article{honaker2011amelia,
  title = {Amelia {II}: A Program for Missing Data},
  author = {James Honaker and Gary King and Matthew Blackwell},
  journal = {Journal of Statistical Software},
  volume = {45},
  number = {7},
  pages = {1--47},
  year = {2011},
  url = {https://doi.org/10.18637/jss.v045.i07},
}

@Article{stekhoven2012missforest,
  title = {MissForest Non-Parametric Missing Value Imputation for Mixed-Type Data},
  author = {Daniel J Stekhoven and Peter Bühlmann},
  journal = {Bioinformatics},
  volume = {28},
  number = {1},
  pages = {112--118},
  year = {2012},
  publisher = {Oxford Univ Press},
  url = {https://doi.org/10.1093/bioinformatics/btr597},
}

@Article{zhu2011missing,
  title = {Missing Value Estimation for Mixed-Attribute Data Sets},
  author = {Xiaofeng Zhu and Shichao Zhang and Zhi Jin and Zili Zhang and Zhuoming Xu},
  journal = {IEEE Transactions on Knowledge and Data Engineering},
  volume = {23},
  number = {1},
  pages = {110--121},
  year = {2011},
  publisher = {IEEE},
  url = {https://doi.org/10.1109/tkde.2010.99},
}

@Article{tak7444178,
  title = {Data-Driven Imputation Method for Traffic Data in Sectional Units of Road Links},
  author = {Sehyun Tak and Soomin Woo and Hwasoo Yeo},
  journal = {IEEE Transactions on Intelligent Transportation Systems},
  volume = {17},
  number = {6},
  pages = {1762--1771},
  year = {2016},
  publisher = {IEEE},
  url = {https://doi.org/10.1109/tits.2016.2530312},
}

@Article{oh2011biological,
  title = {Biological Impact of Missing-Value Imputation on Downstream Analyses of Gene Expression Profiles},
  author = {Sunghee Oh and Dongwan D Kang and Guy N Brock and George C Tseng},
  journal = {Bioinformatics},
  volume = {27},
  number = {1},
  pages = {78--86},
  year = {2011},
  publisher = {Oxford Univ Press},
  url = {https://doi.org/10.1093/bioinformatics/btq613},
}

@Article{jornsten2007meta,
  title = {A Meta-Data Based Method for {DNA} Microarray Imputation},
  author = {Rebecka Jörnsten and Ming Ouyang and Hui-Yu Wang},
  journal = {BMC Bioinformatics},
  volume = {8},
  number = {1},
  pages = {109},
  year = {2007},
  publisher = {BioMed Central Ltd},
  url = {https://doi.org/10.1186/1471-2105-8-109},
}

@Article{li2015hybrid,
  title = {A Hybrid Imputation Approach for Microarray Missing Value Estimation},
  author = {Huihui Li and Changbo Zhao and Fengfeng Shao and Guo-Zheng Li and Xiao Wang},
  journal = {BMC Genomics},
  volume = {16},
  number = {Suppl 9},
  pages = {S1},
  year = {2015},
  publisher = {BioMed Central},
  url = {https://doi.org/10.1186/1471-2164-16-s9-s1},
}

@Article{nguyen2013diagnosing,
  title = {Diagnosing Problems with Imputation Models Using the {Kolmogorov-Smirnov} Test: a Simulation Study},
  author = {Cattram D Nguyen and John B Carlin and Katherine J Lee},
  journal = {BMC Medical Research Methodology},
  volume = {13},
  number = {1},
  pages = {1},
  year = {2013},
  publisher = {BioMed Central},
  url = {https://doi.org/10.1186/1471-2288-13-144},
}

@Article{sim2015missing,
  title = {Missing Values and Optimal Selection of an Imputation Method and Classification Algorithm to Improve the Accuracy of Ubiquitous Computing Applications},
  author = {Jaemun Sim and Jonathan Sangyun Lee and Ohbyung Kwon},
  journal = {Mathematical Problems in Engineering},
  volume = {2015},
  year = {2015},
  pages = {1--14},
  publisher = {Hindawi Publishing Corporation},
  url = {https://doi.org/10.1155/2015/538613},
}

@InProceedings{li2004towards,
  title = {Towards Missing Data Imputation: a Study of Fuzzy k-Means Clustering Method},
  author = {Dan Li and Jitender Deogun and William Spaulding and Bill Shuart},
  booktitle = {Rough Sets and Current Trends in Computing},
  pages = {573--579},
  year = {2004},
  organization = {Springer},
}

@Article{ran2015traffic,
  title = {Traffic Speed Data Imputation Method Based on Tensor Completion},
  author = {Bin Ran and Huachun Tan and Jianshuai Feng and Ying Liu and Wuhong Wang},
  journal = {Computational Intelligence and Neuroscience},
  volume = {2015},
  pages = {22},
  year = {2015},
  publisher = {Hindawi Publishing Corp.},
  url = {https://doi.org/10.1155/2015/364089},
}

@Manual{imputeTB,
  title = {imputeTestbench: Test Bench for the Comparison of Imputation Methods},
  author = {Neeraj Bokde and Marcus W. Beck},
  year = {2017},
  note = {{R} package version 3.0.1},
  url = {https://cran.r-project.org/package=imputeTestbench},
}

@Article{rcpp,
  title = {{Rcpp}: Seamless {R} and {C++} Integration},
  author = {Dirk Eddelbuettel and Romain François},
  journal = {Journal of Statistical Software},
  year = {2011},
  volume = {40},
  number = {8},
  pages = {1--18},
  url = {https://doi.org/10.18637/jss.v040.i08},
}

@Manual{rjava,
  title = {rJava: Low-Level {R} to Java Interface},
  author = {Simon Urbanek},
  year = {2016},
  note = {{R} package version 0.9-8},
  url = {https://CRAN.R-project.org/package=rJava},
}

@Manual{matlabr,
  title = {Matlabr: An Interface for MATLAB Using System Calls},
  author = {John Muschelli},
  year = {2016},
  note = {{R} package version 1.1.3},
  url = {https://CRAN.R-project.org/package=matlabr},
}

@Manual{rstudio,
  title = {RStudio: Integrated Development Environment for {R}},
  author = {{RStudio Team}},
  organization = {RStudio, Inc.},
  address = {Boston, MA},
  year = {2015},
  url = {http://www.rstudio.com/},
}

@Book{ggplot2,
  author = {Hadley Wickham},
  title = {Ggplot2: Elegant Graphics for Data Analysis},
  publisher = {Springer-Verlag},
  year = {2009},
  isbn = {978-0-387-98140-6},
  url = {http://ggplot2.org},
}

@Article{reshape2,
  title = {Reshaping Data with the {reshape} Package},
  author = {Hadley Wickham},
  journal = {Journal of Statistical Software},
  year = {2007},
  volume = {21},
  number = {12},
  pages = {1--20},
  url = {https://doi.org/10.18637/jss.v021.i12},
}

@Article{imputeTS,
  author = {Steffen Moritz and Thomas Bartz-Beielstein},
  title = {{imputeTS: Time Series Missing Value Imputation in R}},
  year = {2017},
  journal = {{The R Journal}},
  url = {https://journal.r-project.org/archive/2017/RJ-2017-009/index.html},
}

@Manual{tidyr,
  title = {Tidyr: Easily Tidy Data with \texttt{spread()} and \texttt{gather()} Functions},
  author = {Hadley Wickham},
  year = {2017},
  note = {R package version 0.6.3},
  url = {https://github.com/tidyverse/tidyr},
}

@Manual{forecast,
  title = {Forecast: Forecasting Functions for Time Series and Linear Models},
  author = {R. J. Hyndman and M. O'Hara-Wild and C. Bergmeir and S. Razbash and E. Wang},
  year = {2017},
  note = {R package version 8.1},
  url = {http://github.com/robjhyndman/forecast},
}

@Manual{dplyr,
  title = {Dplyr: A Grammar of Data Manipulation},
  author = {Hadley Wickham and Romain Francois},
  year = {2016},
  note = {R package version 0.7.1},
  url = {https://CRAN.R-project.org/package=dplyr},
}

@Article{zoo,
  title = {Zoo: S3 Infrastructure for Regular and Irregular Time Series},
  author = {Achim Zeileis and Gabor Grothendieck},
  journal = {Journal of Statistical Software},
  year = {2005},
  volume = {14},
  number = {6},
  pages = {1--27},
  url = {https://doi.org/10.18637/jss.v014.i06},
}

@Book{brockwell96,
  author = {P. J. Brockwell and R. A Davis},
  title = {Introduction to Time Series and Forecasting},
  publisher = {Springer-Verlag},
  year = {1996},
  isbn = {978-1-4757-2526-1},
}
