@Article{spi,
  author = {K. Spitze},
  title = {Population Structure in {D}aphnia Obtusa: Quantitative Genetic and Allozymic Variation},
  journal = {Genetics},
  volume = {135},
  year = {1993},
  pages = {367--374},
}

@Article{lein,
  author = {T. Leinonen and R. J. McCairns and R. B. O'Hara and J. Merilä},
  title = {QST–{F}ST Comparisons: Evolutionary and Ecological Insights from Genomic Heterogeneity},
  journal = {Nature Reviews Genetics},
  volume = {14},
  year = {2013},
  pages = {179--190},
  url = {https://doi.org/10.1038/nrg3395},
}

@Article{mob,
  author = {K. B. Mobley and D. Lussetti and F. Johansson and G. Englund and F. Bokma},
  title = {Morphological and Genetic Divergence in Swedish Postglacial Stickleback ({P}ungitius Pungitius) Populations},
  journal = {{BMC} Evolutionary Biology},
  year = {2011},
  url = {https://doi.org/10.1186/1471-2148-11-287},
}

@Article{lima,
  author = {M. R. Lima},
  title = {Genetic and Morphometric Divergence of an Invasive Bird: The Introduced House Sparrow ({P}asser Domesticus) in {B}razil},
  journal = {Plo{S} One},
  volume = {7},
  number = {12},
  year = {2012},
  url = {https://doi.org/10.1371/journal.pone.0053332},
}

@Article{bro,
  author = {J. E. Brommer},
  title = {Whither {P}st? {T}he Approximation of {Q}st by {P}st in Evolutionary and Conservation Biology},
  journal = {Journal of Evolutionary Biology},
  volume = {24},
  year = {2011},
  pages = {1160--1168},
  url = {https://doi.org/10.1111/j.1420-9101.2011.02268.x},
}

@Article{gou,
  author = {J. Goudet},
  title = {H{IERSTAT}, a Package for {R} to Compute and Test Hierarchical {F}-Statistics},
  journal = {Molecular Ecology Resources},
  volume = {5},
  number = {1},
  year = {2005},
  pages = {184--186},
  url = {https://doi.org/10.1111/j.1471-8286.2004.00828.x},
}

@Article{kee,
  author = {K. Keenan and P. McGinnity and T. F. Cross and W. W. Crozier and P. A. Prodöhl},
  title = {dive{R}sity: An {R} Package for the Estimation and Exploration of Population Genetics Parameters and Their Associated Errors},
  journal = {Methods in Ecology and Evolution},
  volume = {4},
  number = {8},
  year = {2013},
  pages = {782--788},
  url = {https://doi.org/10.1111/2041-210X.12067},
}

@Article{rey,
  author = {J. Reynolds and B. S. Weir and C. C. Cockerham},
  title = {Estimation of the Coancestry Coefficient: Basis for a Short-Term Genetic Distance},
  journal = {Genetics},
  volume = {105},
  year = {1983},
  pages = {767--779},
}

@Article{mecr,
  author = {J. Merilä and P. Crnokrak},
  title = {Comparison of Genetic Differentiation at Marker Loci and Quantitative Traits},
  journal = {Journal of Evolutionary Biology},
  volume = {14},
  year = {2001},
  pages = {892--903},
  url = {https://doi.org/10.1046/j.1420-9101.2001.00348.x},
}

@Article{wri,
  author = {S. Wright},
  title = {The Genetical Structure of Populations},
  journal = {Annals of Human Genetics},
  volume = {15},
  year = {1951},
  pages = {323--354},
  url = {https://doi.org/10.1111/j.1469-1809.1949.tb02451.x},
}

@Article{mic,
  author = {S. G. Michalski and W. Durka},
  title = {Separation in Flowering Time Contributes to the Maintenance of Sympatric Cryptic Plant Lineages},
  journal = {Ecology and Evolution},
  volume = {5},
  number = {11},
  year = {2015},
  pages = {2172--2184},
  url = {https://doi.org/10.1002/ece3.1481},
}

@Article{lei,
  author = {T. Leinonen and J. M. Cano and H. Makinen and J. Merilä},
  title = {Contrasting Patterns of Body Shape and Neutral Genetic Divergence in Marine and Lake Populations of Threespine Sticklebacks},
  journal = {Journal of Evolutionary Biology},
  volume = {19},
  year = {2006},
  pages = {1803--1812},
  url = {https://doi.org/10.1111/j.1420-9101.2006.01182.x},
}

@Article{rei,
  author = {J. D. Reist},
  title = {An Empirical Evaluation of Several Univariate Methods That Adjust for Size Variation in Morphometric Data},
  journal = {Canadian Journal Zoology},
  volume = {63},
  year = {1985},
  pages = {1429--1439},
  url = {https://doi.org/10.1139/z85-213},
}

@Article{kaeu,
  author = {R. Kaeuffer and C. L. Peichel and D. I. Bolnick and A. P. Hendry},
  title = {Parallel and Nonparallel Aspects of Ecological, Phenotypic, and Genetic Divergence across Replicate Population Pairs of Lake and Stream Stickleback},
  journal = {Evolution},
  volume = {66},
  year = {2012},
  number = {2},
  pages = {402--418},
  url = {https://doi.org/10.1111/j.1558-5646.2011.01440.x},
}

@Article{he,
  author = {Y. He and R. Li and J. Wang and S. Blanchet and S. Lek},
  title = {Morphological Variation Among Wild Populations of Chinese Rare Minnow ({G}obiocypris Rarus): Deciphering the Role of Evolutionary Processes},
  journal = {Zoological Science},
  volume = {30},
  year = {2013},
  pages = {475--483},
  url = {https://doi.org/10.2108/zsj.30.475},
}

@Article{shi,
  author = {C. Shinn and S. Blanchet and G. Loot and S. Lek and G. Grenouillet},
  title = {Phenotypic Variation as an Indicator of Pesticide Stress in Gudgeon: Accounting for Confounding Factors in the Wild},
  journal = {Science of the Total Environment},
  volume = {538},
  year = {2015},
  pages = {733--752},
  url = {https://doi.org/10.1016/j.scitotenv.2015.08.081},
}

@Article{pema,
  author = {P. R. Peres-Neto and P. Magnan},
  title = {The Influence of Swimming Demand on Phenotypic Plasticity and Morphological Integration: a Comparison of Two Polymorphic Charr Species},
  journal = {Oecologia},
  volume = {140},
  year = {2004},
  pages = {36--45},
  url = {https://doi.org/10.1007/s00442-004-1562-y},
}

@Book{ait,
  author = {J. Aitchison},
  title = {The Statistical Analysis of Compositional Data},
  note = {416 pp},
  publisher = {Chapman and Hall, London},
  address = {New York},
  year = {1986},
}

@Book{boot,
  author = {B. Efron and R. Tibshirani},
  title = {An Introduction to the Bootstrap},
  publisher = {Chapman and Hall},
  address = {New York},
  year = {1993},
}

@Article{curry,
  author = {B. Kuhry and L. F. Marcus},
  title = {Bivariate Linear Models in Biometry},
  journal = {Systematic Zoology},
  volume = {26},
  year = {1977},
  number = {2},
  pages = {201--209},
  url = {https://doi.org/10.2307/2412842},
}
