@article{mardia1970measures,
  title={Measures of multivariate skewness and kurtosis with applications},
  author={Mardia, Kanti V},
  journal={Biometrika},
  volume={57},
  number={3},
  pages={519--530},
  year={1970},
  url = {http://www.jstor.org/stable/2334770},
  publisher={Oxford University Press}
}

@inproceedings{moulines1992testing,
  title={Testing that a multivariate stationary time-series is {G}aussian},
  author={Moulines, E and Choukri, K and Sharbit, M},
  booktitle={[1992] IEEE Sixth SP Workshop on Statistical Signal and Array Processing},
  pages={185--188},
  year={1992},
  organization={IEEE},
  doi={10.1109/SSAP.1992.246818}
}

@article{Steinberg1992,
  author={Steinberg, Y. and Zeitouni, O.},
  journal={IEEE Transactions on Information Theory},
  title={On tests for normality},
  year={1992},
  volume={38},
  number={6},
  pages={1779-1787},
  doi={10.1109/18.165450}
}

@article{el2022normality,
  title={A normality test for multivariate dependent samples},
  author={El Bouch, Sara and Michel, Olivier and Comon, Pierre},
  journal={Signal Processing},
  volume={201},
  pages={108705},
  year={2022},
  doi = {10.1016/j.sigpro.2022.108705},
  publisher={Elsevier}
}
@article{meintanis2016review,
  title={A review of testing procedures based on the empirical characteristic function},
  author={Meintanis, Simos G},
  journal={South African Statistical Journal},
  volume={50},
  number={1},
  pages={1--14},
  year={2016},
  doi = {10.10520/EJC186846},
  publisher={South African Statistical Association (SASA)}
}

@article{hong1999hypothesis,
  title={Hypothesis testing in time series via the empirical characteristic function: a generalized spectral density approach},
  author={Hong, Yongmiao},
  journal={Journal of the American Statistical Association},
  volume={94},
  number={448},
  pages={1201--1220},
  year={1999},
  doi={10.2307/2669935},
  publisher={Taylor \& Francis}
}

@article{psaradakis2020normality,
  title={Normality tests for dependent data: large-sample and bootstrap approaches},
  author={Psaradakis, Zacharias and V{\'a}vra, Mari{\'a}n},
  journal={Communications in statistics-simulation and computation},
  volume={49},
  number={2},
  pages={283--304},
  year={2020},
  doi = {10.1080/03610918.2018.1485941},
  publisher={Taylor \& Francis}
}
@article{nietoreyes2014,
  title = {A random-projection based test of {G}aussianity for stationary processes},
  journal = {Computational Statistics \& Data Analysis},
  volume = {75},
  pages = {124 - 141},
  year = {2014},
  issn = {0167-9473},
  doi = {10.1016/j.csda.2014.01.013},
  author = {Alicia Nieto-Reyes and Juan Antonio Cuesta-Albertos and Fabrice Gamboa}
}
@article{Lobato2004,
  author = {Lobato, Ignacio and Velasco, Carlos},
  year = {2004},
  month = {08},
  pages = {671-689},
  title = {A simple test of normality for time series},
  volume = {20},
  journal = {Econometric Theory},
  doi = {10.1017/S0266466604204030}
}
@article{vavra2017,
  title = {A distance test of normality for a wide class of stationary processes},
  journal = {Econometrics and Statistics},
  volume = {2},
  pages = {50 - 60},
  year = {2017},
  issn = {2452-3062},
  doi = {10.1016/j.ecosta.2016.11.005},
  author = {Zacharias Psaradakis and Marián Vávra}
}
@article{epps1987,
  author = {Epps, T. W.},
  doi = {10.1214/aos/1176350618},
  journal = {The Annals of Statistics},
  month = {12},
  number = {4},
  pages = {1683--1698},
  publisher = {The Institute of Mathematical Statistics},
  title = {Testing that a stationary time series is {G}aussian},
  volume = {15},
  year = {1987}
}
@article{Hinich1982,
  author = {Hinich, Melvin J.},
  title = {Testing for {G}aussianity and linearity of a stationary time series},
  journal = {Journal of Time Series Analysis},
  volume = {3},
  number = {3},
  pages = {169-176},
  keywords = {Bispectrum, skewness, time series, spectrum},
  doi = {10.1111/j.1467-9892.1982.tb00339},
  year = {1982}
}
@article{Berg2010,
  title = {A bootstrap test for time series linearity},
  journal = {Journal of Statistical Planning and Inference},
  author = {Arthur Berg and Efstathios Paparoditis and Dimitris N. Politis},
  volume = {140},
  number = {12},
  pages = {3841 - 3857},
  year = {2010},
  issn = {0378-3758},
  doi = {10.1016/j.jspi.2010.04.047}
}
@article{Cuesta2007,
  title = {The random projection method in goodness of fit for functional data},
  journal = {Computational Statistics \& Data Analysis},
  volume = {51},
  number = {10},
  pages = {4814 - 4831},
  year = {2007},
  issn = {0167-9473},
  doi = {10.1016/j.csda.2006.09.007},
  author = {J.A. Cuesta-Albertos and E. del Barrio and R. Fraiman and C. Matrán}
}
@article{Meddahi2005,
  title = {Testing normality: a GMM approach},
  journal = {Journal of Econometrics},
  volume = {124},
  number = {1},
  pages = {149 - 186},
  year = {2005},
  issn = {0304-4076},
  doi = {10.1016/j.jeconom.2004.02.014},
  author = {Christian Bontemps and Nour Meddahi}
}
@article{Epps1983,
 ISSN = {00063444},
 URL = {http://www.jstor.org/stable/2336512},
 author = {T. W. Epps and Lawrence B. Pulley},
 journal = {Biometrika},
 number = {3},
 pages = {723--726},
 publisher = {[Oxford University Press, Biometrika Trust]},
 title = {A test for normality based on the empirical characteristic function},
 volume = {70},
 year = {1983}
}
@article{Henze1990,
  author={Henze, N.},
  title={An approximation to the limit distribution of the Epps-Pulley test statistic for normality},
  journal={Metrika},
  year={1990},
  month={Dec},
  day={01},
  volume={37},
  number={1},
  pages={7--18},
  issn={1435-926X},
  doi={10.1007/BF02613501},
}
@article{Lomincki1961,
  title = {Tests for departure from normality in the case of linear stochastic processes},
  author = {Lomnicki, Z.},
  year = {1961},
  journal = {Metrika: International Journal for Theoretical and Applied Statistics},
  volume = {4},
  number = {1},
  pages = {37-62},
  url = {https://EconPapers.repec.org/RePEc:spr:metrik:v:4:y:1961:i:1:p:37-62}
}
@article{Gasser1975,
  ISSN = {00063444},
  URL = {http://www.jstor.org/stable/2335511},
  author = {Theo Gasser},
  journal = {Biometrika},
  number = {3},
  pages = {563--570},
  publisher = {[Oxford University Press, Biometrika Trust]},
  title = {Goodness-of-fit tests for correlated data},
  volume = {62},
  year = {1975}
}
@article{Pearson1895,
  author = {Pearson, Karl  and Henrici, Olaus Magnus Friedrich Erdmann},
  title = {X. {C}ontributions to the mathematical theory of evolution.-{II} {S}kew variation in homogeneous material},
  journal = {Philosophical Transactions of the Royal Society of London. (A.)},
  volume = {186},
  number = {},
  pages = {343-414},
  year = {1895},
  doi = {10.1098/rsta.1895.0010}
}
@article{Smirnov1948,
  author = {Smirnov, N.},
  doi = {10.1214/aoms/1177730256},
  journal = {Annals of Mathematical Statistics},
  month = {06},
  number = {2},
  pages = {279--281},
  publisher = {The Institute of Mathematical Statistics},
  title = {Table for estimating the goodness of fit of empirical distributions},
  volume = {19},
  year = {1948}
}
@article{Test1977,
  ISSN = {00063444},
  author = {E. S. Pearson and R. B. D'Agostino and K. O. Bowman},
  journal = {Biometrika},
  number = {2},
  pages = {231--246},
  publisher = {Oxford University Press, Biometrika Trust},
  title = {Tests for departure from normality: comparison of powers},
  volume = {64},
  doi={10.2307/2335689},
  year = {1977}
}
@article{jarque1980,
  title = {Efficient tests for normality, homoscedasticity and serial independence of regression residuals},
  journal = {Economics Letters},
  volume = {6},
  number = {3},
  pages = {255 - 259},
  year = {1980},
  issn = {0165-1765},
  doi = {10.1016/0165-1765(80)90024-5},
  author = {Carlos M. Jarque and Anil K. Bera}
}
@article{anderson1952,
  author = {Anderson, T. W. and Darling, D. A.},
  doi = {10.1214/aoms/1177729437},
  journal = {Annals of Mathematical Statistics},
  month = {06},
  number = {2},
  pages = {193--212},
  year = 1952,
  publisher = {The Institute of Mathematical Statistics},
  title = {Asymptotic theory of certain goodness of fit criteria based on stochastic processes},
  volume = {23}
}
@article{vonMisses1962,
  author = {T. W. Anderson},
  title = {{On the distribution of the two-sample Cramer-von Mises criterion}},
  volume = {33},
  journal = {The Annals of Mathematical Statistics},
  number = {3},
  publisher = {Institute of Mathematical Statistics},
  pages = {1148 -- 1159},
  year = {1962},
  doi = {10.1214/aoms/1177704477},
  URL = {https://doi.org/10.1214/aoms/1177704477}
}
@article{SWtest1965,
  author = {Shapiro, S. S. and Wilk, M. B.},
  title = {An analysis of variance test for normality (complete samples)},
  journal = {Biometrika},
  volume = {52},
  number = {3-4},
  pages = {591-611},
  year = {1965},
  month = {12},
  issn = {0006-3444},
  doi = {10.1093/biomet/52.3-4.591},
}
@article{Royston1982,
  ISSN = {00359254, 14679876},
  URL = {http://www.jstor.org/stable/2347973},
  author = {J. P. Royston},
  journal = {Journal of the Royal Statistical Society. Series C (Applied Statistics)},
  number = {2},
  pages = {115--124},
  publisher = {Wiley, Royal Statistical Society},
  title = {An extension of {S}hapiro and {W}ilk's {W} test for normality to large samples},
  volume = {31},
  year = {1982}
}
@article{Royston1992,
  URL = {https://doi.org/10.1007/BF01891203},
  author = {J. P. Royston},
  journal = {Journal of Statistics and Computing},
  number = {3},
  pages = {117--119},
  publisher = {Springer Link},
  title = {Approximating the Shapiro-Wilk {W}-test for non-normality},
  volume = {2},
  year = {1992}
}
@article{George2003,
  author = {George Marsaglia and Wai Wan Tsang and Jingbo Wang},
  title = {Evaluating Kolmogorov's distribution},
  journal = {Journal of Statistical Software, Articles},
  volume = {8},
  number = {18},
  year = {2003},
  issn = {1548-7660},
  pages = {1--4},
  doi = {10.18637/jss.v008.i18}
}
@article{bai2005,
  author = {Jushan Bai and Serena Ng},
  title = {Tests for skewness, kurtosis, and normality for time series data},
  journal = {Journal of Business \& Economic Statistics},
  volume = {23},
  number = {1},
  pages = {49-60},
  year  = {2005},
  publisher = {Taylor & Francis},
  doi = {10.1198/073500104000000271}
}
@TechReport{MarianZach2017,
  author={Zacharias Psaradakis},
  title={Normality tests for dependent data},
  year={2017},
  institution={Research Department, National Bank of Slovakia},
  type={Working and Discussion Papers},
  url={https://ideas.repec.org/p/svk/wpaper/1053.html},
  number={WP 12/2017}
}
@article{engle1982,
  ISSN = {00129682, 14680262},
  URL = {http://www.jstor.org/stable/1912773},
  author = {Robert F. Engle},
  journal = {Econometrica},
  number = {4},
  pages = {987--1007},
  publisher = {Wiley, Econometric Society},
  title = {Autoregressive conditional heteroscedasticity with estimates of the variance of United Kingdom inflation},
  volume = {50},
  year = {1982}
}
@article{Bollerslev1986,
  title = {Generalized autoregressive conditional heteroskedasticity},
  journal = {Journal of Econometrics},
  volume = {31},
  number = {3},
  pages = {307 - 327},
  year = {1986},
  issn = {0304-4076},
  doi = {10.1016/0304-4076(86)90063-1},
  author = {Tim Bollerslev}
}
@article{arfima,
  author = {HOSKING, J. R. M.},
  title = {Fractional differencing in autoregressive processes.},
  journal = {Biometrika},
  volume = {68},
  number = {1},
  pages = {165-176},
  year = {1981},
  month = {04},
  issn = {0006-3444},
  doi = {10.1093/biomet/68.1.165}
}
@Book{sarima,
  title = {Periodic time series models},
  author = {Franses, Philip Hans and Paap, Richard},
  publisher = {O},
  year = {2004},
  url = {http://hdl.handle.net/1765/2036}
}
@ARTICLE{harima,
  title = {Forecasting with dynamic regression models},
  author = {Kennedy, Peter},
  year = {1992},
  journal = {International Journal of Forecasting},
  volume = {8},
  number = {4},
  pages = {647-648},
  url = {https://EconPapers.repec.org/RePEc:eee:intfor:v:8:y:1992:i:4:p:647-648}
}
@article{mcleod1983,
  author = {McLeod, A. I. and Li, W. K.},
  title = {Diagnostic checking ARMA time series models using squared-residual autocorrelations},
  journal = {Journal of Time Series Analysis},
  volume = {4},
  number = {4},
  pages = {269-273},
  doi = {10.1111/j.1467-9892.1983.tb00373.x},
  year = {1983}
}
@article{BIC2006,
  author = {Chen, Jiahua and Chen, Zehua},
  title = {Extended Bayesian information criteria for model selection with large model spaces},
  journal = {Biometrika},
  volume = {95},
  number = {3},
  pages = {759-771},
  year = {2008},
  issn = {0006-3444},
  doi = {10.1093/biomet/asn034}
}
@misc{OBrien2010,
  address = {Berlin},
  author = {Petris, Giovanni and Petrone, Sonia and Campagnoli, Patrizia},
  doi = {10.1111/j.1751-5823.2010.00109_26.x},
  isbn = {9780387772387 0387772383},
  issn = {03067734},
  number = {1},
  pages = {157--157},
  publisher = {Springer},
  title = {Dynamic linear models With {`R`}},
  volume = {78},
  year = {2007}
}
@inproceedings{Boris2012,
  author = {Rogozhnikov, Andrey and Lemeshko, Boris},
  year = {2012},
  month = {10},
  title = {A review of tests for exponentiality},
  journal = {2012 11th International Conference on Actual Problems of Electronic Instrument Engineering, APEIE 2012 - Proceedings},
  doi = {10.1109/APEIE.2012.6629166}
}
@misc{VanZyl2016,
  title={The performance of univariate goodness-of-fit tests for normality based on the empirical characteristic function in large samples},
  author={J. Martin van Zyl},
  year={2016},
  eprint={1605.06293},
  archivePrefix={arXiv},
  primaryClass={stat.CO}
}
@article{Perron1988,
  title = {Trends and random walks in macroeconomic time series: Further evidence from a new spproach},
  journal = {Journal of Economic Dynamics and Control},
  volume = {12},
  number = {2},
  pages = {297 - 332},
  year = {1988},
  issn = {0165-1889},
  doi = {10.1016/0165-1889(88)90043-7},
  author = {Pierre Perron}
}
@article{Box,
  author = { G.E.P. Box  and  David A. Pierce},
  title = {Distribution of residual autocorrelations in autoregressive-integrated moving average time series models},
  journal = {Journal of the American Statistical Association},
  volume = {65},
  number = {332},
  pages = {1509-1526},
  year  = {1970},
  publisher = {Taylor & Francis},
  doi = {10.1080/01621459.1970.10481180}
}
@article{dickey1984,
  author = {Said, Said E. and Dickey, David A.},
  title = {Testing for unit roots in autoregressive-moving average models of unknown order},
  journal = {Biometrika},
  volume = {71},
  number = {3},
  pages = {599-607},
  year = {1984},
  month = {12},
  issn = {0006-3444},
  doi = {10.1093/biomet/71.3.599}
}
@article{KppsI1992,
  title = {Testing the null hypothesis of stationarity against the alternative of a unit root: How sure are we that economic time series have a unit root?},
  journal = {Journal of Econometrics},
  volume = {54},
  number = {1},
  pages = {159 - 178},
  year = {1992},
  issn = {0304-4076},
  doi = {10.1016/0304-4076(92)90104-Y},
  author = {Denis Kwiatkowski and Peter C.B. Phillips and Peter Schmidt and Yongcheol Shin}
}
@article{ocsb1988,
  author = {Osborn, Denise R. and Chui, A. P. L. and Smith, Jeremy P. and Birchenhall, C. R.},
  title = {Seasonality and the order of integration for consumption},
  journal = {Oxford Bulletin of Economics and Statistics},
  volume = {50},
  number = {4},
  pages = {361-377},
  doi = {10.1111/j.1468-0084.1988.mp50004002.x},
  year = {1988}
}
@article{Hegy1993,
  title = {Seasonal unit roots in aggregate {U.S.} data},
  journal = {Journal of Econometrics},
  volume = {55},
  number = {1},
  pages = {305 - 328},
  year = {1993},
  issn = {0304-4076},
  doi = {10.1016/0304-4076(93)90018-Z},
  author = {Joseph Beaulieu and Jeffrey A. Miron}
}
@article{ch1995,
  author = {Fabio   Canova  and  Bruce E.   Hansen},
   title = {Are seasonal patterns constant over time? A test for seasonal stability},
  journal = {Journal of Business \& Economic Statistics},
  volume = {13},
  number = {3},
  pages = {237-252},
  year  = {1995},
  publisher = {Taylor & Francis},
  doi = {10.1080/07350015.1995.10524598}
}
@article{box1978,
  author = {Ljung, G.M. and Box, G.E.P.},
  title = {On a measure of lack of fit in time series models},
  journal = {Biometrika},
  volume = {65},
  number = {2},
  pages = {297-303},
  year = {1978},
  month = {08},
  issn = {0006-3444},
  doi = {10.1093/biomet/65.2.297}
}
@book{Box1990,
  author = {Box, George Edward Pelham and Jenkins, Gwilym},
  title = {Time series analysis, forecasting and control},
  year = {1990},
  isbn = {0816211043},
  publisher = {Holden-Day, Inc.},
  address = {USA},
  url = {https://www.wiley.com/en-us/Time+Series+Analysis}
}
@article{Donoho2006,
  author = {Donoho, David and Jin, Jiashun},
  year = {2006},
  month = {02},
  title = {Asymptotic minimaxity of false discovery rate thresholding for sparse exponential data, technical report},
  volume = {34},
  journal = {Annals of Mathematical Statistics},
  doi = {10.1214/009053606000000920}
}
@article{Benjamin2001,
  ISSN = {00905364},
  URL = {http://www.jstor.org/stable/2674075},
  author = {Yoav Benjamini and Daniel Yekutieli},
  journal = {The Annals of Statistics},
  number = {4},
  pages = {1165--1188},
  publisher = {Institute of Mathematical Statistics},
  title = {The control of the false discovery rate in multiple testing under dependency},
  volume = {29},
  year = {2001}
}
@article{Benjamin1995,
  ISSN = {00359246},
  URL = {http://www.jstor.org/stable/2346101},
  author = {Yoav Benjamini and Yosef Hochberg},
  journal = {Journal of the Royal Statistical Society. Series B (Methodological)},
  number = {1},
  pages = {289--300},
  publisher = {Royal Statistical Society, Wiley},
  title = {Controlling the false discovery rate: A practical and powerful approach to multiple testing},
  volume = {57},
  year = {1995}
}
@article{efron1987,
  ISSN = {01621459},
  URL = {http://www.jstor.org/stable/2289144},
  author = {Bradley Efron},
  journal = {Journal of the American Statistical Association},
  number = {397},
  pages = {171--185},
  publisher = {American Statistical Association, Taylor & Francis, Ltd.},
  title = {Better bootstrap confidence intervals},
  volume = {82},
  year = {1987}
}
@article{efron1979,
  author = {Efron, B.},
  doi = {10.1214/aos/1176344552},
  journal = {The Annals of Statistics},
  month = {01},
  number = {1},
  pages = {1--26},
  publisher = {The Institute of Mathematical Statistics},
  title = {Bootstrap methods: Another look at the jackknife},
  volume = {7},
  year = {1979}
}
@article{Buhlmann1997,
  ISSN = {13507265},
  URL = {http://www.jstor.org/stable/3318584},
  author = {Peter Bühlmann},
  journal = {Bernoulli},
  number = {2},
  pages = {123--148},
  publisher = {International Statistical Institute (ISI) and Bernoulli Society for Mathematical Statistics and Probability},
  title = {Sieve bootstrap for time series},
  volume = {3},
  year = {1997}
}
@article{Dagostino1987,
  author = {Ralph B. D'Agostino and Michael A. Stephens},
  title = {Goodness-of-fit techniques},
  journal = {Quality and Reliability Engineering International},
  volume = {3},
  number = {1},
  pages = {71-71},
  doi = {10.1002/qre.4680030121},
  year = {1986}
}
@book{Ts2010,
  address = {Chicago},
  author = {Tsay, R.},
  doi = {10.1002/0471264105},
  edition = {Second},
  isbn = {978-0470414354},
  issn = {0040-1706},
  pages = {605},
  pmid = {10118702},
  publisher = {Wiley-Interscience},
  title = {Analysis of financial time series},
  year = {2010}
}
@book{shumway2010,
  title={Time series analysis and itts applications: with {`R`} examples},
  author={Shumway, R.H. and Stoffer, D.S.},
  isbn={9781441978646},
  lccn={2011287083},
  series={Springer Texts in Statistics},
  url={https://books.google.es/books?id=dbS5IQ8P5gYC},
  year={2010},
  publisher={Springer New York}
}
@book{Casella,
  added-at = {2009-10-28T04:42:52.000+0100},
  author = {Casella, George and Berger, Roger},
  isbn = {0534243126},
  url = {http://www.amazon.fr/exec/obidos/ASIN/0534243126/citeulike04-21},
  publisher = {Duxbury Resource Center},
  title = {Statistical inference},
  year = {2001}
}
@book{degroot2012,
  title={Probability and statistics},
  author={DeGroot, M.H. and Schervish, M.J.},
  isbn={9780321500465},
  lccn={2010001486},
  url={https://books.google.es/books?id=4TlEPgAACAAJ},
  year={2012},
  publisher={Addison-Wesley}
}
@Inbook{Johnstone1987,
  author={Johnstone, David},
  editor={Viertl, R.},
  title={On the interpretation of hypothesis tests following Neyman and Pearson},
  year={1987},
  publisher={Springer US},
  address={Boston, MA},
  pages={267--277},
  isbn={978-1-4613-1885-9},
  doi={10.1007/978-1-4613-1885-9_28}
}
@book{W2006,
  address = {New York},
  author = {Wasserman, Larry.},
  doi = {10.1007/0-387-30623-4},
  isbn = {9780387251455},
  issn = {01621459},
  pages = {272},
  pmid = {10911016},
  publisher = {Springer},
  title = {All of nonparametric statistics},
  year = {2006}
}
@book{muller2015,
  title={Bayesian nonparametric data analysis},
  author={Muller, P. and Quintana, F.A. and Jara, A. and Hanson, T.},
  isbn={9783319189680},
  lccn={2015943065},
  series={Springer Series in Statistics},
  url={https://books.google.nl/books?id=Ht\_yCQAAQBAJ},
  year={2015},
  publisher={Springer International Publishing}
}
@book{gelman2013,
  title={Bayesian data analysis, third edition},
  author={Gelman, A. and Carlin, J.B. and Stern, H.S. and Dunson, D.B. and Vehtari, A. and Rubin, D.B.},
  isbn={9781439840955},
  lccn={2013039507},
  series={Chapman \& Hall/CRC Texts in Statistical Science},
  url={https://books.google.nl/books?id=ZXL6AQAAQBAJ},
  year={2013},
  publisher={Taylor \& Francis}
}
@book{west2006,
  title={Bayesian forecasting and dynamic models},
  author={West, M. and Harrison, J.},
  isbn={9780387227771},
  lccn={96038166},
  series={Springer Series in Statistics},
  url={https://books.google.nl/books?id=0mPgBwAAQBAJ},
  year={2006},
  publisher={Springer New York}
}
@book{Hyndman2008,
  title = {Forecasting with exponential smoothing: The state space approach},
  author = {Hyndman, Robin John and Koehler, Anne B and Ord, J Keith and Snyder, Ralph David},
  year = {2008},
  language = {English},
  isbn = {9783540719168},
  publisher = {Springer},
  doi =  {10.1111/j.1751-5823.2009.00085_17}
}
@book{davison1997,
  place={Cambridge},
  series={Cambridge Series in Statistical and Probabilistic Mathematics},
  title={Bootstrap methods and their application},
  doi={10.1017/CBO9780511802843},
  publisher={Cambridge University Press},
  author={Davison, A. C. and Hinkley, D. V.},
  year={1997},
  collection={Cambridge Series in Statistical and Probabilistic Mathematics}
}
@Manual{R,
  title = {{`R`}: A language and environment for statistical computing},
  author = {{`R`} Core Team},
  organization = { {`R`} Foundation for Statistical Computing},
  address = {Vienna, Austria},
  year = {2018},
  url = {https://www.R-project.org/}
}
@article{Rob2007,
  author = {Rob Hyndman and Yeasmin Khandakar},
  title = {Automatic time series forecasting: The `forecast` package for {`R`}},
  journal = {Journal of Statistical Software, Articles},
  volume = {27},
  number = {3},
  year = {2008},
  issn = {1548-7660},
  pages = {1--22},
  doi = {10.18637/jss.v027.i03}
}
@Manual{fGarch,
  title = {`fGarch`: Rmetrics - autoregressive conditional heteroskedastic modelling},
  author = {Diethelm Wuertz and Tobias Setz and Yohan Chalabi and Chris Boudt and Pierre Chausse and Michal Miklovac},
  year = {2017},
  note = {{`R`} package version 3042.83},
  url = {https://CRAN.R-project.org/package=fGarch}
}
@Book{ggplot2,
  author = {Hadley Wickham},
  title = {`ggplot2`: Elegant graphics for data analysis},
  publisher = {Springer-Verlag New York},
  year = {2009},
  isbn = {978-0-387-98140-6},
  url = {http://ggplot2.org}
}
@Manual{aTSA,
  title = {`aTSA`: Alternative time series analysis},
  author = {Debin Qiu},
  year = {2015},
  note = {{`R`} package version 3.1.2},
  url = {https://CRAN.R-project.org/package=aTSA}
}
@article{Petris2010,
  author = {Giovanni Petris},
  title = {An {`R`} package for dynamic linear models},
  journal = {Journal of Statistical Software, Articles},
  volume = {36},
  number = {12},
  year = {2010},
  issn = {1548-7660},
  pages = {1--16},
  doi = {10.18637/jss.v036.i12}
}
@Manual{astsa,
  title = {`astsa`: Applied statistical time series analysis},
  author = {David Stoffer},
  year = {2020},
  note = {{`R`} package version 1.10},
  url = {https://CRAN.R-project.org/package=astsa}
}
@Manual{nortest2015,
  title = {`nortest`: Tests for normality},
  author = {Juergen Gross and Uwe Ligges},
  year = {2015},
  note = {{`R`} package version 1.0-4},
  url = {https://CRAN.R-project.org/package=nortest}
}
@article{Mortaza2014,
  title = {`MissMech`: An {`R`} package for testing homoscedasticity, Multivariate normality, and missing completely at random (MCAR)},
  author = {Mortaza Jamshidian and Siavash Jalal and Camden Jansen},
  journal = {Journal of Statistical Software},
  year = {2014},
  volume = {56},
  number = {6},
  pages = {1-31},
  url = {http://www.jstatsoft.org/v56/i06/}
}
@Manual{mvnormtest2012,
  title = {`mvnormtest`: Normality test for multivariate variables},
  author = {Slawomir Jarek},
  year = {2012},
  note = {{`R`} package version 0.1-9},
  url = {https://CRAN.R-project.org/package=mvnormtest}
}
@Manual{tseries,
  title = {`tseries`: Time series analysis and computational finance},
  author = {Adrian Trapletti and Kurt Hornik},
  year = {2019},
  note = {{`R`} package version 0.10-47.},
  url = {https://CRAN.R-project.org/package=tseries}
}
@Manual{uroot,
  title = {`uroot`: Unit root tests for seasonal time series},
  author = {Javier López-de-Lacalle},
  year = {2019},
  note = {{`R`} package version 2.1-0},
  url = {https://CRAN.R-project.org/package=uroot}
}
@article{Holt2004,
  title = {Forecasting seasonals and trends by exponentially weighted moving averages},
  journal = {International Journal of Forecasting},
  author = {Charles C. Holt},
  volume = {20},
  number = {1},
  pages = {5 - 10},
  year = {2004},
  issn = {0169-2070},
  doi = {10.1016/j.ijforecast.2003.09.015}
}
@article{Gabry2019,
  author = {Gabry, Jonah and Simpson, Daniel and Vehtari, Aki and Betancourt, Michael and Gelman, Andrew},
  title = {Visualization in Bayesian workflow},
  journal = {Journal of the Royal Statistical Society: Series A (Statistics in Society)},
  volume = {182},
  number = {2},
  pages = {389-402},
  doi = {10.1111/rssa.12378},
  year = {2019}
}
@article{Guttman1967,
  ISSN = {00359246},
  URL = {http://www.jstor.org/stable/2984569},
  author = {Irwin Guttman},
  journal = {Journal of the Royal Statistical Society. Series B (Methodological)},
  number = {1},
  pages = {83--100},
  publisher = {[Royal Statistical Society, Wiley]},
  title = {The use of the concept of a future observation in goodness-of-fit problems},
  volume = {29},
  year = {1967}
}
@article{Vehtari2016,
   title={Practical Bayesian model evaluation using leave-one-out cross-validation and WAIC},
   volume={27},
   ISSN={1573-1375},
   doi={10.1007/s11222-016-9696-4},
   number={5},
   journal={Statistics and Computing},
   publisher={Springer Science and Business Media LLC},
   author={Vehtari, Aki and Gelman, Andrew and Gabry, Jonah},
   year={2016},
   month={Aug},
   pages={1413–1432}
}
@Article{bridgsampling2020,
    title = {`bridgesampling`: An {`R`} package for estimating normalizing constants},
    author = {Quentin F. Gronau and Henrik Singmann and Eric-Jan Wagenmakers},
    journal = {Journal of Statistical Software},
    year = {2020},
    volume = {92},
    number = {10},
    pages = {1--29},
    doi = {10.18637/jss.v092.i10},
 }
@misc{gronau2017,
    title={A tutorial on bridge sampling},
    author={Quentin F. Gronau and Alexandra Sarafoglou and Dora Matzke and Alexander Ly and Udo Boehm and Maarten Marsman and David S. Leslie and Jonathan J. Forster and Eric-Jan Wagenmakers and Helen Steingroever},
    year={2017},
    eprint={1703.05984},
    archivePrefix={arXiv},
    primaryClass={stat.CO}
}
@article{bayesfactor,
  ISSN = {01621459},
  URL = {http://www.jstor.org/stable/2291091},
  author = {Robert E. Kass and Adrian E. Raftery},
  journal = {Journal of the American Statistical Association},
  number = {430},
  pages = {773--795},
  publisher = {American Statistical Association, Taylor & Francis, Ltd.},
  title = {Bayes factors},
  volume = {90},
  year = {1995}
}
@article{watanabe,
  author = {Sumio Watanabe},
  journal = {Journal of Machine Learning Research},
  volume ={11},
  year  = {2010},
  title={Asymptotic equivalence of Bayes cross validation and widely applicable information criterion in singular learning theory},
  url = {http://www.jmlr.org/papers/volume11/watanabe10a/watanabe10a.pdf}
}
@article{David,
  author = {Spiegelhalter, David J. and Best, Nicola G. and Carlin, Bradley P. and Van Der Linde, Angelika},
  title = {Bayesian measures of model complexity and fit},
  journal = {Journal of the Royal Statistical Society: Series B (Statistical Methodology)},
  volume = {64},
  number = {4},
  pages = {583-639},
  doi = {10.1111/1467-9868.00353},
  year = {2002}
}
@misc{vehtari,
  title={Pareto smoothed importance sampling},
  author={Aki Vehtari and Daniel Simpson and Andrew Gelman and Yuling Yao and Jonah Gabry},
  year={2015},
  eprint={1507.02646},
  archivePrefix={arXiv},
  primaryClass={stat.CO}
}
@article{plummer,
  author = {Plummer, Martyn},
  title = {Penalized loss functions for Bayesian model comparison},
  journal = {Biostatistics},
  volume = {9},
  number = {3},
  pages = {523-539},
  year = {2008},
  month = {01},
  issn = {1465-4644},
  doi = {10.1093/biostatistics/kxm049}
}
@article{vanderLinde,
  author = {van der Linde, Angelika},
  title = {DIC in variable selection},
  journal = {Statistica Neerlandica},
  volume = {59},
  number = {1},
  pages = {45-56},
  doi = {10.1111/j.1467-9574.2005.00278.x}
}
@article{johnson2004,
  author = {Johnson, Valen E.},
  doi = {10.1214/009053604000000616},
  journal = {Annals of Statistics},
  month = {12},
  number = {6},
  pages = {2361--2384},
  publisher = {The Institute of Mathematical Statistics},
  title = {A Bayesian Chi test for goodness-of-fit},
  volume = {32},
  year = {2004}
}
@article{hoffman14,
   author  = {Matthew D. Hoffman and Andrew Gelman},
   title   = {The No-U-Turn Sampler: Adaptively setting path lengths in Hamiltonian Monte Carlo},
   journal = {Journal of Machine Learning Research},
   year    = {2014},
   volume  = {15},
   pages   = {1593-1623},
   url     = {http://jmlr.org/papers/v15/hoffman14a.html}
}
@misc{betancourt2017,
  title={A conceptual introduction to Hamiltonian Monte Carlo},
  author={Michael Betancourt},
  year={2017},
  eprint={1701.02434},
  archivePrefix={arXiv},
  primaryClass={stat.ME}
}
@article{Duane1987,
  title = {Hybrid Monte Carlo},
  journal = {Physics Letters B},
  volume = {95},
  number = {2},
  pages = {216 - 222},
  year = {1987},
  issn = {0370-2693},
  doi = {https://doi.org/10.1016/0370-2693(87)91197-X"},
  author = {Duane, S, et al.}
}
@article{Pettit1986,
  ISSN = {00390526, 14679884},
  URL = {http://www.jstor.org/stable/2987522},
  author = {L. I. Pettit},
  journal = {Journal of the Royal Statistical Society. Series D (The Statistician)},
  number = {2},
  pages = {183--190},
  publisher = {Royal Statistical Society, Wiley},
  title = {Diagnostics in Bayesian model choice},
  volume = {35},
  year = {1986}
}
@misc{matamoros2020,
  title={varstan: An {`R`} package for Bayesian analysis of structured time series models with Stan},
  author={Izhar Asael Alonzo Matamoros and Cristian Andres Cruz Torres},
  year={2020},
  eprint={2005.10361},
  archivePrefix={arXiv},
  primaryClass={stat.CO}
}
@article{Nieto-Reyes:2022-1,
  author = {Nieto-Reyes, Alicia},
  title = {On the non-{G}aussianity of the height of sea waves},
  journal = {Journal of Marine Science and Engineering},
  volume = {9},
  year = {2021},
  number = {12},
  article-number = {1446},
  url = {https://www.mdpi.com/2077-1312/9/12/1446},
  issn = {2077-1312},
}
@article{Nieto-Reyes:2022-2,
  author = {Nieto-Reyes, Alicia},
  title = {On the non-{G}aussianity of sea surface elevations},
  journal = {Journal of Marine Science and Engineering},
  volume = {10},
  year = {2022},
  number = {9},
  article-number = {1303},
  url = {https://www.mdpi.com/2077-1312/10/9/1303},
  issn = {2077-1312},
  doi = {10.3390/jmse10091303}
}
@Manual{mvntest,
    title = {`mvnTest`: Goodness of fit tests for multivariate normality},
    author = {Natalya Pya and Vassilly Voinov and Rashid Makarov and Yevgeniy Voinov},
    year = {2016},
    note = {{`R`} package version 1.1-0},
    url = {https://CRAN.R-project.org/package=mvnTest}
}
@article{Royston1993,
  author = {Royston, Patrick},
  title = {A pocket-calculator algorithm for the {S}hapiro-{F}rancia test for non-normality: An application to medicine},
  journal = {Statistics in Medicine},
  volume = {12},
  number = {2},
  pages = {181-184},
  doi = {10.1002/sim.4780120209},
  url ={https://onlinelibrary.wiley.com/doi/abs/10.1002/sim.4780120209},
  year = {1993}
}
@article{Wilkinson1986,
  author = {Gerard E. Dallal and Leland Wilkinson},
  title = {An analytic approximation to the distribution of Lilliefors's test statistic for normality},
  journal = {The American Statistician},
  volume = {40},
  number = {4},
  pages = {294-296},
  year = {1986},
  publisher = {Taylor & Francis},
  doi = {10.1080/00031305.1986.10475419},
  URL = {https://www.tandfonline.com/doi/abs/10.1080/00031305.1986.10475419}
}
@Article{DH2008,
  author={Jurgen A. Doornik and Henrik Hansen},
  title={{An omnibus test for univariate and multivariate normality}},
  journal={Oxford Bulletin of Economics and Statistics},
  year=2008,
  volume={70},
  number={s1},
  pages={927-939},
  month={December},
  keywords={},
  doi={10.1111/j.1468-0084.2008.},
  url={https://ideas.repec.org/a/bla/obuest/v70y2008is1p927-939.html}
}
@article{HZ1990,
  author = {N. Henze and B. Zirkler},
  title = {A class of invariant consistent tests for multivariate normality},
  journal = {Communications in Statistics - Theory and Methods},
  volume = {19},
  number = {10},
  pages = {3595-3617},
  year = {1990},
  publisher = {Taylor & Francis},
  doi = {10.1080/03610929008830400},
  URL = {https://doi.org/10.1080/03610929008830400}
}
@article{S2_2016,
  author = {Vassilly Voinov, Natalie Pya, Rashid Makarov and Yevgeniy Voinov},
  title = {New invariant and consistent Chi-squared type goodness-of-fit tests for multivariate normality and a related comparative simulation study},
  journal = {Communications in Statistics - Theory and Methods},
  volume = {45},
  number = {11},
  pages = {3249-3263},
  year = {2016},
  publisher = {Taylor & Francis},
  doi = {10.1080/03610926.2014.901370},
  URL = {https://doi.org/10.1080/03610926.2014.901370}
}
@Manual{cowplot,
    title = {`cowplot`: Streamlined plot theme and plot annotations for `ggplot2`},
    author = {Claus O. Wilke},
    year = {2020},
    note = {{`R`} package version 1.1.1},
    url = {https://CRAN.R-project.org/package=cowplot}
}
