% This file was created with JabRef 2.7.2.
% Encoding: Cp1252

@MANUAL{Albert2012,
  title = {{LearnBayes}: Functions for Learning Bayesian Inference},
  author = {Jim Albert},
  year = {2012},
  note = {R package version 2.12},
  url = {http://CRAN.R-project.org/package=LearnBayes}
}

@BOOK{Albert2007,
  title = {Bayesian Computation in {R}},
  publisher = {Springer},
  year = {2007},
  author = {Jim Albert},
  owner = {stefan},
  timestamp = {2011.12.08}
}

@ARTICLE{Barry1999,
  author = {Ronald Barry and R. Kelley Pace},
  title = {A Monte Carlo Estimator of the Log Determinant of Large Sparse Matrices},
  journal = {Linear Algebra and its Applications},
  year = {1999},
  volume = {289},
  pages = {41--54},
  number = {1-3},
  owner = {stefan},
  timestamp = {2013.02.13}
}

@MANUAL{Bates2013,
  title = {{Matrix}: Sparse and Dense Matrix Classes and Methods},
  author = {Douglas Bates and Martin Maechler},
  year = {2013},
  note = {R package version 1.0-12},
  url = {http://CRAN.R-project.org/package=Matrix}
}

@UNPUBLISHED{Bivand2010,
  author = {Roger Bivand},
  title = {Computing the {J}acobian in spatial models: an applied survey},
  note = {Discussion paper / Norwegian School of Economics and Business Administration,
	Department of Economics ; 2010,20},
  month = {August},
  year = {2010},
  owner = {stefan},
  timestamp = {2012.12.07},
  url = {http://brage.bibsys.no/nhh/bitstream/URN:NBN:no-bibsys_brage_23930/1/dp2010-20.pdf}
}

@Manual{Bivand2013,
    title = {spdep: Spatial dependence: weighting schemes, statistics and models},
    author = {Roger Bivand},
    year = {2013},
    note = {R package version 0.5-57},
    url = {http://CRAN.R-project.org/package=spdep},
}

@BOOK{Bivand2008,
  title = {Applied Spatial Data Analysis with {R}},
  publisher = {Springer, New York},
  year = {2008},
  author = {Roger Bivand and EJ Pebesma and V. Gomez-Rubio},
  owner = {stefan},
  timestamp = {2012.12.09}
}

@ARTICLE{VanDenBulte2001,
  author = {C. Van den Bulte and G. L. Lilien},
  title = {Medical Innovation Revisited: Social Contagion versus Marketing Effort},
  journal = {American Journal of Sociology},
  year = {2001},
  volume = {106},
  pages = {1409-1435},
  number = {5},
  file = {:VanDenBulte2001.pdf:PDF},
  owner = {stefan},
  timestamp = {2012.02.03}
}

@ARTICLE{Burt1987,
  author = {Ronald S. Burt},
  title = {Social contagion and innovation: Cohesion versus structural equivalence},
  journal = {American Journal of Sociology},
  year = {1987},
  volume = {92},
  pages = {1287-1335},
  number = {6},
  file = {:Burt1987.pdf:PDF},
  owner = {stefan},
  timestamp = {2012.02.03}
}

@MANUAL{Butts2013,
  title = {{sna}: Tools for Social Network Analysis},
  author = {Carter T. Butts},
  year = {2013},
  note = {R package version 2.3-1},
  url = {http://CRAN.R-project.org/package=sna}
}

@MANUAL{Butts2013a,
  title = {{network}: Classes for Relational Data},
  author = {Carter T. Butts and Mark S. Handcock and David R. Hunter},
  address = {Irvine, CA},
  year = {2013},
  note = {R package version 1.7-2},
  url = {http://statnet.org/}
}

@ARTICLE{Coleman1957,
  author = {James Coleman and Elihu Katz and Herbert Menzel},
  title = {The Diffusion of an Innovation Among Physicians},
  journal = {Sociometry},
  year = {1957},
  volume = {20},
  pages = {253-270},
  file = {:Coleman1957.pdf:PDF},
  owner = {stefan},
  timestamp = {2012.02.03}
}

@BOOK{Coleman1966,
  title = {Medical Innovation: A Diffusion Study},
  publisher = {New York: Bobbs Merrill},
  year = {1966},
  author = {James S. Coleman and Elihu Katz and Herbert Menzel},
  owner = {stefan},
  timestamp = {2012.02.03}
}

@UNPUBLISHED{Coughlin2003,
  author = {Cletus C. Coughlin and Thomas A. Garrett and Rub\'{e}n Hern\'{a}ndez-Murillo},
  title = {Spatial probit and the geographic patterns of state lotteries},
  note = {Federal Reserve Bank of St. Louis Working Paper 2003-042},
  year = {2003},
  owner = {stefan},
  timestamp = {2013.01.06},
  url = {http://ideas.repec.org/p/fip/fedlwp/2003-042.html}
}

@ARTICLE{Csardi2006,
  author = {Gabor Csardi and Tamas Nepusz},
  title = {The igraph software package for complex network research},
  journal = {InterJournal},
  year = {2006},
  volume = {Complex Systems},
  pages = {1695},
  url = {http://igraph.sf.net}
}

@BOOK{Diggle2007,
  title = {Model Based Geostatistics},
  publisher = {Springer, New York},
  year = {2007},
  author = {P.J. Diggle and P.J. Ribeiro},
  owner = {stefan},
  timestamp = {2012.03.27}
}

@MANUAL{Finley2013,
  title = {{spBayes}: Univariate and Multivariate Spatial Modeling},
  author = {Andrew O. Finley and Sudipto Banerjee},
  year = {2013},
  note = {{R} package version 0.3-7},
  url = {http://CRAN.R-project.org/package=spBayes}
}

@UNPUBLISHED{Franzese2013,
  author = {Robert J. Franzese and Jude C. Hays and Scott Cook},
  title = {Spatial-, Temporal-, and Spatiotemporal-Autoregressive Probit Models
	of Interdependent Binary Outcomes: Estimation and Interpretation},
  note = {Prepared for the Spatial Models of Politics in Europe \& Beyond,
	Texas A\&M University},
  month = {February},
  year = {2013},
  comment = {21 February 2013},
  owner = {stefan},
  timestamp = {2013.02.24}
}

@MANUAL{Genz2013,
  title = {{mvtnorm}: Multivariate Normal and t Distributions},
  author = {Alan Genz and Frank Bretz and Tetsuhisa Miwa and Xuefei Mi and Friedrich
	Leisch and Fabian Scheipl and Torsten Hothorn},
  year = {2013},
  note = {{R} package version 0.9-9995},
  owner = {stefan},
  timestamp = {2012.03.27},
  url = {http://CRAN.R-project.org/package=mvtnorm}
}

@BOOK{Geweke2005,
  title = {Contemporary Bayesian Econometrics and Statistics},
  publisher = {John Wiley and Sons},
  year = {2005},
  author = {John F. Geweke},
  file = {:John Geweke. Contemporary Bayesian Econometrics and Statistics (Wiley,2005)(ISBN 0471679321)(308s).pdf:PDF},
  owner = {stefan},
  timestamp = {2007.01.30}
}

@ELECTRONIC{Geweke1991,
  author = {John F. Geweke},
  year = {1991},
  title = {Efficient simulation from the multivariate normal and {S}tudent-t
	distributions subject to linear constraints and the evaluation of
	constraint probabilities},
  url = {http://www.biz.uiowa.edu/faculty/jgeweke/papers/paper47/paper47.pdf},
  file = {:Geweke1991.pdf:PDF},
  owner = {stefan},
  timestamp = {2010.01.22}
}

@ARTICLE{Jaimovich2012,
  author = {Dany Jaimovich},
  title = {A Bayesian spatial probit estimation of Free Trade Agreement contagion},
  journal = {Applied Economics Letters},
  year = {2012},
  volume = {19},
  pages = {579-583},
  number = {6},
  owner = {stefan},
  timestamp = {2013.01.06}
}

@ARTICLE{Klier2008,
  author = {Thomas Klier and Daniel P. McMillen},
  title = {Clustering of Auto Supplier Plants in the {U}nited {S}tates: Generalized
	Method of Moments Spatial probit for Large Samples},
  journal = {Journal of Business and Economic Statistics},
  year = {2008},
  volume = {26},
  pages = {460-471},
  owner = {stefan},
  timestamp = {2012.12.12}
}

@MANUAL{Koenker2013,
  title = {{SparseM}: Sparse Linear Algebra},
  author = {Roger Koenker and Pin Ng},
  year = {2013},
  note = {R package version 0.99},
  url = {http://CRAN.R-project.org/package=SparseM}
}

@BOOK{LeSage2009,
  title = {Introduction to Spatial Econometrics},
  publisher = {CRC Press},
  year = {2009},
  author = {James LeSage and R. Kelley Pace},
  owner = {stefan},
  timestamp = {2011.12.01}
}

@MISC{LeSage2010,
  author = {James P. LeSage},
  title = {Spatial Econometrics Toolbox for {MATLAB}},
  month = {March},
  year = {2010},
  owner = {stefan},
  timestamp = {2013.03.02},
  url = {http://www.spatial-econometrics.com/}
}

@ARTICLE{LeSage2000,
  author = {James P. LeSage},
  title = {Bayesian Estimation of Limited Dependent variable Spatial Autoregressive
	Models},
  journal = {Geographical Analysis},
  year = {2000},
  volume = {32},
  pages = {19--35},
  number = {1},
  owner = {stefan},
  timestamp = {2012.01.18}
}

@ARTICLE{LeSage2011,
  author = {James P. LeSage and R. Kelley Pace and Nina Lam and Richard Campanella
	and Xingjian Liu},
  title = {{N}ew {O}rleans business recovery in the aftermath of Hurricane {K}atrina},
  journal = {Journal of the Royal Statistical Society: Series A (Statistics in
	Society)},
  year = {2011},
  volume = {174},
  pages = {1007--1027},
  file = {:LeSage2011.pdf:PDF},
  owner = {stefan},
  timestamp = {2012.12.07}
}

@MANUAL{Majure2013,
  title = {{sgeostat}: An Object-oriented Framework for Geostatistical Modeling
	in S+},
  author = {James J. Majure and Albrecht Gebhardt},
  year = {2013},
  note = {R package version 1.0-25; S original by James J. Majure Iowa State
	University and R port + extensions by Albrecht Gebhardt},
  url = {http://CRAN.R-project.org/package=sgeostat}
}

@ARTICLE{Marsh2000,
  author = {Thomas L. Marsh and Ron C. Mittelhammer and Ray G. Huffaker},
  title = {Probit with Spatial Correlation by Field Plot: Potato Leafroll Virus
	Net Necrosis in Potatoes},
  journal = {Journal of Agricultural, Biological, and Environmental Statistics},
  year = {2000},
  volume = {5},
  pages = {22-36},
  file = {:Marsh2000.pdf:PDF},
  owner = {stefan},
  timestamp = {2013.01.06},
  url = {http://www.jstor.org/stable/1400629}
}

@MANUAL{McMillen2013,
  title = {{McSpatial}: Nonparametric spatial data analysis},
  author = {Daniel McMillen},
  year = {2013},
  note = {R package version 2.0},
  owner = {stefan},
  timestamp = {2012.12.12},
  url = {http://CRAN.R-project.org/package=McSpatial}
}

@ARTICLE{McMillen1992,
  author = {D. P. McMillen},
  title = {Probit With Spatial Correlation},
  journal = {Journal of Regional Science},
  year = {1992},
  volume = {32},
  pages = {335-348},
  owner = {stefan},
  timestamp = {2013.01.06}
}

@ARTICLE{Pace1997,
  author = {R. Kelley Pace and Ronald Barry},
  title = {Quick Computation of Spatial Autoregressive Estimators},
  journal = {Geographical Analysis},
  year = {1997},
  volume = {29},
  pages = {232--247},
  file = {:Pace1997.pdf:PDF},
  owner = {stefan},
  timestamp = {2012.02.06}
}

@ARTICLE{Pace2004,
  author = {R. Kelley Pace and James LeSage},
  title = {Chebyshev Approximation of log-determinants of spatial weight matrices},
  journal = {Computational Statistics \& Data Analysis},
  year = {2004},
  volume = {45},
  pages = {179--196},
  number = {2},
  file = {:Pace2004.pdf:PDF},
  owner = {stefan},
  timestamp = {2012.02.06}
}

@ELECTRONIC{Pace2011,
  author = {R. Kelley Pace and James P. LeSage},
  year = {2011},
  title = {Fast Simulated Maximum Likelihood Estimation of the Spatial Probit
	Model Capable of Handling Large Samples},
  url = {http://ssrn.com/abstract=1966039},
  owner = {stefan},
  timestamp = {2012.01.03}
}

@ARTICLE{Piras2010,
  author = {Gianfranco Piras},
  title = {{sphet}: Spatial Models with Heteroskedastic Innovations in {R}},
  journal = {Journal of Statistical Software},
  year = {2010},
  volume = {35},
  pages = {1--21},
  number = {1},
  url = {http://www.jstatsoft.org/v35/i01/}
}

@BOOK{Venables2002,
  title = {Modern Applied Statistics with {S}},
  publisher = {Springer},
  year = {2002},
  author = {William N. Venables and Brian D. Ripley},
  file = {Statistics - Springer-Verlag - Modern Applied Statistics With S.pdf:C\:\\Projects\\Promotion\\bibliography\\E-Books\\Statistics - Springer-Verlag - Modern Applied Statistics With S.pdf:PDF},
  owner = {stefan},
  timestamp = {2007.09.25}
}

@MANUAL{tmvtnorm-1.4,
  title = {{tmvtnorm}: Truncated Multivariate Normal and {S}tudent t Distribution},
  author = {Stefan Wilhelm and B. G. Manjunath},
  year = {2013},
  note = {{R} package version 1.4-8},
  url = {http://CRAN.R-project.org/package=tmvtnorm}
}

@ARTICLE{RJournal:Wilhelm+Manjunath:2010,
  author = {Stefan Wilhelm and B. G. Manjunath},
  title = {{tmvtnorm}: A Package for the Truncated Multivariate Normal Distribution},
  journal = {The R Journal},
  year = {2010},
  volume = {2},
  pages = {25--29},
  number = {1},
  month = {June},
  owner = {stefan},
  timestamp = {2012.02.25},
  url = {http://journal.r-project.org/archive/2010-1/RJournal_2010-1_Wilhelm+Manjunath.pdf}
}

@MANUAL{spatialprobit-0.9-9,
  title = {{spatialprobit}: Spatial Probit Models},
  author = {Stefan Wilhelm and Miguel Godinho de Matos},
  year = {2013},
  note = {{R} package version 0.9-9},
  url = {http://CRAN.R-project.org/package=spatialprobit}
}

@BOOK{Wooldridge2002,
  title = {Introductory Econometrics - A Modern Approach},
  publisher = {South Western College Publishing},
  year = {2002},
  author = {Jeffrey M. Wooldridge},
  file = {Wooldridge 2002 Introductory Econometrics A Modern Appr.pdf:Wooldridge 2002 Introductory Econometrics A Modern Appr.pdf:PDF},
  owner = {stefan},
  timestamp = {2005.12.13}
}




