@Manual{R,
  title = {R: A Language and Environment for Statistical Computing},
  author = {{R Core Team}},
  organization = {R Foundation for Statistical Computing},
  address = {Vienna, Austria},
  year = {2016},
  note = {{ISBN} 3-900051-07-0},
  url = {https://www.R-project.org/},
}

@Article{ihaka:1996,
  Author = {Ihaka, Ross and Gentleman, Robert},
  Journal = {Journal of Computational and Graphical Statistics},
  Number = 3,
  Pages = {299--314},
  Title = {R: A Language for Data Analysis and Graphics},
  Volume = 5,
  Year = 1996,
  url = {https://doi.org/10.1080/10618600.1996.10474713}
}

@Manual{MatchThem,
  title = {{MatchThem}: Matching and Weighting Multiply Imputed Datasets},
  author = {Farhad Pishgar and Noah Greifer},
  year = {2020},
  note = {R package version 0.9.3},
  url = {https://CRAN.R-project.org/package = MatchThem},
}

@Article{ho:2011,
  title = {{MatchIt}: Nonparametric Preprocessing for Parametric Causal Inference},
  author = {Daniel E. Ho and Kosuke Imai and Gary King and Elizabeth A. Stuart},
  journal = {Journal of Statistical Software},
  year = {2011},
  volume = {42},
  number = {8},
  pages = {1--28},
  url = {https://doi.org/10.18637/jss.v042.i08},
}

@Manual{WeightIt,
  title = {{WeightIt}: Weighting for Covariate Balance in Observational Studies},
  author = {Noah Greifer},
  year = {2020},
  note = {R package version 0.9.0},
  url = {https://CRAN.R-project.org/package = WeightIt},
}

@Manual{cobalt,
  title = {{cobalt}: Covariate Balance Tables and Plots},
  author = {Noah Greifer},
  year = {2020},
  note = {R package version 4.2.2},
  url = {https://CRAN.R-project.org/package = cobalt},
}

@Article{mice,
  title = {{mice}: Multivariate Imputation by Chained Equations in {R}},
  author = {Stef {van Buuren} and Karin Groothuis-Oudshoorn},
  journal = {Journal of Statistical Software},
  year = {2011},
  volume = {45},
  number = {3},
  pages = {1--67},
  url = {https://doi.org/10.18637/jss.v045.i03},
}

@Article{Amelia,
  title = {{Amelia II}: A Program for Missing Data},
  author = {James Honaker and Gary King and Matthew Blackwell},
  journal = {Journal of Statistical Software},
  year = {2011},
  volume = {45},
  number = {7},
  pages = {1--47},
  url = {https://doi.org/10.18637/jss.v045.i07},
}

@Article{survey,
  author = {Thomas Lumley},
  title = {Analysis of Complex Survey Samples},
  journal = {Journal of Statistical Software, Articles},
  volume = {9},
  number = {8},
  year = {2004},
  pages = {1--19},
  url = {https://doi.org/10.18637/jss.v009.i08}
}

@Article{stuart:2010,
  title = {Matching Methods for Causal Inference: A Review and a Look Forward},
  author = {Elizabeth A Stuart},
  journal = {Statistical Science},
  volume = {25},
  number = {1},
  pages = {1--21},
  year = {2010},
  url = {https://doi.org/10.1214/09-STS313}
}

@Article{cham:2016,
  title = {Propensity Score Analysis with Missing Data},
  author = {Heining Cham and Stephen G West},
  journal = {Psychological Methods},
  volume = {21},
  number = {3},
  pages = {427--445},
  year = {2016},
  url = {https://doi.org/10.1037/met0000076}
}

@Article{white:2011,
  title = {Multiple Imputation Using Chained Equations: Issues and Guidance for Practice},
  author = {Ian R White and Patrick Royston and Angela M Wood},
  journal = {Statistics in Medicine},
  volume = {30},
  number = {4},
  pages = {377--399},
  year = {2011},
  url = {https://doi.org/10.1002/sim.4067}
}

@Article{azur:2011,
  title = {Multiple Imputation by Chained Equations: What Is It and How Does It Work?},
  author = {Melissa J Azur and Elizabeth A Stuart and Constantine Frangakis and Philip J Leaf},
  journal = {International Journal of Methods in Psychiatric Research},
  volume = {20},
  number = {1},
  pages = {40--49},
  year = {2011},
  url = {https://doi.org/10.1002/mpr.329}
}

@Article{king:2019,
  title = {Why Propensity Scores Should Not Be Used for Matching},
  volume = {27},
  number = {4},
  journal = {Political Analysis},
  author = {Gary King and Richard Nielsen},
  pages = {435--454},
  year = {2019},
  url = {https://doi.org/10.1017/pan.2019.11}
}

@Article{williamson:2012,
  title = {Propensity Scores: From Naive Enthusiasm to Intuitive Understanding},
  author = {Elizabeth Williamson and Ruth Morley and Alan Lucas and James Carpenter},
  journal = {Statistical Methods in Medical Research},
  volume = {21},
  number = {3},
  pages = {273--293},
  year = {2012},
  url = {https://doi.org/10.1177/0962280210394483}
}

@Article{hainmueller:2012,
  title = {Entropy Balancing for Causal Effects: A Multivariate Reweighting Method to Produce Balanced Samples in Observational Studies},
  author = {Jens Hainmueller},
  journal = {Political Analysis},
  pages = {25--46},
  volume = {20},
  number = {1},
  year = {2012},
  url = {https://doi.org/10.1093/pan/mpr025}
}

@Article{zubizarreta:2015,
  title = {Stable Weights That Balance Covariates for Estimation with Incomplete Outcome Data},
  author = {José R Zubizarreta},
  journal = {Journal of the American Statistical Association},
  volume = {110},
  number = {511},
  pages = {910--922},
  year = {2015},
  url = {https://doi.org/10.1080/01621459.2015.1023805}
}

@Article{pigott:2001,
  title = {A Review of Methods for Missing Data},
  author = {Therese D Pigott},
  journal = {Educational Research and Evaluation},
  volume = {7},
  number = {4},
  pages = {353--383},
  year = {2001},
  url = {https://doi.org/10.1076/edre.7.4.353.8937}
}

@Article{leyrat:2019,
  title = {Propensity Score Analysis with Partially Observed Covariates: How Should Multiple Imputation Be Used?},
  author = {Clémence Leyrat and Shaun R Seaman and Ian R White and Ian Douglas and Liam Smeeth and Joseph Kim and Matthieu Resche-Rigon and James R Carpenter and Elizabeth J Williamson},
  journal = {Statistical Methods in Medical Research},
  volume = {28},
  number = {1},
  pages = {3--19},
  year = {2019},
  url = {https://doi.org/10.1177/0962280217713032}
}

@Article{sterne:2009,
  title = {Multiple Imputation for Missing Data in Epidemiological and Clinical Research: Potential and Pitfalls},
  author = {Jonathan AC Sterne and Ian R White and John B Carlin and Michael Spratt and Patrick Royston and Michael G Kenward and Angela M Wood and James R Carpenter},
  journal = {BMJ},
  volume = {338},
  year = {2009},
  url = {https://doi.org/10.1136/bmj.b2393}
}

@Book{rubin:1987,
  title = {Multiple Imputation for Nonresponse in Surveys},
  author = {Donald B Rubin},
  volume = {81},
  year = {1987},
  publisher = {John Wiley \& Sons}
}

@Article{mitra:2016,
  title = {A Comparison of Two Methods of Estimating Propensity Scores after Multiple Imputation},
  author = {Robin Mitra and Jerome P Reiter},
  journal = {Statistical Methods in Medical Research},
  volume = {25},
  number = {1},
  pages = {188--204},
  year = {2016},
  url = {https://doi.org/10.1177/0962280212445945}
}

@Article{penning:2016,
  title = {Comments on Propensity Score Matching Following Multiple Imputation},
  author = {BBL Penning {de Vries} and RHH Groenwold},
  volume = {25},
  number = {6},
  pages = {3066–-3068},
  year = {2016},
  url = {https://doi.org/10.1177/0962280216674296}
}

@Article{rubin:2001,
  title = {Using Propensity Scores to Help Design Observational Studies: Application to the Tobacco Litigation},
  author = {Donald B Rubin},
  journal = {Health Services and Outcomes Research Methodology},
  volume = {2},
  number = {3-4},
  pages = {169--188},
  year = {2001},
  url = {https://doi.org/10.1023/A:1020363010465}
}

@Article{diamond:2013,
  title = {Genetic Matching for Estimating Causal Effects: A General Multivariate Matching Method for Achieving Balance in Observational Studies},
  author = {Alexis Diamond and Jasjeet S Sekhon},
  journal = {Review of Economics and Statistics},
  volume = {95},
  number = {3},
  pages = {932--945},
  year = {2013},
  url = {https://doi.org/10.1162/REST_a_00318}
}

@Article{austin:2015,
  title = {Moving Towards Best Practice When Using Inverse Probability of Treatment Weighting (IPTW) Using the Propensity Score to Estimate Causal Treatment Effects in Observational Studies},
  author = {Peter C Austin and Elizabeth A Stuart},
  journal = {Statistics in Medicine},
  volume = {34},
  number = {28},
  pages = {3661--3679},
  year = {2015},
  url = {https://doi.org/10.1002/sim.6607}
}

@Article{ho:2007,
  title = {Matching as Nonparametric Preprocessing for Reducing Model Dependence in Parametric Causal Inference},
  author = {Daniel E Ho and Kosuke Imai and Gary King and Elizabeth A Stuart},
  journal = {Political Analysis},
  volume = {15},
  number = {3},
  pages = {199--236},
  year = {2007},
  url = {https://doi.org/10.1093/pan/mpl013}
}

@Article{belitser:2011,
  title = {Measuring Balance and Model Selection in Propensity Score Methods},
  author = {Svetlana V Belitser and Edwin P Martens and Wiebe R Pestman and Rolf HH Groenwold and Anthonius De Boer and Olaf H Klungel},
  journal = {Pharmacoepidemiology and Drug Safety},
  volume = {20},
  number = {11},
  pages = {1115--1129},
  year = {2011},
  url = {https://doi.org/10.1002/pds.2188}
}

@Article{li:2013,
  title = {A Weighting Analogue to Pair Matching in Propensity Score Analysis},
  author = {Liang Li and Tom Greene},
  journal = {The International Journal of Biostatistics},
  volume = {9},
  number = {2},
  pages = {215--234},
  year = {2013},
  url = {https://doi.org/10.1515/ijb-2012-0030}
}

@Article{austin:2011,
  title = {Comparing Paired vs Non‐paired Statistical Methods of Analyses When Making Inferences About Absolute Risk Reductions in Propensity‐score Matched Samples},
  author = {Peter C Austin},
  journal = {Statistics in Medicine},
  volume = {30},
  number = {11},
  pages = {1292--1301},
  year = {2011},
  url = {https://doi.org/10.1002/sim.4200}
}

@Article{austin:2009,
  title = {Some Methods of Propensity‐Score Matching had Superior Performance to Others: Results of an Empirical Investigation and Monte Carlo simulations},
  author = {Peter C Austin},
  journal = {Statistics in Medicine},
  volume = {51},
  number = {1},
  pages = {171--184},
  year = {2009},
  url = {https://doi.org/10.1002/sim.4200}
}

@Article{knol:2010,
  title = {Unpredictable Bias When Using the Missing Indicator Method or Complete Case Analysis for Missing Confounder Values: An Empirical Example},
  author = {Mirjam J. Knol and Kristel J. M. Janssen and A. Rogier T. Donders and Antoine C. G. Egberts and E. Rob Heerdink and Diederick E. Grobbee and Karel G. M. Moons and Mirjam I. Geerlings},
  journal = {Journal of Clinical Epidemiology},
  volume = {63},
  number = {7},
  pages = {728--736},
  year = {2010},
  url = {https://doi.org/10.1016/j.jclinepi.2009.08.028}
}
