@Book{AthreyaNey72,
  author = {K. B. Athreya and P. E. Ney},
  title = {Branching Processes},
  publisher = {Springer-Verlag},
  address = {Berlin Heidelberg},
  year = {1972},
  url = {https://doi.org/10.1007/978-3-642-65371-1},
}

@Book{Bartlett78,
  author = {M. S. Bartlett},
  title = {An Introduction to Stochastic Processes, with Special  Reference to Methods and Applications},
  publisher = {Cambridge University Press},
  edition = {3\textsuperscript{rd}},
  year = {1978},
}

@Book{Eddelbuettel13,
  author = {D. Eddelbuettel},
  title = {Seamless R and C++ Integration with Rcpp},
  publisher = {Springer-Verlag},
  address = {New York},
  year = {2013},
  url = {https://doi.org/10.1007/978-1-4614-6868-4},
}

@Book{Wilcox12,
  author = {R. Wilcox},
  title = {Introduction to Robust Estimation and Hypothesis Testing},
  publisher = {Elsevier},
  address = {Amsterdam},
  edition = {3\textsuperscript{rd}},
  year = {2012},
  url = {https://doi.org/10.1016/C2010-0-67044-1},
}

@Article{Angerer01_1,
  author = {W. P. Angerer},
  title = {An Explicit Representation of the {L}uria-{D}elbrück Distribution},
  journal = {J. Math. Biol.},
  year = {2001},
  volume = {42},
  number = {2},
  pages = {145--174},
  url = {https://doi.org/10.1007/s002850000053},
}

@Article{Angerer01_2,
  author = {W. P. Angerer},
  title = {A Note on the Evaluation of Fluctuation Experiments},
  journal = {Mutation Research},
  year = {2001},
  volume = {479},
  pages = {207--224},
  url = {https://doi.org/10.1016/S0027-5107(01)00203-2},
}

@Article{Armitage52,
  author = {P. Armitage},
  title = {The Statistical Theory of Bacterial Populations  Subject to Mutation},
  journal = {J. R. Statist. Soc. B},
  year = {1952},
  volume = {14},
  pages = {1--40},
  url = {http://www.jstor.org/stable/2984083},
}

@Article{BellmanHarris52,
  author = {R. Bellman and T. Harris},
  title = {On Age-Dependent Binary Branching Processes},
  journal = {Ann. Math.},
  year = {1952},
  volume = {55},
  number = {2},
  pages = {280--295},
  url = {https://www.jstor.org/stable/1969779},
}

@Article{Boeetal94,
  author = {L. Boe and T. Tolker-Nielsen and K. M. Eegholm and H. Spliid and A. Vrang},
  title = {Fluctuation Analysis of Mutations to Nalidixic Acid  Resistance in \textit{{Escherichia Coli}}},
  journal = {J. Bacteriol.},
  year = {1994},
  volume = {176},
  number = {10},
  pages = {2781--2787},
  url = {https://doi.org/10.1128/jb.176.10.2781-2787},
}

@Article{Breunig01,
  author = {R. Breunig},
  title = {An Almost Unbiased Estimator of the Coefficient of Variation},
  journal = {Econ. Lett.},
  year = {2001},
  volume = {70},
  number = {1},
  pages = {15--19},
  url = {https://doi.org/10.1016/S0165-1765(00)00351-7},
}

@Article{David70,
  author = {H. L. David},
  title = {Probability Distribution of Drug-Resistant Mutants in  Unselected Populations of   \textit{{Mycobacterium Tuberculosis}}},
  journal = {Appl. Microbiol.},
  year = {1970},
  volume = {20},
  number = {5},
  pages = {810--814},
  url = {https://www.ncbi.nlm.nih.gov/pmc/articles/PMC377053/},
}

@Article{Dewanjietal05,
  author = {A. Dewanji and E. G. Luebeck and S. H. Moolgavkar},
  title = {A Generalized {Luria-Delbrück} Model},
  journal = {Math. Biosci.},
  year = {2005},
  volume = {197},
  number = {2},
  pages = {140--152},
  url = {https://doi.org/10.1016/j.mbs.2005.07.003},
}

@Article{EddelbuettelSanderson14,
  author = {D. Eddelbuettel and C. Sanderson},
  title = {RcppArmadillo: Accelerating {R} with High-Performance {C}++ Linear Algebra},
  journal = {Comput. Stat. Data An.},
  year = {2014},
  volume = {70},
  pages = {1054--1063},
  url = {https://doi.org/10.1016/j.csda.2013.02.005},
}

@Article{EmbrechtsHawkes82,
  author = {P. Embrechts and J. Hawkes},
  title = {A Limit Theorem for the Tails of Discrete Infinitely Divisible   Laws with Applications to Fluctuation Theory},
  journal = {J. Austral. Math. Soc. Series A},
  year = {1982},
  volume = {32},
  pages = {412--422},
  url = {https://doi.org/10.1017/S1446788700024976},
}

@Article{Foster06,
  author = {P. L. Foster},
  title = {Methods for Determining Spontaneous Mutation Rates},
  journal = {Method. Enzymol.},
  year = {2006},
  volume = {409},
  pages = {195--213},
  url = {https://doi.org/10.1016/S0076-6879(05)09012-9},
}

@Article{Gilletetal15,
  author = {A. Gillet-Markowska and G. Louvel and G. Fisher},
  title = {Bz-Rates: a Web-Tool to Estimate Mutation Rates from Fluctuation Analysis},
  journal = {G3},
  year = {2015},
  volume = {5},
  number = {11},
  pages = {2323--2327},
  url = {https://doi.org/10.1534/g3.115.019836},
}

@Article{Halletal09,
  author = {B. M. Hall and C. X. Ma and P. Liang and K. K. Singh},
  title = {Fluctuation {A}na{L}ysis {CalculatOR}: a Web Tool for the Determination of Mutation Rate Using {Luria–Delbrück} Fluctuation Analysis},
  journal = {Bioinformatics},
  year = {2009},
  volume = {25},
  number = {12},
  pages = {1564--1565},
  url = {https://doi.org/10.1093/bioinformatics/btp253},
}

@Article{HamonYcart12,
  author = {A. Hamon and B. Ycart},
  title = {Statistics for the {Luria-Delbrück} Distribution},
  journal = {Elect. J. Statist.},
  year = {2012},
  volume = {6},
  pages = {1251--1272},
  url = {https://doi.org/10.1214/12-EJS711},
}

@Article{KellyRahn32,
  author = {C. D. Kelly and O. Rahn},
  title = {The Growth Rate of Individual Bacterial Cells},
  journal = {J. Bacteriol.},
  year = {1932},
  volume = {23},
  number = {2},
  pages = {147--153},
  url = {http://europepmc.org/articles/PMC533308},
}

@Article{Komarovaetal07,
  author = {N. L. Komarova and L. Wu and P. Baldi},
  title = {The Fixed-Size {Luria-Delbrück} Model with  a Nonzero Death Rate},
  journal = {Math. Biosci.},
  year = {2007},
  volume = {210},
  number = {1},
  pages = {253--290},
  url = {https://doi.org/10.1016/j.mbs.2007.04.007},
}

@Article{LeaCoulson49,
  author = {D. E. Lea and C. A. Coulson},
  title = {The Distribution of the Number of Mutants in Bacterial Populations},
  journal = {Journal of Genetics},
  year = {1949},
  volume = {49},
  number = {3},
  pages = {264--285},
  url = {https://doi.org/10.1007/BF02986080},
}

@Article{LuriaDelbruck43,
  author = {S. E. Luria and M. Delbrück},
  title = {Mutations of Bacteria from Virus Sensitivity to Virus Resistance},
  journal = {Genetics},
  year = {1943},
  volume = {28},
  number = {6},
  pages = {491--511},
  url = {https://www.genetics.org/content/28/6/491},
}

@Article{Maetal92,
  author = {W. T. Ma and G. v. H. Sandri and S. Sarkar},
  title = {Analysis of the {Luria-Delbrück} Distribution Using Discrete Convolution Powers},
  journal = {J. Appl. Probab.},
  year = {1992},
  volume = {29},
  number = {2},
  pages = {255--267},
  url = {https://doi.org/10.1017/S0021900200043023},
}

@Article{RemillardTheodorescu00,
  author = {B. Rémillard and R. Theodorescu},
  title = {Inference Based on the Empirical Probability Generating Function for Mixtures of {P}oisson Distributions},
  journal = {Statist. Decisions},
  year = {2000},
  volume = {18},
  pages = {349--366},
  url = {https://doi.org/10.1524/strm.2000.18.4.349},
}

@Article{RoscheFoster00,
  author = {W. A. Rosche and P. L. Foster},
  title = {Determining Mutation Rates in Bacterial Populations},
  journal = {Methods},
  year = {2000},
  volume = {20},
  number = {1},
  pages = {1--17},
  url = {https://doi.org/10.1006/meth.1999.0901},
}

@Article{Sarkar91,
  author = {S. Sarkar},
  title = {Haldane's Solution of the {Luria-Delbrück} Distribution},
  journal = {Genetics},
  year = {1991},
  volume = {127},
  pages = {257--261},
}

@Article{Stewart91,
  author = {F. M. Stewart},
  title = {Fluctuation Analysis: The Effect of Plating Efficiency},
  journal = {Genetica},
  year = {1991},
  volume = {84},
  number = {1},
  pages = {51--55},
  url = {https://doi.org/10.1007/BF00123984},
}

@Article{Stewartetal90,
  author = {F. M. Stewart and D. M. Gordon and B. R. Levin},
  title = {Fluctuation Analysis: The Probability Distribution of the Number of Mutants under Different Conditions},
  journal = {Genetics},
  year = {1990},
  volume = {124},
  number = {1},
  pages = {175--185},
  url = {https://www.genetics.org/content/124/1/175},
}

@Article{WerngrenHoffner03,
  author = {J. Werngren and S. E. Hoffner},
  title = {Drug Susceptible \textit{{Mycobacterium Tuberculosis  Beijing}} Genotype Does Not Develop Motation-Conferred  Resistance to {Rifampin} at an Elevated Rate},
  journal = {J. Clin. Microbiol.},
  year = {2003},
  volume = {41},
  number = {4},
  pages = {1520--1524},
  url = {https://doi.org/10.1128/jcm.41.4.1520-1524.2003},
}

@Article{Ycart13,
  author = {B. Ycart},
  title = {Fluctuation Analysis: Can Estimates Be Trusted?},
  journal = {PLoS One},
  year = {2013},
  volume = {8},
  number = {12},
  pages = {1--12},
  url = {https://doi.org/10.1371/journal.pone.0080958},
}

@Article{Ycart14,
  author = {B. Ycart},
  title = {Fluctuation Analysis with Cell Deaths},
  journal = {J. Appl. Probab. Statist},
  year = {2014},
  volume = {9},
  number = {1},
  pages = {13--29},
  url = {https://arxiv.org/abs/1207.4375},
}

@Article{YcartVeziris14,
  author = {B. Ycart and N. Veziris},
  title = {Unbiased Estimates of Mutation Rates under  Fluctuating Final Counts},
  journal = {PLoS One},
  year = {2014},
  volume = {9},
  number = {7},
  pages = {1--10},
  url = {https://doi.org/10.1371/journal.pone.0101434},
}

@Article{Zheng02,
  author = {Q. Zheng},
  title = {Statistical and Algorithmic Methods for Fluctuation Analysis  with {SALVADOR} as an Implementation},
  journal = {Math. Biosci.},
  year = {2002},
  volume = {176},
  number = {2},
  pages = {237--252},
  url = {https://doi.org/10.1016/S0025-5564(02)00087-1},
}

@Article{Zheng05,
  author = {Q. Zheng},
  title = {New Algorithms for {Luria-Delbrück}   Fluctuation Analysis},
  journal = {Math. Biosci.},
  year = {2005},
  volume = {196},
  number = {2},
  pages = {198--214},
  url = {https://doi.org/10.1016/j.mbs.2005.03.011},
}
