@article{amenta1992,
   author = {Amenta, Edwin and Carruthers, Bruce G. and Zylan, Yvonne},
   year = {1992},
   title = {A hero for the aged: The {T}ownsend movement, the political mediation model, and {U}nited-{S}tates old-age policy, 1934-1950},
   journal = {American Journal of Sociology},
   volume = {98},
   number = {2},
   pages = {308-339}
}
@article{arvind2010,
   author = {Arvind, T. T. and Stirton, Lindsay},
   year = {2010},
   title = {Explaining the reception of the {C}ode {N}apoleon in {G}ermany: A fuzzy-set qualitative comparative analysis},
   journal = {Legal Studies},
   volume = {30},
   number = {1},
   pages = {1-29}
}
@article{baumgartner2009,
   author = {Baumgartner, Michael},
   year = {2009},
   title = {Inferring Causal Complexity},
   journal = {Sociological Methods \& Research},
   volume = {38},
   number = {1},
   pages = {71-101}
}
@article{chen2011,
   author = {Chen, Hanbo and Boutros, Paul},
   year = {2011},
   title = {VennDiagram: A package for the generation of highly-customizable {V}enn and {E}uler diagrams in {R}},
   journal = {BMC Bioinformatics},
   volume = {12},
   number = {1},
   pages = {35-41}
}
@manual{cronqvist2011,
   author = {Cronqvist, Lasse},
   year = {2011},
   title = {Tosmana, version 1.3.2.0  [computer program]},
   address = {Trier},
   organization = {University of Trier}
}
@book{dusa2007,
   author = {Du\c{s}a, Adrian},
   year = {2007},
   title = {Enhancing {Q}uine-{M}c{C}luskey},
   publisher = {WP 2007-49},
   url = {http://www.compasss.org/files/WPfiles/Dusa2007a.pdf},
   address = {COMPASSS}
}
@article{dusa2010,
   author = {Du\c{s}a, Adrian},
   year = {2010},
   title = {A mathematical approach to the {B}oolean minimization problem},
   journal = {Quality \& Quantity},
   volume = {44},
   number = {1},
   pages = {99-113}
}
@article{eliason2009,
   author = {Eliason, Scott R. and Stryker, Robin},
   year = {2009},
   title = {Goodness-of-fit tests and descriptive measures in fuzzy-set analysis},
   journal = {Sociological Methods \& Research},
   volume = {38},
   number = {1},
   pages = {102-146}
}
@article{evans2008,
   author = {Evans, Anthony John and Aligica, Paul Dragos},
   year = {2008},
   title = {The spread of the flat tax in {E}astern {E}urope},
   journal = {Eastern European Economics},
   volume = {46},
   number = {3},
   pages = {49-67}
}
@article{glaesser2011,
   author = {Glaesser, Judith and Cooper, Barry},
   year = {2011},
   title = {Selectivity and flexibility in the {G}erman secondary school system: A configurational analysis of recent data from the {G}erman socio-economic panel},
   journal = {European Sociological Review},
   volume = {27},
   number = {5},
   pages = {570-585}
}
@article{greckhamer2011,
   author = {Greckhamer, Thomas},
   year = {2011},
   title = {Cross-cultural differences in compensation level and inequality across occupations: A set-theoretic analysis},
   journal = {Organization Studies},
   volume = {32},
   number = {1},
   pages = {85-115}
}
@article{griffin1991,
   author = {Griffin, Larry J. and Botsko, Christopher and Wahl, Ana-Maria and Isaac, Larry W.},
   year = {1991},
   title = {Theoretical generality, case particularity: Qualitative comparative analysis of trade-union growth and decline},
   journal = {International Journal of Comparative Sociology},
   volume = {32},
   number = {1-2},
   pages = {110-136}
}
@article{harkreader1999,
   author = {Harkreader, Steve and Imershein, Allen W.},
   year = {1999},
   title = {The conditions for state action in {F}lorida's health-care market},
   journal = {Journal of Health and Social Behavior},
   volume = {40},
   number = {2},
   pages = {159-174}
}
@book{hohn1966,
   author = {Hohn, Franz E.},
   year = {1966},
   title = {Applied {B}oolean algebra: An elementary introduction},
   edition = {2nd},
   publisher = {Macmillan},
   address = {New York},
}
@manual{huang2011,
    title = {QCA3: Yet another package for qualitative comparative analysis},
    author = {Ronggui Huang},
    year = {2011},
    note = {R package version 0.0-4},
}
@article{krook2010,
   author = {Krook, Mona Lena},
   year = {2010},
   title = {Women's representation in parliament: A qualitative comparative analysis},
   journal = {Political Studies},
   volume = {58},
   number = {5},
   pages = {886-908}
}
@article{longest2008,
   author = {Longest, Kyle C. and Vaisey, Stephen},
   year = {2008},
   title = {fuzzy: A program for performing qualitative comparative analyses ({QCA}) in {S}tata},
   journal = {Stata Journal},
   volume = {8},
   number = {1},
   pages = {79-104}
}
@book{mccluskey1965,
   author = {McCluskey, Edward J.},
   year = {1965},
   title = {Introduction to the theory of switching circuits},
   publisher = {Princeton University Press},
   address = {Princeton}
}
@article{miethe1999,
   author = {Miethe, Terance D. and Drass, Kriss A.},
   year = {1999},
   title = {Exploring the social context of instrumental and expressive homicides: An application of qualitative comparative analysis},
   journal = {Journal of Quantitative Criminology},
   volume = {15},
   number = {1},
   pages = {1-21}
}
@book{ragin1987,
   author = {Ragin, Charles C.},
   year = {1987},
   title = {The comparative method: Moving beyond qualitative and quantitative strategies},
   publisher = {University of California Press},
   address = {Berkeley}
}
@book{ragin2000,
   author = {Ragin, Charles C.},
   year = {2000},
   title = {Fuzzy-set social science},
   publisher = {University of Chicago Press},
   address = {Chicago}
}
@article{ragin2006,
   author = {Ragin, Charles C.},
   year = {2006},
   title = {Set relations in social research: Evaluating their consistency and coverage},
   journal = {Political Analysis},
   volume = {14},
   number = {3},
   pages = {291-310}
}
@book{ragin2008,
   author = {Ragin, Charles C.},
   year = {2008},
   title = {Redesigning social inquiry: Fuzzy sets and beyond},
   publisher = {University of Chicago Press},
   address = {Chicago}
}
@manual{ragindavey2009,
   author = {Ragin, Charles C. and Davey, Sean},
   year = {2009},
   title = {fs/{QCA}, version 2.5 [computer program]},
   organization = {Department of Sociology, University of Arizona},
   address = {Tucson, AZ}
}
@manual{reichert2012,
   author = {Reichert, Christopher and Rubinson, Claude},
   year = {2013},
   title = {Kirq, version 2.1.9 [computer program]},
   organization = {University of Houston-Downtown},
	 address = {Houston, TX}
}
@article{schensul2010,
   author = {Schensul, Jean and Chandran, Devyani and Singh, S. and Berg, Marlene and Singh, Sharad and Gupta, Kamla},
   year = {2010},
   title = {The use of qualitative comparative analysis for critical event research in alcohol and {HIV} in {M}umbai, {I}ndia},
   journal = {AIDS and Behavior},
   volume = {14},
   number = {S1},
   pages = {113-125}
}
@article{schneider2010,
   author = {Schneider, Peter and Sadowski, Dieter},
   year = {2010},
   title = {The impact of new public management instruments on {PhD} education},
   journal = {Higher Education},
   volume = {59},
   number = {5},
   pages = {543-565}
}
@book{schneider2012,
   author = {Schneider, Carsten Q. and Wagemann, Claudius},
   year = {2012},
   title = {Set-theoretic methods for the social sciences: A guide to qualitative comparative analysis ({QCA})},
   publisher = {Cambridge University Press},
   address = {Cambridge},
}
@book{smithson2006,
   author = {Smithson, Michael and Verkuilen, Jay},
   year = {2006},
   title = {Fuzzy set theory: Applications in the social sciences},
   publisher = {SAGE},
   address = {London},
}
@article{thiem2011,
   author = {Thiem, Alrik},
   year = {2011},
   title = {Conditions of intergovernmental armaments cooperation in {W}estern {E}urope, 1996-2006},
   journal = {European Political Science Review},
   volume = {3},
   number = {1},
   pages = {1-33}
}
@book{thiem2012,
   author = {Thiem, Alrik},
   year = {2012},
   title = {Unifying configurational comparative methodology: Generalized-set qualitative comparative analysis},
   publisher = {Working Paper Series, 2012-34},
   url = {http://www.concepts-methods.org},
   address = {IPSA Committee on Concepts \& Methods},
}
@book{thiemdusa2013,
   author = {Thiem, Alrik and Du\c{s}a, Adrian},
   year = {2013},
   title = {Qualitative comparative analysis with {R}: A user's guide},
   publisher = {Springer},
   address = {New York}
}
@article{thiem2013,
   author = {Thiem, Alrik},
   year = {2013},
   title = {Clearly crisp, and not fuzzy: A reassessment of the (putative) pitfalls of multi-value {QCA}},
   journal = {Field Methods},
	 volume = {25},
   number = {2},
   pages = {197-207}
}
@article{vaisey2009,
   author = {Vaisey, Stephen},
   year = {2009},
   title = {{QCA} 3.0: The ``{R}agin revolution'' continues},
   journal = {Contemporary Sociology: A Journal of Reviews},
   volume = {38},
   number = {4},
   pages = {308-312}
}
@article{valliere2008,
   author = {Valliere, Dave and Na, Ni and Wise, Sean},
   year = {2008},
   title = {Prior relationships and {M\&A} exit valuations: A set-theoretic approach},
   journal = {Journal of Private Equity},
   volume = {11},
   number = {2},
   pages = {60-72}
}
@article{verkuilen2005,
   author = {Verkuilen, Jay},
   year = {2005},
   title = {Assigning membership in a fuzzy set analysis},
   journal = {Sociological Methods \& Research},
   volume = {33},
   number = {4},
   pages = {462-496}
}
@article{vink2013,
   author = {Vink, Maarten P. and van Vliet, Olaf},
   year = {2013},
   title = {Potentials and pitfalls of multi-value {QCA}: Response to {T}hiem},
   journal = {Field Methods},
   volume = {25},
   number = {2},
   pages = {208-213}
}
@article{vink2009,
   author = {Vink, Maarten P. and van Vliet, Olaf},
   year = {2009},
   title = {Not quite crisp, not yet fuzzy? {A}ssessing the potentials and pitfalls of multi-value {QCA}},
   journal = {Field Methods},
   volume = {21},
   number = {3},
   pages = {265-289}
}
@article{vis2009,
   author = {Vis, Barbara},
   year = {2009},
   title = {Governments and unpopular social policy reform: Biting the bullet or steering clear?},
   journal = {European Journal of Political Research},
   volume = {48},
   number = {1},
   pages = {31-57}
}
@article{wickhamcrowley1991,
   author = {Wickham-Crowley, Timothy P.},
   year = {1991},
   title = {A qualitative comparative approach to {L}atin {A}merican revolutions},
   journal = {International Journal of Comparative Sociology},
   volume = {32},
   number = {1-2},
   pages = {82-109}
}


