  @book{Gibbons1993,
  author    = {J. D. Gibbons}, 
  title     = {Nonparametric Statistics: An Introduction},
  publisher = {SAGE},
  year      = {1993}
}
  @article{LaFleur2011,
  author = {Bonnie LaFleur and Wooin Lee and Dean Billhiemer and Craig Lockhart and Junmei Liu and Nipun Merchant},
  title = {Statistical methods for assays with limits of detection: Serum bile acid as a differentiator between patients with normal colons, adenomas, and colorectal cancer},
  journal = {Journal of Carcinogenesis},
  year = {2011},
  volume = {10},
  number = {12}
}
  @article{Erceg2008,
  author = {David M. Erceg-Hurn and Vikki M. Mirosevich},
  title = {Modern robust statistical methods: an easy way to maximize the accuracy and power of your research},
  journal = {American Psychologist},
  year = {2008},
  volume = {63},
  pages = {591--601},
  number = {7}
}
 @article{Freidlin2000,
  author = {Boris Freidlin and Joseph L. Gastwirth},
  title = {Should the Median Test be Retired from General Use?},
  journal = {The American Statistician},
  year = {2000},
  volume = {54},
  pages = {161--164},
  number = {3},
  url = {http://www.jstor.org/stable/2685584}
}
  @article{Easterbrook1991,
  author = {P. J. Easterbrook and J. A. Berlin and R. Gopalan and D. R. Matthews},
  title = {Publication bias in clinical research},
  journal = {Lancet},
  year = {1991},
  volume = {337},
  pages = {867--872},
  number = {8746}
}
  @Manual{Canty2016,
    title = {boot: Bootstrap R (S-Plus) Functions},
    author = {Angelo Canty and B. D. Ripley},
    year = {2016},
    note = {R package version 1.3-18},
  }
@article{Higgins1994,
  author = {James J. Higgins and Suleiman Tashtoush},
  title = {An Aligned Rank Transform Test for Interaction},
  journal = {Nonlinear World},
  year = {1994},
  volume = {1},
  pages = {201--211},
  number = {2}
}
@article{Gardner1986,
  author = {Mitch J. Gardner and Donald G. Altman},
  title = {Confidence intervals rather than \textit{p}-values: Estimation rather than hypothesis testing},
  journal = {British Medical Journal},
  year = {1986},
  volume = {292},
  pages = {746--750}
}
@book{Littell1996,
  author    = {Ramon C. Littell and George A. Milliken and Walter W. Stroup and Russell D. Wolfinger}, 
  title     = {{SAS\textsuperscript{\textregistered} System for Mixed Models}},
  publisher = {SAS Institute},
  address = {Cary, NC},
  year      = {1996}
}
  @Article{Fager2012,
    author = {Morten W. Fagerland},
    title = {t-tests, non-parametric tests, and large studies – a paradox of statistical practice?},
    journal = {BMC Medical Research Methodology},
    year = {2012},
    volume = {12},
    pages = {78},
     url = {http://bmcmedresmethodol.biomedcentral.com/articles/10.1186/1471-2288-12-78}
}
@book{Field2012,
  author    = {Andy Field and Jeremy Miles and Zo\¨e Field}, 
  title     = {Discovering Statistics Using R},
  publisher = {SAGE},
  year      = {2012}
}
  @Article{Kloke2012,
    author = {John D. Kloke and Joseph W. McKean},
    title = {Rfit: Rank-based estimation for linear models},
    journal = {The R Journal},
    year = {2012},
    volume = {4},
    number = {2},
    pages = {57--64},
    url = {https://journal.r-project.org/archive/2012-2/RJournal_2012-2_Kloke+McKean.pdf}
  }
@Manual{Feys2015,                                                         
  title ={{npIntFactRep: Nonparametric Interaction Tests for Factorial Designs with Repeated Measures}},                                                             
author = {Jos Feys},    
year = {2015},
note = {R package version 1.5},
url = {https://cran.r-project.org/web/packages/npIntFactRep}
}
  @Article{Died2015,
    author = {Birk Diedenhofen and Jochen Musch},
    title = {cocor: A Comprehensive Solution for the Statistical Comparison of Correlations},
    journal = {PloS ONE},
    year = {2015},
    volume = {10},
    number = {4},
    pages = {1--12},
    url = {http://dx.doi.org/10.1371/journal.pone.0121945},
    publisher = {Public Library of Science}
  }
  @Manual{Nogu2012,                                                         
  title ={{nparLD: Nonparametric Analysis of Longitudinal Data in Factorial Experiments}},                                                             
author = {Kimihiro Noguchi and Mahub Latif and Karthi Thangavelu and Frank Konietschke and Yulia R Gel and Edag Brunner},    
year = {2012},
note = {R package version 2.1},
url = {https://cran.r-project.org/web/packages/nparLD}
}
@inproceedings{Higgins1990,
  author       = {James J. Higgins and R. Clifford Blair and Suleiman Tashtoush},
  title        = {The Aligned Rank Transform Procedure},
  year       = {1990},
  booktitle= {Proceedings of the 1990 Kansas State University Conference on Applied Statistics in Agriculture},
  address       = {Manhattan, Kansas},
  publisher    = {Kansas State University},
  pages        = {185--195},
 url = { http://newprairiepress.org/agstatconference/1990/proceedings/18}
}
@book{Wilcox2012,
  author    = {Rand R. Wilcox}, 
  title     = {Introduction to Robust Estimation and Hypothesis Testing},
  edition = {$3\textsuperscript{rd}$},
  publisher = {Elsevier},
  year      = {2012}
}
  @Article{Akritas1997,
    author = {Michael G. Akritas and Steven F. Arnold and Edgar Brunner},
    title = {A unified approach to rank tests for mixed models},
    journal = {Journal of Statistical Planning and Inference},
    year = {1997},
    volume = {61},
    number = {2},
    pages = {249--277}
}
  @Article{Beasley2009,
    author = {T. Mark Beasley and Bruno D. Zumbo},
    title = {Aligned rank tests for interactions in split-plot designs: Distributional assumptions and stochastic homogeneity},
    journal = {Journal of Modern Applied Statistical Methods},
    year = {2009},
    volume = {8},
    number= {1},
    pages = {16--50},
    url = {http://www.soph.uab.edu/Statgenetics/People/MBeasley/Beasley-Zumbo-AlignedRanks-JMASM-2009.pdf}
}
  @Article{Box1964,
    author = {George Box and David Cox},
    title = {An analysis of transformations},
    journal = {Journal of the Royal Statistical Society. Series B (Methodological)},
    year = {1964},
    volume = {26},
    number= {2},
    pages = {211--252},
    url = {http://fisher.osu.edu/~schroeder.9/AMIS900/Box1964.pdf}
}  @Manual{Mair2015,
    title = {WRS2: A Collection of Robust Statistical Methods},
    author = {Patrick Mair and Rand Wilcox and Felix Schoenbrodt },
    year = {2015},
    note = {R package version 0.4-0},
    url = {https://cran.r-project.org/web/packages/WRS2}
 }
 @book{Hocking1985,
  author    = {Ronald R. Hocking}, 
  title     = {The Analysis of Linear Models},
  publisher = {Brooks/Cole},
  year      = {1985}
}
  @Article{Gao2005,
    author = {Xin Gao and Mayer Alvo},
    title = {A nonparametric test for interaction in two-way layout},
    journal = {The Canadian Journal of Statistics},
    year = {2005},
    volume = {33},
    number= {4},
    pages = {529--543},
    url = {http://onlinelibrary.wiley.com/doi/10.1002/cjs.5550330405/pdf}
}
@book{Howell2013,
  author    = {David C. Howell}, 
  title     = {Statistical Methods for Psychology},
  edition = {$8\textsuperscript{th}$},
  publisher = {Wadsworth},
  year      = {2013},
   url = {https://www.uvm.edu/~dhowell/}
}
@book{Manly2007,
  author    = {Bryan F.J. Manly}, 
  title     = {Randomization, Bootstrap, and Monte Carlo Methods in Biology},
  edition = {$3\textsuperscript{rd}$},
  publisher = {Chapman-Hall},
  year      = {2007}
}
@conference{Hetty2002,
  author       = {Thomas P. Hettmansperger and Ryan Elmore}, 
  title        = {Tests for Interaction in a Two-way layout: Should they be included in a Nonparametrics Course?},
  booktitle    = {Conference Proceedings},
  year         = 2002,
  editor       = {ICOTS},
  volume = 6,
  address      = {Cape Town, South Africa},
  organization = {International Association for Statistical Education}
}
  @Article{Dimi2003,
    author = {Dimiter M. Dimitrov and Phillip D. Rumrill},
    title = {Pretest-posttest designs and measurement of change},
    journal = {Work},
    year = {2003},
    volume = {20},
    number= {2},
    pages = {159--165},
     url = {http://www.ncbi.nlm.nih.gov/pubmed/12671209}
}@Manual{Law2015,                                                         
  title ={{ez: Easy Analysis and Visualization of Factorial Experiments}},                                                             
author = {Michael A. Lawrence},    
year = {2015},
note = {R package version 4.3},
 url = {https://cran.r-project.org/web/packages/ez}
}
@Manual{Kay2015,                                                         
  title ={{ARTool: Aligned Rank Transform for Nonparametric Factorial ANOVAs}},                                                             
author = {Matthew Kay and Jacob O. Wobbrock},    
year = {2015},
note = {R package version 0.9.5},
 url = {https://cran.r-project.org/web/packages/ARTool}
}
@Manual{Quing2015,                                                         
  title ={{StatMethRank: Statistical Methods for Ranking Data}},                                                             
author = {Li Quinglong},    
year = {2015},
note = {R package version 1.3},
 url = {https://cran.r-project.org/web/packages/StatMethRank}
}  @Article{Shah2004,
    author = {Denis A. Shah and Laurence V. Madden},
    title = {Nonparametric analysis of ordinal data in designed factorial experiments},
    journal = {Phytopathology},
    year = {2004},
    volume = {94},
    number= {1},
    pages = {33--43},
     url = {http://apsjournals.apsnet.org/doi/pdf/10.1094/PHYTO.2004.94.1.33}
}
@book{Bona2000,
  author    = {Peter L. Bonate}, 
  title     = {Analysis of Pretest-Posttest Designs},
  publisher = {Chapman-Hall},
  year      = {2000}
}
@Manual{Komsta2011,                                                         
  title ={{outliers: Tests for outliers}},                                                             
author = {Lukasz Komsta},    
year = {2011},
note = {R package version 0.14},
 url = {https://cran.r-project.org/web/packages/outliers}
} 
  @Article{Quade1967,
    author = {Dana Quade},
    title = {Rank analysis of covariance},
    journal = {Journal of the American Statistical Association},
    year = {1967},
    volume = {62},
    number= {320},
    pages = {1187--1200}
}
  @Article{Senn2006,
    author = {Stephen Senn},
    title = {Change from baseline and analysis of covariance revisited},
    journal = {Statistics in Medicine},
    year = {2006},
    volume = {25},
    number= {24},
    pages = {4334--4344},
     url = {http://www.ncbi.nlm.nih.gov/pubmed/16921578}
}
@Manual{Villa2015,                                                         
  title ={{ART: Aligned Rank Transform for Nonparametric Factorial Analysis}},                                                             
author = {Pablo J. Villacorta},    
year = {2015},
note = {R package version 1.0},
url = {https://cran.r-project.org/web/packages/ART}
}
@book{Millik1984,
  author    = {George A. Milliken and Dallas E. Johnson}, 
  title     = {Analysis of Messy Data Vol I: Designed Experiments},
  publisher = {Van Nostrand Reinhold Company},
  year      = 1984
}
@Manual{Kloke2015,                                                         
  title ={{npsm: Package for Nonparametric Statistical Methods using R}},                                                             
author = {John D. Kloke and Joseph W. McKean},    
year = {2015},
note = {R package version 0.5},
url = {https://cran.r-project.org/web/packages/npsm}
}
@book{Kloke2011,
 author = {John D. Kloke and Joseph W. McKean},    
  title     = {Nonparametric Statistical Methods using R},
  publisher = {Chapman-Hall},
  year      = 2011
}

@book{Akritas1997,
author = {M.~G. {Akritas, S.~F. Arnold, and E.~Brunner}},
title = {{A unified approach to rank tests for mixed models}},
publisher = {Journal of Statistical Planning and Inference 61(2):},
pages = {249--277},
year = {1997}
}
@book{Beasley2009,
author = {T.~M. {Beasley and B.~D. Zumbo}},
title = {{Aligned rank tests for interactions in split-plot designs: Distributional assumptions and stochastic homogeneity}},
publisher = {Journal of Modern Applied Statistical Methods 8(1):},
pages = {16--50},
year = {2009},
url = {http://www.soph.uab.edu/Statgenetics/People/MBeasley/Beasley-Zumbo-AlignedRanks-JMASM-2009.pdf}
}
@book{Box1964,
author = {G.~{Box and D.~Cox}},
title = {{An analysis of transformations}},
publisher = {Journal of the Royal Statistical Society Series B(Methodological) 26 (2):    ~schroeder.9/AMIS900/Box.pdf},
pages = {211--252},
year = {1964},
url = {http://fisher.osu.edu/}
}
@book{Canty2016,
author = {A.~{Canty and B.~D. Ripley}},
title = {{boot: Bootstrap R (S-Plus) Functions, }},
publisher = {R package version 1.3-18},
year = {2016}
}
@book{Died2015,
author = {B.~{Diedenhofen and J.~Musch}},
title = {{cocor: A comprehensive solution for the statistical comparison of correlations}},
publisher = {PloS ONE 10 (4):},
pages = {1--12},
year = {2015},
url = {http://dx.doi.org/10.1371/journal.pone.0121945}
}
@book{Dimi2003,
author = {D.~M. {Dimitrov and P.~D. Rumrill}},
title = {{Pretest-posttest designs and measurement of change}},
publisher = {Work 20 (2):},
pages = {159--165},
year = {2003},
url = {http://www.ncbi.nlm.nih.gov/pubmed/12671209}
}
@book{Easterbrook1991,
author = {P.~J. {Easterbrook, J.~A. Berlin, R.~Gopalan, and D.~R. Matthews}},
title = {{Publication bias in clinical research}},
publisher = {Lancet 337 (8746):},
pages = {867--872},
year = {1991}
}
@book{Erceg2008,
author = {D.~M. {Erceg-Hurn and V.~M. Mirosevich}},
title = {{Modern robust statistical methods: an easy way to maximize the accuracy and power of your research}},
publisher = {American Psychologist 63 (7):},
pages = {591--601},
year = {2008}
}
@book{Fager2012,
author = {M.~W. {Fagerland}},
title = {{t-tests, non-parametric tests, and large studies – a paradox of statistical practice?}},
publisher = {BMC Medical Research Methodology 12: 78},
year = {2012},
url = {http://bmcmedresmethodol.biomedcentral.com/articles/10.1186/1471-2288-12-78}
}
@book{Freidlin2000,
author = {B.~{Freidlin and J.~L. Gastwirth}},
title = {{Should the median test be retired from general use?}},
publisher = {The American Statistician 54 (3):},
pages = {161--164},
year = {2000},
url = {http://www.jstor.org/stable/2685584}
}
@book{Gao2005,
author = {X.~{Gao and M.~Alvo}},
title = {{A nonparametric test for interaction in two-way layout}},
publisher = {The Canadian Journal of Statistics 33 (4):},
pages = {529--543},
year = {2005},
url = {http://onlinelibrary.wiley.com/doi/10.1002/cjs.5550330405/pdf}
}
@book{Gibbons1993,
author = {J.~D. {Gibbons}},
title = {{Nonparametric Statistics: An Introduction}},
publisher = {SAGE},
year = {1993}
}
@book{Hocking1985,
author = {R.~R. {Hocking}},
title = {{The Analysis of Linear Models}},
publisher = {Brooks/Cole},
year = {1985}
}
@book{Kloke2012,
author = {J.~D. {Kloke and J.~W. McKean}},
title = {{Rfit: Rank-based estimation for linear models}},
publisher = {The R Journal 4 (2):},
pages = {57--64},
year = {2012},
url = {https://journal.r-project.org/archive/2012-2/RJournal_2012-2_Kloke+McKean.pdf}
}
@book{LaFleur2011,
author = {B.~{LaFleur, W.~Lee, D.~Billhiemer, C.~Lockhart, J.~Liu, and N.~Merchant}},
title = {{Statistical methods for assays with limits of detection: Serum bile acid as a differentiator between patients with normal colons, adenomas, and colorectal cancer}},
publisher = {Journal of Carcinogenesis 10 (12)},
year = {2011}
}
@book{Law2015,
author = {M.~A. {Lawrence}},
title = {{ez: Easy Analysis and Visualization of Factorial Experiments, }},
publisher = {R package version 4.3},
year = {2015},
url = {https://cran.r-project.org/web/packages/ez}
}
@book{Mair2015,
author = {P.~{Mair, R.~Wilcox, and F.~Schoenbrodt}},
title = {{WRS2: A Collection of Robust Statistical Methods, }},
publisher = {R package version 0.4-0},
year = {2015},
url = {https://cran.r-project.org/web/packages/WRS2}
}
@book{Nogu2012,
author = {K.~{Noguchi, M.~Latif, K.~Thangavelu, F.~Konietschke, Y.~R. Gel, and E.~Brunner}},
title = {{nparLD: Nonparametric Analysis of Longitudinal Data in Factorial Experiments, }},
publisher = {R package version 2.1},
year = {2012},
url = {https://cran.r-project.org/web/packages/nparLD}
}
@book{Quade1967,
author = {D.~{Quade}},
title = {{Rank analysis of covariance}},
publisher = {Journal of the American Statistical Association 62(320):},
pages = {1187--1200},
year = {1967}
}
@book{Senn2006,
author = {S.~{Senn}},
title = {{Change from baseline and analysis of covariance revisited}},
publisher = {Statistics in Medicine 25 (24):},
pages = {4334--4344},
year = {2006},
url = {http://www.ncbi.nlm.nih.gov/pubmed/16921578}
}
@book{Shah2004,
author = {D.~A. {Shah and L.~V. Madden}},
title = {{Nonparametric analysis of ordinal data in designed factorial experiments}},
publisher = {Phytopathology 94 (1):},
pages = {33--43},
year = {2004},
url = {http://apsjournals.apsnet.org/doi/pdf/10.1094/PHYTO.2004.94.1.33}
}



