@article{joe1996multivariate,
  title={Multivariate distributions from mixtures of max-infinitely divisible distributions},
  author={Joe, Harry and Hu, Taizhong},
  journal={Journal of multivariate analysis},
  volume={57},
  number={2},
  pages={240--265},
  year={1996},
  publisher={Academic Press},
  url = {https://doi.org/10.1006/jmva.1996.0032}
}

@Manual{gamCopula,
    title = {\pkg{gamCopula}: Generalized Additive Models for Bivariate Conditional Dependence Structures and Vine Copulas},
  author={Thomas Nagler and Thibault Vatter},
    year = {2020},
    note = {\proglang{R} package version 0.0-7},
    url = {https://CRAN.R-project.org/package=gamCopula},
 }
 
@article{vatter2015generalized,
  title={Generalized additive models for conditional dependence structures},
  author={Vatter, Thibault and Chavez-Demoulin, Val{\'e}rie},
  journal={Journal of Multivariate Analysis},
  volume={141},
  pages={147--167},
  year={2015},
  publisher={Elsevier},
  url = {https://doi.org/10.1016/j.jmva.2015.07.003}
}

@Manual{GJRM,
    title = {\pkg{GJRM}: Generalised Joint Regression Modelling},
  author={Giampiero Marra and Rosalba Radice},
    year = {2020},
    note = {\proglang{R} package version 0.2-2},
    url = {https://CRAN.R-project.org/package=GJRM},
 }
 
 @article{marra2017bivariate,
  title={Bivariate copula additive models for location, scale and shape},
  author={Marra, Giampiero and Radice, Rosalba},
  journal={Computational Statistics \& Data Analysis},
  volume={112},
  pages={99--113},
  year={2017},
  publisher={Elsevier},
  url = {https://doi.org/10.1016/j.csda.2017.03.004}
}

 @article{marra2017simultaneous,
  title={A simultaneous equation approach to estimating {HIV} prevalence with nonignorable missing responses},
  author={Marra, Giampiero and Radice, Rosalba and B{\"a}rnighausen, Till and Wood, Simon N and McGovern, Mark E},
  journal={Journal of the American Statistical Association},
  volume={112},
  number={518},
  pages={484--496},
  year={2017},
  publisher={Taylor \& Francis},
  url = {https://doi.org/10.1080/01621459.2016.1224713}
}

 @article{marra2019copula,
  title={Copula Link-Based Additive Models for Right-Censored Event Time Data},
  author={Marra, Giampiero and Radice, Rosalba},
  journal={Journal of the American Statistical Association},
  pages={1--20},
  year={2019},
  publisher={Taylor \& Francis},
  url = {https://doi.org/10.1080/01621459.2019.1593178}
}

@book{sun2007statistical,
  title={The Statistical Analysis of Interval-Censored Failure Time Data},
  author={Sun, Jianguo},
  year={2007},
  publisher={Springer Science \& Business Media},
  url = {https://doi.org/10.1007/0-387-37119-2}
}


@article{henschel2009semiparametric,
  title={A semiparametric Bayesian proportional hazards model for interval censored data with frailty effects},
  author={Henschel, Volkmar and Engel, Jutta and H{\"o}lzel, Dieter and Mansmann, Ulrich},
  journal={BMC medical research methodology},
  volume={9},
  number={1},
  pages={9},
  year={2009},
  publisher={BioMed Central}
}

@Manual{coxme,
    title = {\pkg{coxme}: Mixed Effects Cox Models},
  author={Terry M. Therneau},
    year = {2018},
    note = {\proglang{R} package version 2.2-10},
    url = {https://CRAN.R-project.org/package=coxme},
 }
 
  @Manual{phmm,
    title = {\pkg{phmm}: Proportional Hazards Mixed-effects Models},
    author = {Michael C Donohue and Ronghui Xu},
    year = {2019},
    note = {R package version 0.7-11},
    url = {https://CRAN.R-project.org/package=phmm},
  }

@Manual{Copula.surv,
    title = {\pkg{Copula.surv}: Association Analysis of Bivariate Survival Data Based on Copulas},
  author={Takeshi Emura},
    year = {2018},
    note = {\proglang{R} package version 1.0},
    url = {https://CRAN.R-project.org/package=Copula.surv},
 }

@Manual{Sunclarco,
    title = {\pkg{Sunclarco}: Survival Analysis using Copulas},
  author={Leen Prenen and Roel Braekers and Luc Duchateau and Ewoud De Troyer},
    year = {2017},
    note = {\proglang{R} package version 1.0.0},
    url = {https://CRAN.R-project.org/package=Sunclarco},
 }
 
@article{Sunclarco2017_RSSB,
author = {Prenen, Leen and Braekers, Roel and Duchateau, Luc},
title = {Extending the {Archimedean} Copula Methodology to Model Multivariate Survival Data Grouped in Clusters of Variable Size},
journal = {Journal of the Royal Statistical Society: Series B},
volume = {79},
number = {2},
pages = {483-505},
year = {2017},
url = {https://doi.org/10.1111/rssb.12174}
}
 
 @Manual{surrosurv,
    title = {\pkg{surrosurv}: Evaluation of Failure Time Surrogate Endpoints in Individual Patient Data Meta-Analyses},
  author={Federico Rotolo and Xavier Paoletti and Marc Buyse and Tomasz Burzykowski and Stefan Michiels},
    year = {2019},
    note = {\proglang{R} package version 1.1.25},
    url = {https://CRAN.R-project.org/package=surrosurv},
 }
 
 @article{surrosurv2001_RSSC,
author = {Burzykowski, Tomasz and Molenberghs, Geert and Buyse, Marc and Geys, Helena and Renard, Didier},
title = {Validation of surrogate end points in multiple randomized clinical trials with failure time end points},
journal = {Journal of the Royal Statistical Society: Series C (Applied Statistics)},
volume = {50},
number = {4},
pages = {405-422},
year = {2001}
}

@Manual{VineCopula,
    title = {\pkg{VineCopula}: Statistical Inference of Vine Copulas},
  author={Schepsmeier, Ulf and Stoeber, Jakob and Brechmann, Eike Christian and Graeler, Benedikt and Nagler, Thomas and Erhardt, Tobias and Almeida, Carlos and Min, Aleksey and Czado, Claudia and Hofmann, Mathias and others},
    year = {2018},
    note = {\proglang{R} package version 2.1.8},
    url = {https://CRAN.R-project.org/package=VineCopula},
 }
 
 @article{VineCopula2009,
title = "Pair-Copula Constructions of Multiple Dependence",
journal = "Insurance: Mathematics and Economics",
volume = "44",
number = "2",
pages = "182 - 198",
year = "2009",
author = "Kjersti Aas and Claudia Czado and Arnoldo Frigessi and Henrik Bakken",
url = "https://doi.org/10.1016/j.insmatheco.2007.02.001"
}

@book{nash1990compact,
  title={Compact Numerical Methods for Computers: Linear Algebra and Function Minimisation},
  author={Nash, J.C.},
  year={1990},
  publisher={Taylor \& Francis},
  url = {https://doi.org/10.2307/3314683}
}

 @Manual{R,
     title = {R: A Language and Environment for Statistical Computing},
     author = {{R Core Team}},
     organization = {R Foundation for Statistical Computing},
     address = {Vienna, Austria},
     year = {2019},
     url = {http://www.R-project.org/},
   }

@article{Wen2011Nonparametric,
  title={Nonparametric maximum likelihood analysis of clustered current status data with the gamma-frailty Cox model},
  author={Wen, Chi Chung and Chen, Yi Hau},
  journal={Computational Statistics \& Data Analysis},
  volume={55},
  number={2},
  pages={1053--1060},
  year={2011},
}

@article{HuCaseICopulaPH_2017,
author = {Hu, Tao and Zhou, Qingning and Sun, Jianguo},
title = {Regression analysis of bivariate current status data under the proportional hazards model},
journal = {Canadian Journal of Statistics},
volume = {45},
number = {4},
pages = {410--424},
year = {2017}
}

@book{wienke2010frailty,
  title={Frailty models in survival analysis},
  author={Wienke, Andreas},
  year={2010},
  publisher={Chapman and Hall/CRC}
}

@article{Shih1998A,
  title={A Goodness-of-Fit Test for Association in a Bivariate Survival Model},
  author={Shih, Joanna H.},
  journal={Biometrika},
  volume={85},
  number={1},
  pages={189-200},
  year={1998},
  url = {https://doi.org/10.1093/biomet/85.1.189}
}

@article{Andersen2010A,
  title={A Class of Goodness of Fit Tests for a Copula Based on Bivariate Right-censored Data},
  author={Andersen, Per K and Ekstrom, Claus T and Klein, John P and Shu, Youyi and Zhang, Mei-Jie},
  journal={Biometrical Journal},
  volume={47},
  number={6},
  pages={815-824},
  year={2010},
  url = {https://doi.org/10.1002/bimj.200410163}
}

@article{Emura2010A,
  title={A Goodness-of-fit Test for Archimedean Copula Models in the Presence of Right Censoring},
  author={Emura, Takeshi and Lin, Chien Wei and Wang, Weijing},
  journal={Computational Statistics \& Data Analysis},
  volume={54},
  number={12},
  pages={3033-3043},
  year={2010},
  url = {https://doi.org/10.1016/j.csda.2010.03.013}
}

@Manual{plotly,
    title = {\pkg{plotly} for \proglang{R}},
    author = {Carson Sievert},
    year = {2018},
    note = {\proglang{R} package version 4.8.0},
    url = {https://plotly-book.cpsievert.me},
 }
 
 @Book{Nelson_2006,
   author = {Roger B. Nelsen},
   title = {An Introduction to Copulas},
   publisher = {Springer-Verlag, New York},
   year = {2006},
   url = {https://doi.org/10.1007/0-387-28678-0}
   }

@article{Ali1978A,
  title={A Class of Bivariate Distributions Including the Bivariate Logistic},
  author={Ali, Mir M and Mikhail, N. N and Haq, M. Safiul},
  journal={Journal of Multivariate Analysis},
  volume={8},
  number={3},
  pages={405-412},
  year={1978},
  url = {https://doi.org/10.1016/0047-259X(78)90063-5}
}

@article{Joe1993Parametric,
  title={Parametric Families of Multivariate Distributions with Given Margins},
  author={Joe, H.},
  journal={Journal of Multivariate Analysis},
  volume={46},
  number={2},
  pages={262-282},
  year={1993},
  url = {https://doi.org/10.1006/jmva.1993.1061}
}

@article{Frank1979On,
  title={On the Simultaneous Associativity of F ( x , y ) and x  + y  - F ( x , y )},
  author={Frank, M. J.},
  journal={Aequationes Mathematicae},
  volume={19},
  number={1},
  pages={194-226},
  year={1979},
  url = {https://doi.org/10.1007/BF02189866}
}

  @article{coxph,
	author = "DR Cox",
	title = "Regression Models and Life-Tables",
	volume = "34",
	number = "2",
	pages = "187-220",
	year = "1972",
	journal = "Journal of the Royal Statistical Society: Series B",
	url = {https://www.jstor.org/stable/2985181}
	}
	
@article{Breslow,
 	 author =   "Norman Edward Breslow",
  	 title =    "Discussion of the Paper by {D. R. Cox}",
 	 journal =   "Journal of the Royal Statistical Society: Series B",
 	 volume =   "34",
 	 pages = "216-217",
     year =     "1972",
     url = {https://doi.org/10.2307/1403236}
     }
     
     
   @Book{Hougaard_2000,
   author = {Philip Hougaard},
   title = {Analysis of Multivariate Survival Data},
   publisher = {Springer-Verlag, New York},
   year = {2000},
   url = {https://doi.org/10.1002/sim.938}
   }
   
   @Book{Joe,
   author = "H. Joe",
   title = "Multivariate Models and Multivariate Dependence Concepts",
   publisher = "Chapman \& Hall, London",
   year = "1997",
   url = {https://doi.org/10.1201/9780367803896}
   }
   
   @book{joe2014dependence,
  title={Dependence modeling with copulas},
  author={Joe, Harry},
  year={2014},
  publisher={CRC press},
  url = {https://doi.org/10.1201/b17116}
}
   
   @article{Huster_1989,
 	 author =   "William J. Huster and Ron Brookmeyer and Steven G. Self",
  	 title =    "Modelling Paired Survival Data with Covariates",
 	 journal =   "Biometrics",
 	 volume =   "45",
 	 number = "1",
 	 pages = "145-156",
     year =     "1989",
     url = {https://doi.org/10.2307/2532041}
     }
     
    @article{Sun_Biometrika_2018,
	author = "Tao Sun and Ying Ding",
	title = "Copula-based Semiparametric Regression Method for Bivariate Data under General Interval Censoring",
	journal =   "Biostatistics",
	year = "2019",
    url = {https://doi.org/10.1093/biostatistics/kxz032},
	}
     
	@article{Sun_LIDA_2018,
  title={Copula-based score test for bivariate time-to-event data, with application to a genetic study of {AMD} progression},
  author={Sun, T. and Liu, Y. and Cook, R. J. and Chen, W. and Ding, Y.},
  journal={Lifetime Data Analysis},
  volume={25},
  number={3},
  pages={546--568},
  year={2019},
  publisher={Springer},
  url = {https://doi.org/10.1007/s10985-018-09459-5}
}
	
	
     @article{AMD_prog_1,
 	 author =   "Anand Swaroop and Emily Y. Chew and Goncalo R. Abecasis and others",
  	 title =    "Unraveling a Multifactorial Late-onset Disease: from Genetic Susceptibility to Disease Mechanisms for {Age-related Macular Degeneration}",
 	 journal =   "Annual Review of Genomics and Human Genetics",
 	 volume =   "10",
 	 pages = "19-43",
     year =     "2009",
     url = {https://doi.org/10.1146/annurev.genom.9.081307.164350}
     }
     
      @article{AMD_prog_2,
 	 author =   "N. Congdon and B. O'Colmain and C. C. Klaver and others",
  	 title =    "Causes and prevalence of visual impairment among adults in the United States",
 	 journal =   "Arch Ophthalmology",
 	 volume =   "4",
 	 pages = "477-485",
     year =     "2004"
     }
     
     @article{AMD_prog_3,
 	 author =   "Ying Ding and Yi Liu and Qi Yan and others",
  	 title =    "Bivariate analysis of {Age-Related Macular Degeneration} progression using genetic risk scores",
 	 journal =   "Genetics",
 	 volume =   "206",
 	 pages = "119-133",
     year =     "2017"
     }
     
     @article{Yan_2018,
 	 author =   "Qi Yan and Ying Ding and others",
  	 title =    "Genome-wide analysis of disease progression in {Age-related Macular Degeneration}",
 	 journal =   "Human Molecular Genetics",
 	 volume =   "27",
 	 pages = "929-940",
     year =     "2018"
     }

    @article{AMD_genetic_2013,
	author = "Lars G. Fritsche and Wei Chen and Matthew Schu and others",
	title = "Seven new loci associated with {Age-related Macular Degeneration}",
	volume = "45",
	number = "4",
	pages = "433-439",
	year = "2013",
	journal = "Nature Genetics"
	}
	
    @article{AMD_genetic_2016,
	author = "Lars G. Fritsche and W. IgI and J. N. Bailey and others",
	title = "A large genome-wide association study of {Age-related Macular Degeneration} highlights contributions of rare and common variants",
	volume = "48",
	number = "2",
	pages = "134-143",
	year = "2016",
	journal = "Nature Genetics"
	}
	
    @article{AREDS,
	author = "{\relax AREDS Group}",
	title = "{The Age-Related Eye Disease Study} ({AREDS}): Design Implications. {AREDS} Report No. 1.",
	volume = "20",
	number = "6",
	pages = "573-600",
	year = "1999",
	journal = "Controlled Clinical Trials",
	url = {https://doi.org/10.1016/s0197-2456(99)00031-8}
	}
	
    @article{Turnbull,
	author = "Bruce W. Turnbull",
	title = "The Empirical Distribution Function with Arbitrarily Grouped, Censored and Truncated
Data",
	volume = "38",
	number = "3",
	pages = "290-295",
	year = "1976",
	journal = "Journal of the Royal Statistical Society: Series B"}
	
	@article{ICM,
	author = "P. Groeneboom and J. A. Wellner",
	title = "Information bounds and nonparametric maximum likelihood estimation",
	year = "1992",
	journal = "DMV Seminar Band"}
	
	@article{EM_ICM,
	author = "Jon A. Wellner and Yihui Zhan",
	title = "A hybrid algorithm for computation of the nonparametric maximum likelihood estimator from censored data",
	volume = "92",
	number = "439",
	pages = "945-959",
	year = "1997",
	journal = "Journal of the American Statistical Association"}
	
	@article{univariate_Cox,
	author = "Dianne M. Finkelstein",
	title = "A Proportional Hazards Model for Interval-Censored Failure Time Data",
	volume = "42",
	number = "4",
	pages = "845-854",
	year = "1986",
	journal = "Biometrics"}
	
	@article{univariate_PO_sieve,
	author = "Jian Huang and A. Rossini",
	title = "Sieve Estimation for the Proportional-odds Failure-Time Regression Model with Interval Censoring",
	volume = "92",
	number = "439",
	pages = "960-967",
	year = "1997",
	journal = "Journal of the American Statistical Association"}
	
	@article{univariate_additive_hazards,
title = "Semiparametric additive risks model for interval-censored data",
author = "Donglin Zeng and Jianwen Cai and Yu Shen",
year = "2006",
volume = "16",
pages = "287--302",
journal = "Statistica Sinica",
number = "1"
}

@article{univariate_AFT,
	author = "Daniel Rabinowitz and Anastasios Tsiatis and Jorge Aragon",
	title = "Regression with Interval-Censored Data",
	volume = "82",
	number = "3",
	pages = "501-513",
	year = "1995",
	journal = "Biometrika"}
	
	@article{univariate_linear_transformation,
	author = "Zhigang Zhang and Liuquan Sun and Xingqiu Zhao and Jianguo Sun",
	title = "Regression analysis of interval-censored failure time data with linear transformation models",
	volume = "33",
	number = "1",
	pages = "61-70",
	year = "2005",
	journal = "The Canadian Journal of Statistics"}
	
	@article{univariate_latent_poisson,
	author = "Donglin Zeng and Lu Mao and Danyu Lin",
	title = "Maximum likelihood estimation for semiparametric transformation models with interval-censored data",
	volume = "103",
	number = "2",
	pages = "253-271",
	year = "2016",
	journal = "Biometrika"}
	
	@article{bivariate_npmle_BF,
author = {Rebecca A. Betensky and Dianne M. Finkelstein},
title = {A non-parametric maximum likelihood estimator for bivariate interval censored data},
journal = {Statistics in Medicine},
volume = {18},
pages = {3089-3100},
year  = {1999}
}

	@article{bivariate_npmle_GV,
author = {Robert Gentleman and Alain C. Vandal},
title = {Computational algorithms for censored-data problems using intersection graphs},
journal = {Journal of Computational and Graphical Statistics},
volume = {10},
pages = {403-421},
year  = {2001}
}

	@article{bivariate_npmle_BL,
author = {Kris Bogaerts and Emmanuel Lesaffre},
title = {A new, fast algorithm to find the regions of possible support for bivariate interval-censored data},
journal = {Journal of Computational and Graphical Statistics},
volume = {13},
pages = {330-340},
year  = {2012}
}

@article{bivariate_cox_marginal,
	author = "William B. Goggins and Dianne M. Finkelstein",
	title = "A Proportional Hazards Model for Multivariate Interval-Censored Failure Time Data",
	volume = "56",
	pages = "940-943",
	year = "2000",
	journal = "Biometrics"}
	
	@article{bivariate_robust_sandwich,
	author = "S. W. Guo and D. Y. Lin",
	title = "Regression Analysis of Multivariate Grouped Survival Data",
	volume = "50",
	pages = "632-639",
	year = "1994",
	journal = "Biometrics"}
	
	@article{frailty_oaks,
	author = "David Oakes",
	title = "A Model for Association in Bivariate Survival Data",
	volume = "44",
	number = "3",
	pages = "414-422",
	year = "1982",
	journal = "Journal of the Royal Statistical Society: Series B",
    url = {https://www.jstor.org/stable/2345500}	
	}
	
	@article{frailty_case_I,
	author = "Man Hua Chen and Xingwei Tong and Jianguo Sun",
	title = "A frailty model approach for regression analysis of multivariate current status data",
	volume = "28",
	pages = "3424-3436",
	year = "2009",
	journal = "Statistics in Medicine"}
	
	@article{frailty_case_II_ph,
	author = "Chi Chung Wen and Yi Hau Chen",
	title = "A FRAILTY MODEL APPROACH FOR REGRESSION ANALYSIS OF BIVARIATE INTERVAL-CENSORED SURVIVAL DATA",
	volume = "23",
	pages = "383-408",
	year = "2013",
	journal = "Statistica Sinica"}
	
	@article{frailty_case_II_EM,
	author = "Man Hua Chen and Li Ching Chen and Kuen Hung Lin and Xingwei Tong",
	title = "Analysis of Multivariate Interval Censoring by Diabetic Retinopathy Study",
	volume = "43",
	pages = "1825-1835",
	year = "2014",
	journal = "Communications in Statistics, Simulation and Computation"}
	
	@article{frailty_case_II_transformation_sieve,
	author = "Qingning Zhou and Tao Hu and Jianguo Sun",
	title = "A Sieve Semiparametric Maximum Likelihood Approach for Regression Analysis of Bivariate Interval-Censored Failure Time Data",
	volume = "112",
	number = "518",
	pages = "664-672",
	year = "2017",
	journal = "Journal of the American Statistical Association",
	url = {https://doi.org/10.1080/01621459.2016.1158113}
	}
	
	@article{frailty_case_II_transformation_NPMLE,
	author = "Donglin Zeng and Fei Gao and Danyu Lin",
	title = "Maximum Likelihood Estimation for Semiparametric Regression Models with Multivariate Interval-censored Data",
	volume = "104",
	number = "3",
	pages = "505-525",
	year = "2017",
	journal = "Biometrika"}
	
	@article{copula_case_I_ph,
	author = "Lianming Wang and Jianguo Sun and Xingwei Tong",
	title = "Efficient estimation for the proportional hazards model with bivariate current status data",
	volume = "14",
	pages = "134-153",
	year = "2008",
	journal = "Lifetime Data Analysis"}
	
	@article{copula_case_I_ph_piecewise,
	author = "Richard J. Cook and David Tolusso",
	title = "Second-order estimating equations for the analysis of clustered current status data",
	volume = "10",
         number = "4",
	pages = "756-772",
	year = "2009",
	journal = "Biostatistics"}
	
	@article{copula_case_II_ph_pw,
	author = "Chew Teng Kor and Kuang Fu Cheng and Yi Hau Chen",
	title = "A method for analyzing clustered interval-censored data based on {Cox} model",
	volume = "32",
	pages = "822-832",
	year = "2013",
	journal = "Statistics in Medicine"}
	
	@PhdThesis{two_param,
 	 author       = {Zhen Chen},
 	 title        = {A Flexible Copula Model for Bivariate Survival Data},
 	 school       = {University of Rochester},
 	 year         = "2012"
	}
	
	@PhdThesis{copula_RC,
 	 author       = {Yi Liu},
 	 title        = {Novel Single and Gene-based Test Procedures for Large-scale Bivariate Time-to-event Data},
 	 school       = {University of Pittsburgh},
 	 year         = "2017"
	}
	
	@article{copula_case_II_ph_piecewise,
	author = "Chew-Teng Kor and Kuang-Fu Cheng and and Yi-Hau Chen",
	title = "A method for analyzing clustered interval-censored data based on {Cox} model",
	volume = "32",
	pages = "822-832",
	year = "2013",
	journal = "Statistics in Medicine"}
	
	@article{sklar,
	author = "Abe Sklar",
	title = " Fonctions de r{\'e}partition {\`a} n dimensions et leurs marges",
	volume ="8",
	pages = "229-231",
	year = "1959",
	journal = "Publications de l'Institut de Statistique de l'Universit{\'e} de Paris",
	url = {https://doi.org/10.12691/ijefm-3-2-3}
	}
	
	 @article{clayton,
	author = "D. G. Clayton",
	title = "A Model for Association in Bivariate Life Tables and Application in Epidemiological
Studies of Familial Tendency in Chronic Disease Incidence",
	volume = "65",         
	number = "1",
	pages = "141-151",
	year = "1978",
	journal = "Biometrika",
	url = {https://doi.org/10.2307/2335289}
	}
	
	@article{gumbel,
	author = "E. J. Gumbel",
	title = "Bivariate Exponential Distributions",
	volume = "55",         
	number = "292",
	pages = "698-707",
	year = "1960",
	journal = "Journal of the American Statistical Association",
	url = {https://doi.org/10.2307/2281591}
	}
	
	@article{copula_vs_frailty,
	author = "Klara Goethals and Paul Janssen and Luc Duchateau",
	title = "Frailty models and copulas: similarities and differences",
	volume = "35",         
	number = "9",
	pages = "1071-1079",
	year = "2008",
	journal = "Journal of Applied Statistics"}
	
	@article{copula_vs_frailty_wrong1,
	author = "A. K. Manatunga and D. Oakes",
	title = "Parametric analysis for matched pair survival data",
	volume = "5",         
	pages = "371-387",
	year = "1999",
	journal = "Lifetime Data Analysis"}
	
	@article{copula_vs_frailty_wrong2,
	author = "B. Viswanathan and A. K. Manatunga",
	title = "Diagnostic plots for assessing the frailty distribution in multivariate survival
data",
	volume = "7",         
	pages = "143-155",
	year = "2001",
	journal = "Lifetime Data Analysis"}
	
	@article{copula_vs_frailty_wrong3,
	author = "E. W. Andersen",
	title = "Two-stage estimation in copula models used in family studies",
	volume = "11",         
	pages = "333-350",
	year = "2005",
	journal = "Lifetime Data Analysis"}
	
	@article{two_stage_right_censor,
 	author =    "Joanna H. Shih and Thomas A. Louis",
    journal =   "Biometrics",
    title =     "Inferences on the association parameter in copula models for bivariate survival data",
    year =      "1995",
    volume =    "51",
    number =    "4",
    pages =     "1384-1399"}
    
    @article{two_stage_interval_censor,
 	author =    "Liuquan Sun and Lianming Wang and Jianguo Sun",
    journal =   "Scandinavian Journal of Statistics",
    title =     "Estimation of the Association for Bivariate Interval-Censored Failure Time Data",
    year =      "2006",
    volume =    "33",
    number =    "4",
    pages =     "637-649"}
    
    @Book{Richardson,
   author = "George Lindfield and others",
   title = "Microcomputers in Numerical Analysis",
   publisher = "Halsted Press",
   year = "1989",
   url = {https://doi.org/10.1112/S002557930001319X}
   }
   
       @Book{theoretical_stat,
   author = "D. R. Cox and D. V. Hinkley",
   title = "Theoretical Statistics",
   publisher = "Chapman and Hall/CRC",
   year = "1979",
   url = {https://doi.org/10.1201/b14832}
   }
   
       @article{simulate_IC,
 	author =    "Kaveh Kiani and Jayanthi Arasan",
    journal =   "International Journal of Modern Physics",
    title =     "SIMULATION OF INTERVAL-CENSORED DATA IN MEDICAL AND BIOLOGICAL STUDIES",
    year =      "2012",
    volume =    "9",
    pages =     "112-118"}

    @article{transform_model_1,
 	author =    "S. C. Cheng and L. J. Wei and Z. Ying",
    journal =   "Biometrika",
    title =     "Analysis of Transformation Models with Censored Data",
    year =      "1995",
    volume =    "82",
    number =    "4",
    pages =     "835-845"}
    
    @article{transform_model_2,
 	author =    "J. P. Fine and Z. Ying and L. J. Wei",
    journal =   "Biometrika",
    title =     "On the Linear Transformation Model for Censored Data",
    year =      "1998",
    volume =    "85",
    number =    "4",
    pages =     "980-986"}
    
    @article{transform_gamma_frailty,
 	author =    "Donglin Zeng and Qingxia Chen and Joseph G. Ibrahim",
    journal =   "Biometrika",
    title =     "Gamma frailty transformation models for multivariate survival times",
    year =      "2009",
    volume =    "96",
    number =    "2",
    pages =     "277-291"}
    
    @article{marginal_approach_1,
	author = "L. J. Wei and Danyu Lin and Lisa Weissfeld",
	title = "Regression Analysis of Multivariate Incomplete Failure Time Data by Modeling Marginal Distributions",
	volume = "84",
	number = "408",
	pages = "1065-1073",
	year = "1989",
	journal = "Journal of the American Statistical Association",
    url = {https://doi.org/10.2307/2290084}	 
	 }
	
	@article{marginal_approach_2,
	author = "D. Y. Lin",
	title = "Cox regression analysis of multivariate failure time data: the marginal approach",
	volume = "13",
	number = "21",
	pages = "2233-2247",
	year = "1994",
	journal = "Statistics in Medicine" }
	
	@article{LocusZoom,
	author = "R. J. Pruim and R. P. Welch and S. Sanna and others",
	title = "LocusZoom: Regional visualization of genome-wide association scan results",
	volume = "26",
	number = "18",
	pages = "2336-2337",
	year = "2010",
	journal = "Bioinformatics"}
	
	@Inbook{AIC,
        author="Akaike, Hirotogu",
        title="Information Theory and an Extension of the Maximum Likelihood Principle",
        bookTitle="Selected Papers of Hirotugu Akaike",
	volume = "122",
	pages = "477-485",
        year="1998",
        publisher="Springer New York",
        }
        
        @article{BIC,
	author = "Gideon Schwarz",
	title = "Estimating the Dimension of a Model",
	volume = "6",
	pages = "461-464",
	year = "1978",
	journal = "Annals of Statistics"}
	
	 @article{Wang_selection_2000,
 	 author =   "Weijing Wang and Martin T. Wells",
   	 title =    "Model Selection and Semiparametric Inference for Bivariate Failure-Time Data",
 	 journal = "Journal of the American Statistical Association",
 	 volume =   "95",
         year =     "2000",
        pages =    "62-723"}
     
     
	@article{Wang2010_copula_diag,
	author = "Antai. Wang",
	title = "Goodness-of-fit Tests for {Archimedean} Copula Models",
	volume = "20",
	pages = "441-453",
	year = "2010",
	journal = "Statistica Sinica",
	url = {https://www.jstor.org/stable/24309000}
	}
	
	
	 @article{Chen_selection_2010,
 	 author =   "Xiaohong Chen and Yanqing Fan and Demian Pouzo and Zhiliang Ying",
   	 title =    "Estimation and model selection of semiparametric multivariate survival functions under general censorship",
 	 journal = "Journal of Econometrics",
 	 volume =   "157(2)",
          year =     "2010",
         pages =    "129-142"}
         
         @article{Zhang2016_PIOS,
          title = "Goodness-of-fit test for specification of semiparametric copula dependence models",
          author = "Shulin Zhang and Ostap Okhrin and Zhou, {Qian M.} and Song, {Peter X.K.}",
          year = "2016",
          volume = "193",
          pages = "215-233",
          journal = "Journal of Econometrics",
          }
         
          @phdthesis{Mei2016_PIOS,
 	 author       = {Moyan Mei},
 	 title        = {A Goodness-of-fit Test for Semi-parametric Copula Models of Right-Censored Bivariate Survival Times},
 	 school       = {Simon Fraser University},
 	 year         = "2016"
	}
	
	@article {score_robust,
	author = {Guo, Xu and Pan, Wei and Connett, John E. and Hannan, Peter J. and French, Simone A.},
	title = {Small-sample performance of the robust score test and its modifications in generalized estimating equations},
	journal = {Statistics in Medicine},
	volume = {24},
	pages = {3479-3495},
	year = {2005},
}
    
    	@article {shen_wong,
	author = {Shen, Xiaotong and Wong, Wing Hung},
	title = {Convergence rate of sieve estimates},
	journal = {The Annals of Statistics},
	volume = {22},
	pages = {580-615},
	year = {1994},
}

    	@article {wen_chen2013,
	author = {Wen, Chi-Chung and Chen, Yi-Hau},
	title = {A frailty model approach for regression analysis of bivariate interval-censored survival data},
	journal = {Statistica Sinica},
	volume = {23},
	pages = {383-408},
	year = {2013},
}

    
   @Book{van_Wellner1996,
   author = "van der Vaart, Aad W. and Wellner, Jon A.",
   title = "Weak Convergence and Empirical Processes",
   publisher = "Springer",
   year = "1996"
   }
   
    @Book{lorentz1986,
   author = "Lorentz, George G.",
   title = "Bernstein Polynomials",
   publisher = "Chelsea Publishing Company",
   year = "1986"
   }
    
     @article {wellner_zhang2007,
	author = {Wellner, Jon A. and Zhang, Ying},
	title = {Two likelihood-based semiparametric estimation methods for panel count data with covariates},
	journal = {The Annals of Statistics},
	volume = {35},
	pages = {2106-2142},
	year = {2007},
}

     @article {ding2011,
	author = {Ding, Ying and Nan, Bin},
	title = {A sieve M-theorem for bundled parameters in semiparametric models, with application to the efficient estimation in a linear model for censored data},
	journal = {The Annals of Statistics},
	volume = {39},
	pages = {3032-3061},
	year = {2011},
}

@Manual{survival,
  title = {\pkg{survival}: A Package for Survival Analysis in \proglang{S}},
  author = {Therneau, Terry M.},
  year = {2018}, 
  note = {\proglang{R} package version 2.43-3},
  url = {https://CRAN.R-project.org/package=survival},
}

@article{parfm,
   author = {Marco Munda and Federico Rotolo and Catherine Legrand},
   title = {\pkg{parfm}: Parametric Frailty Models in \proglang{R}},
   journal = {Journal of Statistical Software},
   volume = {51},
   number = {11},
   year = {2012},
   pages = {1--20},
   url = {https://doi.org/10.18637/jss.v051.i11},
}

@article{frailtypack,
   author = {Virginie Rondeau and Yassin Marzroui and Juan Gonzalez},
   title = {\pkg{frailtypack}: An \proglang{R} Package for the Analysis of Correlated Survival Data with Frailty Models Using Penalized Likelihood Estimation or Parametrical Estimation},
   journal = {Journal of Statistical Software},
   volume = {47},
   number = {4},
   year = {2012},
   pages = {1--28},
   url = {https://doi.org/10.18637/jss.v047.i04},
}

@article{icenReg,
   author = {Clifford Anderson-Bergman},
   title = {\pkg{icenReg}: Regression Models for Interval Censored Data in \proglang{R}},
   journal = {Journal of Statistical Software},
   volume = {81},
   number = {12},
   year = {2017},
   pages = {1--23},
   url = {https://doi.org/10.18637/jss.v081.i12},
}
    
 @Manual{ICsurv,
  title = {\pkg{ICsurv}: A package for semiparametric regression analysis of
interval-censored data},
  author = {McMahan, Christopher S. and Wang, Lianming},
  year = {2014}, 
  note = {\proglang{R} package version 1.0},
  url = {https://cran.r-project.org/web/packages/ICsurv/},
}
    
   @Manual{copula,
    title = {\pkg{copula}: Multivariate Dependence with Copulas},
    author = {Marius Hofert and Ivan Kojadinovic and Martin Maechler
      and Jun Yan},
    year = {2018},
    note = {R package version 0.999-19},
    url = {https://CRAN.R-project.org/package=copula},
  }
  
@article{copula_2007,
   author = {Jun Yan},
   title = {Enjoy the Joy of Copulas: With a Package copula},
   journal = {Journal of Statistical Software},
   volume = {21},
   number = {4},
   year = {2007},
   pages = {1--21},
   url = {https://doi.org/10.18637/jss.v021.i04},
}
    
    
 @article{copula_2010,
   author = {Ivan Kojadinovic and Jun Yan},
   title = {Modeling Multivariate Distributions with Continuous Margins Using the copula \proglang{R} Package},
   journal = {Journal of Statistical Software},
   volume = {34},
   number = {9},
   year = {2010},
   pages = {1--20},
   url = {https://doi.org/10.18637/jss.v034.i09},
}


@article{gcmr,
   author = {Guido Masarotto and Cristiano Varin},
   title = {Gaussian Copula Regression in \proglang{R}},
   journal = {Journal of Statistical Software},
   volume = {77},
   number = {8},
   year = {2017},
   pages = {1--26},
   url = {https://doi.org/10.18637/jss.v077.i08},
}
    
    
 @Manual{CopulaRegression,
  title = {Bivariate Copula Based Regression Models},
  author = {Nicole Kraemer, Daniel Silvestrini},
  year = {2014}, 
  note = {\proglang{R} package version 0.1-5},
  url = {https://cran.r-project.org/web/packages/CopulaRegression/},
}
   
     
   
    
    
    
    	
			
		
